name,Price Per Unit,Price Per Measure,Promotion
Cow & Gate 2 Follow On Baby Milk Formula,Cow & Gate 2 Fo…800g,£10.50,£1.31 per 100g,
Organix Choco Orange Soft Oaty Bars 12+ Months,Organix Choco Ora…6 x 30g,£3.00,£1.67 per 100g,
Organix Apple Rice Cake Clouds Multipack ,Organix Apple R…4 x 18g,£2.80,£3.89 per 100g,
Aptamil 2 Follow On Baby Milk Formula  ,Aptamil 2 Fol…800g,£14.50,£1.81 per 100g,
Organix Strawberry & Apple Soft Oaty Bars 12+ Months ,Organix Strawbe…6 x 30g,£3.00,£1.67 per 100g,
Organix Jammie Monsters Organic Jam Toddler Snack Biscuits Multipack,Organix Jammi…8 x 8g,£2.80,£4.38 per 100g,
 Organix Raspberry & Apple Soft Oaty Bars 12+ Months , Organix Raspbe…180g,£3.00,£1.67 per 100g,
Organix Carrot Cake Soft Oaty Bars 12+ Months ,Organix Carrot Ca…180g,£3.00,£1.67 per 100g,
Organix Cocoa & Vanilla Gruffalo Biscuits 12+ Months,Organix Cocoa &…5 x 20g,£2.80,£2.80 per 100g,
Organix Goodies Gingerbread Men Biscuits,Organix Goodies…135g,£2.30,£1.70 per 100g,
Organix Mini Organic Cheese Crackers Toddler Snack Multipack,Organix Mini Or…80g,£2.20,£2.75 per 100g,
Organix Banana Organic Soft Oat Snack Bars Multipack,Organix Banana…6 x 30g,£3.00,£1.67 per 100g,
Organix Apple & Orange Soft Oaty Bars 12+ Months,Organix Apple & Ora…180g,£3.00,£1.67 per 100g,
Vaseline Petroleum Jelly,Vaseline Petroleum Jelly100ml,£2.00,£2.00 per 100ml,
Cussons Antibacterial Carex Protects Moisture Plus Hand Gel,Cussons Antibacte…50ml,£1.00,£2.00 per 100ml,"Offer price £1, was £1.25"
Peppa Pig Strawberry Fromage Frais,Peppa Pig Strawbe…6 x 45g,£1.00,37p per 100g,
Morrisons Kids 2 In 1 Strawberry Shampoo & Conditioner,Morrisons Kids…250ml,£1.00,40p per 100ml,
Aptamil Pre-Measured Tabs 2 Follow On Milk 6-12 Months 24 Sachets,Aptamil Pre-Measured Tabs 2 Follow On…576g,£14.50,£2.52 per 100g,
Bio-Oil Skincare Oil  Helps Improve the Appearance of Scars & Stretch Marks,Bio-Oil Skincare Oil  Helps Improve the Appea…60ml,£10,£16.67 per 100ml,
Cow & Gate 3 Growing Up Milk Formula Multipack,Cow & Gate 3 Growing Up Milk Formula Multipack15 x 200ml,£8.55,28.5p per 100ml,
Cow & Gate Follow On Milk,Cow & Gate Follow On Milk2 x 600g,£12.50,£1.04 per 100g,
Organix Animal Biscuits,Organix Animal Biscuits100g,£2,£2.00 per 100g,
Organix Apple Rice Cake Clouds,Organix Apple Rice Cake Clouds40g,£1.40,£3.50 per 100g,
	Heinz By Nature Sweet & Sour Chicken Baby Food Jar 7+ Month,	Heinz By Nature Sweet & Sour Chick…200g,£1.10,55p per 100g,Buy 5 for £4
	Heinz By Nature Sweet Potato & Lean Beef Hotpot Baby Food Tray 1+ Yea,	Heinz By Nature Sweet Potato…230g,£1.70,73.9p per 100g,
	Heinz Chicken & Sweetcorn Risotto Baby Food Tray 1+ Ye,	Heinz Chicken & Sweetcorn Riso…230g,£1.70,73.9p per 100g,
	Heinz Sweet & Sour Chicken Baby Food Pouch 10+ Month,	Heinz Sweet & Sour Chicken B…180g,£1.90,£1.06 per 100g,Buy 2 for £3
	Heinz Sweet & Sour Chicken Baby Food Tray 1+ Yea,	Heinz Sweet & Sour Chicken…230g,£1.70,73.9p per 100g,
	Heinz Tomato Mozzarella Pasta Shells Baby Food Tray 1+ Yea,	Heinz Tomato Mozzarella Pasta Sh…230g,£1.70,73.9p per 100g,
Abidec Kid Multivitamin Syrup - Food Supplement Suitable for Kids Aged 1-5 ,Abidec Kid Multivitamin Syrup - Food Suppleme…150ml,£4.50,£3.00 per 100ml,
Always Dailies Extra Protect Panty Liners Long Plus 24 liners,Always Dailies Extra Protect Panty…24 per pack,£1.90,7.9p each,Buy 2 for £3.50
Always Dailies Extra Protect Panty Liners Long Plus 44 liners,Always Dailies Extra Protect Panty…44 per pack,£1.75,4p each,
Always Dailies Fresh and Protect Panty Liners Normal,Always Dailies Fresh and Prot…32 per pack,£2,6.3p each,Buy 2 for £3.50
Always Discreet Incontinence Liners Long For Sensitive Bladder 20 pack,Always Discreet Incontinence…20 per pack,£2.25,11.3p each,Buy 2 for £4
Always Discreet Incontinence Liners Normal For Sensitive Bladder 24 pack,Always Discreet Incontinence Li…24 per pack,£2.25,9.4p each,Buy 2 for £4
Always Discreet Incontinence Pads+ Long for Sensitive Bladder 10 pack,Always Discreet Incontinence…10 per pack,£2.75,27.5p each,Buy 2 for £5
Always Discreet Incontinence Pads+ Long For Sensitive Bladder 20 pack,Always Discreet Incontinence…20 per pack,£4.70,23.5p each,Buy 2 for £9
Always Discreet Incontinence Pads+ Long Plus Sensitive Bladder 8 pack,Always Discreet Incontinence…8 per pack,£2.75,34.4p each,Buy 2 for £5
Always Discreet Incontinence Pads Normal For Sensitive Bladder 24 pack,Always Discreet Incontinence…24 per pack,£4.70,19.6p each,Buy 2 for £9
Always Discreet Incontinence Pads Small for Sensitive Bladder 20 pack,Always Discreet Incontinence…20 per pack,£2.75,13.8p each,Buy 2 for £5
Always Discreet Underwear Incontinence Pants Normal Large 10 pack,Always Discreet Underwear I…10 per pack,£9,90p each,
Always Discreet Underwear Incontinence Pants Normal Medium 12 pack,Always Discreet Underwear I…12 per pack,£9,75p each,
Always Discreet Underwear Incontinence Pants Plus Large 8 pack,Always Discreet Underwear Incontine…8 per pack,£9,£1.13 each,
Always Discreet Underwear Incontinence Pants Plus M 9 pack,Always Discreet Underwear Inconti…9 per pack,£9,£1.00 each,
Always Sensitive Normal Ultra (Size 1) Sanitary Towels Wings 14 pads,Always Sensitive Normal Ultra (Size 1)…14 per pack,£1,7.1p each,
Always Ultra Normal (Size 1) Sanitary Towels Wings 26 pads,Always Ultra Normal (Size 1) Sani…2 x 13 per pack,£3.40,13.1p each,Buy 2 for £5.50
Angelcare Nappy Disposal Bin System,Angelcare Nappy Disposal Bin System,£20,£20.00 each,
Angelcare Refill Cassettes,Angelcare Refill Cassettes3 per pack,£20,£6.67 each,
"Angelcare Refill Cassettes, Multipack","Angelcare Refill Cassettes, Multipack6 per pack",£30,£5.00 each,
"Angelcare Soft Touch Baby Bath Support, Aqua","Angelcare Soft Touch Baby Bath Support, Aqua",£28,£28.00 each,
"Annabel Karmel Chicken,Tomato & Mascarpone Pasta ","Annabel Karmel Chicken,Toma…200g",£1.79,89.5p per 100g,"Offer price £1.79, was £2"
Annabel Karmel Scrummy Cottage Pie with Hidden Veggies ,Annabel Karmel Scrummy Cottage…200g,£1.79,£8.95 per kg,"Offer price £1.79, was £2"
Annabel Karmel Tasty Spaghetti Bolognese with Hidden Veggies ,Annabel Karmel Tasty Spaghetti Bolo…200g,£1.79,£8.95 per kg,"Offer price £1.79, was £2"
Aptamil 1 First Baby Milk Formula From Birth,Aptamil 1 First Baby Milk Formula From Birth1L,£5.25,52.5p per 100ml,
Aptamil 1 First Baby Milk Formula From Birth ,Aptamil 1 First Baby Milk Formula From Birth 800g,£14.50,£1.81 per 100g,
Aptamil 1 First Baby Milk Formula Starter Pack From Birth,Aptamil 1 First Baby Milk Formula…6 x 70ml,£9,£2.14 per 100ml,
Aptamil 1 First Infant Milk Ready To Feed ,Aptamil 1 First Infant Milk Ready To Feed 200ml,£1.20,60p per 100ml,
Aptamil 2 Follow On Baby Milk Formula  ,Aptamil 2 Follow On Baby Milk Formula  800g,£14.50,£1.81 per 100g,
Aptamil 2 Follow On Milk Ready to Feed ,Aptamil 2 Follow On Milk Ready to Feed 200ml,£1.20,60p per 100ml,
Aptamil 6-12 Months Follow On Milk Bag-In-Box,Aptamil 6-12 Months Follo…1.2kg,£16,£1.33 per 100g,
Aptamil Advanced 1 From Birth First Infant Milk Formula,Aptamil Advanced 1 From Birth F…800g,£19,£2.38 per 100g,
Aptamil Advanced 2 6-12 Months Follow On Milk Formula,Aptamil Advanced 2 6-12 Month…800ml,£19,£2.38 per 100ml,
Aptamil Advanced 3 1-3 Years Toddler Milk Formula,Aptamil Advanced 3 1-3 Year…800g,£19,£2.38 per 100g,
Aptamil Anti - Reflux Baby Formula From Birth,Aptamil Anti - Reflux Baby Formula From Birth800g,£18,£2.25 per 100g,
Aptamil Apple & Plum Muesli ,Aptamil Apple & Plum Muesli 275g,£3.80,£1.38 per 100g,
Aptamil Comfort Baby Milk Formula From Birth ,Aptamil Comfort Baby Milk Formula From Birth 800g,£18,£2.25 per 100g,
Aptamil Creamed Banana Porridge,Aptamil Creamed Banana Porridge125g,£3,£2.40 per 100g,
 Aptamil Creamed Porridge Cereals , Aptamil Creamed Porridge Cereals 125g,£3,£2.40 per 100g,
Aptamil Growing Up Milk,Aptamil Growing Up Milk15 x 200ml,£11.09,37p per 100ml,
Aptamil Hungry Baby Milk Formula From Birth ,Aptamil Hungry Baby Milk Formula From Birth 800g,£14.50,£1.81 per 100g,
 Aptamil Multigrain Banana & Berry Cereals, Aptamil Multigrain Banana & Berry Cereals200g,£3.75,£1.88 per 100g,
Aptamil Multigrain Cereals,Aptamil Multigrain Cereals200g,£3.75,£1.88 per 100g,
Aptamil Organic 1 0-6 Months Infant Milk,Aptamil Organic 1 0-6 Months Infant Milk200ml,£1.05,52.5p per 100ml,
Aptamil Organic Baby Rice,Aptamil Organic Baby Rice100g,£2.50,£2.50 per 100g,
Aptamil Organic Banana & Strawberry Porridge 6 Months+ ,Aptamil Organic Banana & Strawb…180g,£3.75,£2.08 per 100g,
Aptamil Organic First Infant Milk,Aptamil Organic First Infant Milk800g,£15.75,£1.97 per 100g,
Aptamil Organic Follow On Milk,Aptamil Organic Follow On Milk800g,£15.75,£1.97 per 100g,
Aptamil Organic Growing Up Milk,Aptamil Organic Growing Up Milk800g,£15.75,£1.97 per 100g,
Aptamil Organic Seven Grain Cereal 7 Months+ ,Aptamil Organic Seven Grain Cereal 7 Months+ 180g,£3.50,£1.94 per 100g,
Aptamil Pre-Measured Tabs 1 First Infant Milk 24 Sachets ,Aptamil Pre-Measured Tabs 1 First…552g,£14.50,£2.63 per 100g,
Aptamil Pre-Measured Tabs 2 Follow On Milk 6-12 Months 24 Sachets,Aptamil Pre-Measured Tabs 2 Follow On…576g,£14.50,£2.52 per 100g,
Aptamil ProFutura 1 First Baby Milk Formula From Birth,Aptamil ProFutura 1 First Baby…200ml,£1.45,72.5p per 100ml,
Aptamil ProFutura 2 Follow On Baby Milk Formula,Aptamil ProFutura 2 Follo…200ml,£1.45,72.5p per 100ml,
Aptamil Profutura First Infant Milk Starter Pack  ,Aptamil Profutura First Infant Milk Starter Pack  6 x 70ml,£12,£2.86 per 100ml,
Aptamil Ready To Drink 2 6-12 Months Follow On Milk ,Aptamil Ready To Drink 2 6-12…6 x 200ml,£6.75,56.3p per 100ml,
Aptamil Ready To Feed 1 From Birth First Infant Milk,Aptamil Ready To Feed 1 From Birth First Infant Milk6 x 200ml,£6.75,56.3p per 100ml,
Aptamil Toddler Milk ,Aptamil Toddler Milk 800g,£14.50,£1.81 per 100g,
 Aptamil Toddler Milk 1-2 Yrs, Aptamil Toddler Milk 1-2 Yrs200ml,£1.05,52.5p per 100ml,
Aptamil Toddler Milk 1 Yr ,Aptamil Toddler Milk 1 Yr 1L,£4.25,42.5p per 100ml,
Aptamil Toddler Milk 3 1-2 Years,Aptamil Toddler Milk 3 1-2 Years800g,£14.50,£1.81 per 100g,
"Aquafresh Baby Toothpaste Milk Teeth 0-2 Years,",Aquafresh Baby Toothpaste…50ml,£1.70,£3.40 per 100ml,
Aquafresh Kids Big Teeth Mouthwash Fruity Flavour 6-8 Years,Aquafresh Kids Big Teeth Mouthwas…300ml,£1.20,40p per 100ml,"Offer price £1.20, was £2"
Aquafresh Kids Big Teeth Toothbrush 6-8 Years,Aquafresh Kids Big Teeth Toothbrush 6-8 Years,£1.50,,"Offer price £1.50, was £2"
Aquafresh Little Teeth 3-5 years Soft Bristles Kids Toothbrush,Aquafresh Little Teeth 3-5 years So…,£1.50,,"Offer price £1.50, was £2"
Ashton & Parsons Teething Gel 3+ Months 10Ml,Ashton & Parsons Teethi…10ml,£5.75,£57.50 per 100ml,
Ashton & Parsons Teething Powders For Teething Pain Relief ,Ashton & Parsons Teething Powders…20 per pack,£6,30p each,
Aveeno Baby Bath & Wash ,Aveeno Baby Bath & Wash 400ml,£5,£1.25 per 100ml,
Aveeno Baby Daily Care 2-In-1,Aveeno Baby Daily Care 2-In-1250ml,£4.30,£1.72 per 100ml,
Aveeno Baby Daily Care Baby Wipes,Aveeno Baby Daily Care Baby Wipes72 per pack,£1.60,2.2p each,
Aveeno Baby Daily Lotion ,Aveeno Baby Daily Lotion 150ml,£4.30,£2.87 per 100ml,
Aveeno Baby Dermexa Cream,Aveeno Baby Dermexa Cream150ml,£6,40p per 10ml,
Aveeno Baby Emolient Wash,Aveeno Baby Emolient Wash250ml,£5,£2.00 per 100ml,
Aveeno Baby Hair & Body Wash,Aveeno Baby Hair & Body Wash250ml,£4.30,£1.72 per 100ml,
Aveeno Baby Hair & Body Wash,Aveeno Baby Hair & Body Wash400ml,£6,£1.50 per 100ml,
Aveeno Baby Moisturising Lotion,Aveeno Baby Moisturising Lotion250ml,£6,£2.40 per 100ml,
Aveeno Baby Soothing Cream ,Aveeno Baby Soothing Cream 150ml,£5,£3.33 per 100ml,
Baby Mild All-One Magic Soap,Baby Mild All-One Magic Soap945ml,£20.49,£2.17 per 100ml,
Bambino Mio Reusable Nappy,Bambino Mio Reusable Nappy,£10,,"Offer price £10, was £14"
Bassetts 3-6 Multi Vitamins & Omega 3 Blackcurrant & Apple,Bassetts 3-6 Multi Vitamins & Ome…30 per pack,£5.75,19.2p each,
Bassetts 3-6 Multivitamin Strawberry ,Bassetts 3-6 Multivitamin Strawberry 30 per pack,£4.49,15p each,
Bassetts 7-11 Multivitamin Raspberry,Bassetts 7-11 Multivitamin Raspberry30 per pack,£5.75,19.2p each,
BEAR Paws Mango & Carrot +12 Months,BEAR Paws Mango & Carrot +12 Months5 x 20g,£2.50,25p per 10g,Buy 2 for £4.50
Bear Paws Pure Fruit & Veg Mango Carrot 12+ Months,Bear Paws Pure Fruit & Veg…20g,55p,£2.75 per 100g,
BEAR Paws Raspberry & Blueberry +12 Months,BEAR Paws Raspberry & Blueberry +12 Months5 x 20g,£2.50,£2.50 per 100g,Buy 2 for £4.50
BEAR Paws Raspberry & Blueberry +12 Months,BEAR Paws Raspberry & Blueberry +12 Months20g,60p,£3.00 per 100g,
BEAR Paws Strawberry & Apple +12 Months,BEAR Paws Strawberry & Apple +12 Months5 x 20g,£2.50,£2.50 per 100g,Buy 2 for £4.50
BEAR Paws Strawberry & Apple +12 Months,BEAR Paws Strawberry & Apple +12 Months20g,60p,£3.00 per 100g,
Benylin Childrens Cough Syrup Apple,Benylin Childrens Cough Syrup Apple125ml,£4,£3.20 per 100ml,
Bepanthen Nappy Care Ointment,Bepanthen Nappy Care Ointment30g,£3.30,£11.00 per 100g,
Bepanthen Nappy Care Ointment,Bepanthen Nappy Care Ointment100g,£7.50,£7.50 per 100g,
Bickiepegs Finger Toothbrush & Gum Massager,Bickiepegs Finger Tooth…2 per pack,£4.25,£2.13 each,
Bio-Oil Skincare Oil  Helps Improve the Appearance of Scars & Stretch Marks,Bio-Oil Skincare Oil  Helps Improve the Appea…60ml,£10,£16.67 per 100ml,
Bodyform So Slim Panty Liners,Bodyform So Slim Panty Liners34 per pack,£1.55,4.6p each,
Bodyform Ultra Long Sanitary Towels with wings,Bodyform Ultra Long Sanit…12 per pack,£1,8.3p each,"Offer price £1, was £1.55"
Bodyform Ultra Normal Sanitary Towels with wings,Bodyform Ultra Normal Sanit…14 per pack,£1,7.2p each,"Offer price £1, was £1.55"
Bonjela Junior Oral Gel,Bonjela Junior Oral Gel15g,£4,£26.67 per 100g,
Bonjela Soothing Teething Gel,Bonjela Soothing Teething Gel15ml,£4,£26.67 per 100ml,
Bonjela Soothing Teething Gel ,Bonjela Soothing Teething Gel 15ml,£3.60,£2.40 per 10ml,
Brica Baby - In Sight Mirror,Brica Baby - In Sight Mirror,£9.99,,
Brica Dual Sight Mirror,Brica Dual Sight Mirror,£4.99,,
Brush-Baby Baby Sonic Electric Toothbrush 0-3 Years,Brush-Baby Baby Sonic Electri…,£10,,
Brush-Baby Dental Wipes 0-16 Months,Brush-Baby Dental Wipes 0-16 Months,£5,,
Brush-Baby My First Brush And Teether Set 0-18 Months,Brush-Baby My First Brush And…,£6.75,,
Brush-Baby Soft Chewable Toothbrush 10-36 Months,Brush-Baby Soft Chewable To…,£5.50,,
Calcough Childrens Syrup  Blackcurrant,Calcough Childrens Syrup  Blackcurrant125ml,£4.50,£3.60 per 100ml,
Calpol 2+ Months Infant Strawberry Liquid Paracetamol,Calpol 2+ Months Infant Straw…100ml,£3.50,£3.50 per 100ml,
Calpol 6+ Sugar Free Strawberry Liquid Paracetamol,Calpol 6+ Sugar Free Strawb…80ml,£3.50,£4.38 per 100ml,
Calpol 6+ Years Sugar Free Strawberry Fastmelts Paracetamol,Calpol 6+ Years Sugar Free Strawb…12 per pack,£4,33.3p each,
Calpol 6+ Years Sugar Free Strawberry Paracetamol Sachets,Calpol 6+ Years Sugar Free Strawb…12 x 5ml,£4,£6.67 per 100ml,
Calpol Infant 2+ Months Sugar Free Strawberry Liquid,Calpol Infant 2+ Months Sugar…100ml,£3.50,£3.50 per 100ml,
Calpol Infant Sugar Free Colour Free Strawberry Liquid +2 Months,Calpol Infant Sugar Free Colour Free…100ml,£3.50,£3.50 per 100ml,
Calpol Nasal Drops      ,Calpol Nasal Drops      10ml,£3.50,£35.00 per 100ml,
Calpol Saline Nasal Spray,Calpol Saline Nasal Spray15ml,£4.25,£28.33 per 100ml,
Calpol Sugar Free Infant Sachets,Calpol Sugar Free Infant Sachets12 x 5ml,£4,£6.67 per 100ml,
Calpol Vapour Plug Refill Pads,Calpol Vapour Plug Refill Pads5 per pack,£7,£1.40 each,
Care Colactase Lactase Infant Drops ,Care Colactase Lactase Infant Drops 10ml,£10.50,£105.00 per 100ml,
Carefree Breathable Pantyliners with Aloe,Carefree Breathable Pantyliners with Aloe20 per pack,85p,4.3p each,
Carefree Cotton Breathable Pantyliners,Carefree Cotton Breathable Pantyliners20 per pack,85p,4.3p each,
Carefree Cotton Fresh Scented Breathable Pantyliners,Carefree Cotton Fresh Scented…20 per pack,85p,4.3p each,
Cerelac Honey    Key Stage 4      ,Cerelac Honey    Key Stage 4      400g,£4.20,£1.05 per 100g,
Cerelac Mixed Fruits & Wheat Cereal,Cerelac Mixed Fruits & Wheat Cereal400g,£4.20,£1.05 per 100g,
Cerelac Wheat Cereal,Cerelac Wheat Cereal400g,£4.20,£1.05 per 100g,
Childs Farm 3 In 1 Swim Strawberry & Organic Mint,Childs Farm 3 In 1 Swim Strawberry & Organic Mint250ml,£4.25,£1.70 per 100ml,
Childs Farm Baby Bedtime Bubbles Organic Tangerine,Childs Farm Baby Bedtime Bu…250ml,£4.25,£1.70 per 100ml,
 Childs Farm Baby Bedtime Pillow Spray Organic Tangerine, Childs Farm Baby Bedtime Pillo…100ml,£8,£8.00 per 100ml,
 Childs Farm Baby Moisturiser Mildly Fragranced, Childs Farm Baby Moistur…250ml,£4.25,£1.70 per 100ml,
Childs Farm Baby Oaty Bubbles,Childs Farm Baby Oaty Bubbles250ml,£4.25,£1.70 per 100ml,
Childs Farm Baby Shampoo ,Childs Farm Baby Shampoo 250ml,£4.25,£1.70 per 100ml,
 Childs Farm Baby Wash Unfragranced, Childs Farm Baby Wash Unfragranced250ml,£4.25,£1.70 per 100ml,
Childs Farm Blackberry & Organic Apple Hair & Body Wash ,Childs Farm Blackberry & Organi…250ml,£4.25,£1.70 per 100ml,
Childs Farm Bubble Bath Organic Tangerine,Childs Farm Bubble Bath Organic Tangerine250ml,£4.25,£1.70 per 100ml,
Childs Farm Conditioner Strawberry & Organic Mint,Childs Farm Conditioner Strawberry & Organic Mint250ml,£4.25,£1.70 per 100ml,
Childs Farm Hair & Body Wash Watermelon & Organic Pineapple ,Childs Farm Hair & Body Wash Waterm…250ml,£4.25,£1.70 per 100ml,
Childs Farm Moisturiser Unfragranced ,Childs Farm Moisturiser Unfragranced 250ml,£4.25,£1.70 per 100ml,
Childs Farm Nappy Cream,Childs Farm Nappy Cream100ml,£4.25,£4.25 per 100ml,
Childs Farm Organic Raspberry Extract Bubble Bath,Childs Farm Organic Raspber…250ml,£4.25,£1.70 per 100ml,
Childs Farm Organic Rhubarb & Custard,Childs Farm Organic Rhubarb & Custard250ml,£4.25,£1.70 per 100ml,
Childs Farm Organic Sweet Orange Hair & Body Wash,Childs Farm Organic Sweet O…250ml,£4.25,£1.70 per 100ml,
Childs Farm Strawberry & Organic Mint Shampoo,Childs Farm Strawberry & Organic Mint Shampoo250ml,£4.25,£1.70 per 100ml,
Colgate Kids Barbie Extra Soft Battery Toothbrush 3+ Years,Colgate Kids Barbie Extra Soft Ba…,£4,,"Offer price £4, was £8"
Colgate Maximum Cavity Protection Kids Toothpaste 3+ Years ,Colgate Maximum Cavity Protection…50ml,£2,£4.00 per 100ml,
Cow & Gate 1 First Baby Milk Formula From Birth,Cow & Gate 1 First Baby Milk Formula From Birth800g,£10.50,£1.31 per 100g,
Cow & Gate 1 First Baby Milk Formula Starter Pack From Birth,Cow & Gate 1 First Baby Milk Formul…6 x 70ml,£7.50,£1.79 per 100ml,
Cow & Gate 2 Follow On Baby Milk Formula,Cow & Gate 2 Follow On Baby Milk Formula800g,£10.50,£1.31 per 100g,
Cow & Gate 3 Growing Up Milk Formula,Cow & Gate 3 Growing Up Milk Formula800g,£10.50,£1.31 per 100g,
Cow & Gate 3 Growing Up Milk Formula Multipack,Cow & Gate 3 Growing Up Milk Formula Multipack15 x 200ml,£8.55,28.5p per 100ml,
Cow & Gate Anti-Reflux Baby Milk Formula From Birth,Cow & Gate Anti-Reflux Baby M…800g,£14,£1.75 per 100g,
Cow & Gate Baby Rice From 4 - 6M Onwards ,Cow & Gate Baby Rice From 4 - 6M Onwards 100g,£2.10,£2.10 per 100g,
Cow & Gate Banana Porridge From 4 - 6M Onwards ,Cow & Gate Banana Porridg…125g,£2.40,19.2p per 10g,
Cow & Gate Banana Wholegrain Porridge With Buckwheat From 7M Onwards,Cow & Gate Banana Wholegrain…200g,£2.75,£1.38 per 100g,
Cow & Gate Berry Multigrain Porridge With Oat & Rye 4-6M Onwards,Cow & Gate Berry Multigrain Porridge…125g,£2.25,18p per 10g,
Cow & Gate Comfort Baby Milk Formula From Birth,Cow & Gate Comfort Baby Milk Formula From Birth800g,£14,£1.75 per 100g,
Cow & Gate Creamy Porridge From 4 - 6M Onwards ,Cow & Gate Creamy Porridg…125g,£2.40,£1.92 per 100g,
Cow & Gate First Infant Milk,Cow & Gate First Infant Milk2 x 600g,£12.50,£1.04 per 100g,
Cow & Gate First Infant Milk From Birth ,Cow & Gate First Infant Milk From Birth 1L,£4.30,43p per 100ml,
 Cow & Gate First Infant Milk From Birth Ready To Feed , Cow & Gate First Infant Milk F…200ml,£1,50p per 100ml,
Cow & Gate Follow On Milk,Cow & Gate Follow On Milk2 x 600g,£12.50,£1.04 per 100g,
Cow & Gate Follow On Milk From 6-12 Months Ready To Feed,Cow & Gate Follow On Milk From…200ml,£1,50p per 100ml,
Cow & Gate Fruity Porridge From 4 - 6M Onwards ,Cow & Gate Fruity Porridg…125g,£2.40,£1.92 per 100g,
Cow & Gate Growing Up Milk From 2-3 Years ,Cow & Gate Growing Up Milk From 2-3 Years 800g,£10.50,£1.31 per 100g,
 Cow & Gate Hungry Infant Milk From Birth , Cow & Gate Hungry Infant Milk From Birth 800g,£10.50,£1.31 per 100g,
Cow & Gate My First Muesli Baby Cereal,Cow & Gate My First Muesli Baby Cereal330g,£2.79,84.5p per 100g,
Cow & Gate Ready To Use 1 First Infant Milk From Birth,Cow & Gate Ready To Use 1 First…6 x 200ml,£5.75,47.9p per 100ml,
Cow & Gate Ready To Use 2 Follow On Milk From 6 Months,Cow & Gate Ready To Use 2 Follo…6 x 200ml,£5.75,47.9p per 100ml,
 Cow & Gate Red Berry Wholegrain Porridge With Spelt From 7M Onwards , Cow & Gate Red Berry Wholegrain Porridge…200g,£2.75,£1.38 per 100g,
Cow & Gate Toddler Milk 1-3 Years ,Cow & Gate Toddler Milk 1-3 Years 1L,£3.40,34p per 100ml,
 Cow & Gate Toddler Milk 1-3 Years, Cow & Gate Toddler Milk 1-3 Years200ml,90p,45p per 100ml,
Dentinox Cradle Cap Shampoo ,Dentinox Cradle Cap Shampoo 125ml,£4,£3.20 per 100ml,
Dr. Bronner's Unscented Organic Baby Soap Bar ,Dr. Bronner's Unscented Organic Baby Soap Bar 140g,£5.35,£3.82 per 100g,
Dr. Bronner's Unscented Organic Baby Sugar Pump Soap ,Dr. Bronner's Unscented Organ…355ml,£11.50,£3.24 per 100ml,
Elastoplast Disney Frozen Plasters,Elastoplast Disney Frozen Plasters,£3,,
Ella's Kitchen 2 Weaning Spoons,Ella's Kitchen 2 Weaning Spoons,£3.50,,
Ella's Kitchen 7 Mths+ Organic Rice Pudding with Mangoes & Apples,Ella's Kitchen 7 Mths+ Organic Rice P…80g,£1.60,£2.00 per 100g,
" Ella's Kitchen Apple, Sweet Potato & Peppers 4+ Months"," Ella's Kitchen Apple, Sweet Po…120g",£1.30,£1.08 per 100g,Buy 5 for £6
Ella's Kitchen Apple and Ginger Baby Biscuits Multipack Snack 10+ Months,Ella's Kitchen Apple and Ginger…108g,£2.25,£2.08 per 100g,
Ella's Kitchen Apples 4+ Months,Ella's Kitchen Apples 4+ Months70g,99p,£1.41 per 100g,Buy 6 for £5.50
"Ella's Kitchen Banana, Apple and Bluberry Baby Rice Baby Pouch 4+ Months","Ella's Kitchen Banana, Apple an…120g",£1.30,£1.08 per 100g,Buy 5 for £6
Ella's Kitchen Banana and Cinnamon Dry Museli Baby Breakfast 10+ Months,Ella's Kitchen Banana and Cin…215g,£2.70,£1.26 per 100g,
Ella's Kitchen Banana and Vanilla Bread Pudding Baby Dessert Pot 7+ Months,Ella's Kitchen Banana and Vanil…320g,£2.25,70.3p per 100g,
Ella's Kitchen Bananas 4+ Months,Ella's Kitchen Bananas 4+ Months70g,99p,£1.41 per 100g,Buy 6 for £5.50
Ella's Kitchen Beef Stew With Spuds 7+ Months,Ella's Kitchen Beef Stew With Spuds 7+ Months130g,£1.70,£1.31 per 100g,Buy 4 for £6
"Ella's Kitchen Bluberries, Apples, Bananas and Vanilla Baby Pouch 4+ Months","Ella's Kitchen Bluberries, Appl…120g",£1.30,£1.08 per 100g,Buy 5 for £6
"Ella's Kitchen Butternut Squash, Carrots, Apples and Prunes Pouch 4+ Months",Ella's Kitchen Butternut Squash…120g,£1.30,£1.08 per 100g,Buy 5 for £6
Ella's Kitchen Cheese+Pickle Flavour Butterfly Pops 12+ Months ,Ella's Kitchen Cheese+Pickle Flavour…5 x 12g,£2.75,45.8p per 10g,Buy 2 for £4.50
"Ella's Kitchen Cheese, Tomato & Basil Mini Puffs","Ella's Kitchen Cheese, Tomato & Basil Mini Puffs32g",£2.25,70.3p per 10g,
 Ella's Kitchen Cheesy Pie With Veggies 7+ Months, Ella's Kitchen Cheesy Pie With Veggies 7+ Months130g,£1.70,£1.31 per 100g,Buy 4 for £6
Ella's Kitchen Cherry Pie Butterfly Pops 12+ Months,Ella's Kitchen Cherry Pie Butterfly Pops 12+ Months5 x 12g,£2.75,45.8p per 10g,Buy 2 for £4.50
Ella's Kitchen Chicken & Veg With Sweetcorn Mash 7+ Months,Ella's Kitchen Chicken & Veg With…130g,£1.70,£1.31 per 100g,Buy 4 for £6
Ella's Kitchen Chicken Casserole With Rice 7+ Months,Ella's Kitchen Chicken Casser…130g,£1.70,£1.31 per 100g,Buy 4 for £6
 Ella's Kitchen Cottage Pie With Cinnamon 7+ Months, Ella's Kitchen Cottage Pie W…130g,£1.70,£1.31 per 100g,Buy 4 for £6
Ella's Kitchen Dairy Free Coconut Milk Banana & Apple Yogurt 6+ Months,Ella's Kitchen Dairy Free Coconut Milk Ba…90g,£1.10,£1.22 per 100g,Buy 6 for £5.50
 Ella's Kitchen Dairy Free Organic Coconut Milk Pear & Fig 6M+ Stage 1, Ella's Kitchen Dairy Free Organic Coconu…100g,£1.40,£1.40 per 100g,Buy 4 for £5
Ella's Kitchen Dairy Free Rice Pudding Banana & Strawberry 7+ Months,Ella's Kitchen Dairy Free Rice Pudding…80g,£1.70,£2.13 per 100g,Buy 4 for £6
Ella's Kitchen Groovy Greens Veggie Risotto With Cheese,Ella's Kitchen Groovy Greens Ve…130g,£1.70,£1.31 per 100g,Buy 4 for £6
 Ella's Kitchen Mangoes 4+ Months, Ella's Kitchen Mangoes 4+ Months70g,99p,£1.41 per 100g,Buy 6 for £5.50
Ella's Kitchen Mild Chilli Con Carne From 7 Months,Ella's Kitchen Mild Chilli Con Carne From 7 Months320g,£1.70,53.1p per 100g,Buy 4 for £6
 Ella's Kitchen Mixed Herb Munchy Fingers With Chickpeas 9+ Months, Ella's Kitchen Mixed Herb Munchy Finge…48g,£2.25,£4.69 per 100g,
Ella's Kitchen Mushroom Stroganoff Stage 2,Ella's Kitchen Mushroom Stroganoff Stage 2130g,£1.70,13.1p per 10g,Buy 4 for £6
Ella's Kitchen Organic Apple and Cinnamon Crumble Baby Dessert Pot 7+Months,Ella's Kitchen Organic Apple an…320g,£2.25,70.3p per 100g,
"Ella's Kitchen Organic Apples, Carrots and Parsnips Baby Pouch 4+ Months",Ella's Kitchen Organic Apples…120g,£1.30,£1.08 per 100g,Buy 5 for £6
Ella's Kitchen Organic Apricot and Banana Baby Rice Baby Pouch 4+ Months,Ella's Kitchen Organic Apricot…120g,£1.30,£1.08 per 100g,Buy 5 for £6
Ella's Kitchen Organic Banana & Poppy Seed Overnight Oats,Ella's Kitchen Organic Banana & P…130g,£1.50,£1.15 per 100g,
Ella's Kitchen Organic Banana Baby Brekkie Pouch 6+ Months,Ella's Kitchen Organic Banana Bab…100g,£1.40,£1.40 per 100g,Buy 4 for £5
Ella's Kitchen Organic Bananas and Apples Baby Pouch 4+ Months,Ella's Kitchen Organic Bananas and…120g,£1.30,£1.08 per 100g,Buy 5 for £6
Ella's Kitchen Organic Bananas and Coconuts Baby Pouch 4+ Months ,Ella's Kitchen Organic Bananas and Co…120g,£1.30,£1.08 per 100g,Buy 5 for £6
Ella's Kitchen Organic Bangers and Mash Baby Pouch 7+ Months,Ella's Kitchen Organic Bangers and…130g,£1.70,£1.31 per 100g,Buy 4 for £6
Ella's Kitchen Organic Beef Stew with Potatoes Baby Pouch 10+ Months,Ella's Kitchen Organic Beef Stew with P…190g,£2.10,£1.11 per 100g,
Ella's Kitchen Organic Berry Greek Style Yoghurt Baby Pouch 6+ Months,Ella's Kitchen Organic Berry Greek Style…90g,£1.19,£1.32 per 100g,Buy 6 for £5.50
Ella's Kitchen Organic Blueberry and Pear Baby Brekkie Pouch 6+ Months,Ella's Kitchen Organic Blueberry and Pear…100g,£1.40,£1.40 per 100g,Buy 4 for £5
Ella's Kitchen Organic Carribbean Chicken Baby Pouch 10+ Months,Ella's Kitchen Organic Carribbean Chi…190g,£2.10,£1.11 per 100g,
Ella's Kitchen Organic Carrot & Raisin Overnight Oats,Ella's Kitchen Organic Carrot…130g,£1.50,£1.15 per 100g,
"Ella's Kitchen Organic Carrots, Peas and Pears Baby Pouch 4+ Months","Ella's Kitchen Organic Carrots, Peas an…120g",£1.30,£1.08 per 100g,Buy 5 for £6
Ella's Kitchen Organic Cheese and Apple Melty Sticks Baby Snack 7+ Months,Ella's Kitchen Organic Cheese a…16g,£1.20,75p per 10g,
Ella's Kitchen Organic Cheesy Bean Pesto Dip,Ella's Kitchen Organic Cheesy Bean Pesto Dip120g,£1.60,£1.33 per 100g,
Ella's Kitchen Organic Cheesy Pasta Baby Pouch 10+ Months,Ella's Kitchen Organic Cheesy Pas…190g,£2.10,£1.11 per 100g,
Ella's Kitchen Organic Chicken and Noodles Baby Pouch 7+ Months,Ella's Kitchen Organic Chicken and No…130g,£1.70,£1.31 per 100g,Buy 4 for £6
Ella's Kitchen Organic Chicken and Rice Casserole Baby Pouch 10+ Months,Ella's Kitchen Organic Chicke…190g,£2.10,£1.11 per 100g,
Ella's Kitchen Organic Chicken Roast Dinner Baby Pouch 7+ Months,Ella's Kitchen Organic Chicken Roast…130g,£1.70,£1.31 per 100g,Buy 4 for £6
Ella's Kitchen Organic Cottage Pie Baby Pouch 10+ Months,Ella's Kitchen Organic Cottage…190g,£2.10,£1.11 per 100g,
Ella's Kitchen Organic Fish Pie Baby Pouch 7+ Months,Ella's Kitchen Organic Fish P…130g,£1.70,£1.31 per 100g,Buy 4 for £6
Ella's Kitchen Organic Lamb Roast Dinner Baby Pouch 10+ Months,Ella's Kitchen Organic Lamb Roast D…190g,£2.10,£1.11 per 100g,
Ella's Kitchen Organic Lamb Roast Dinner Baby Pouch 7+ Months,Ella's Kitchen Organic Lamb Roast D…130g,£1.70,£1.31 per 100g,Buy 4 for £6
Ella's Kitchen Organic Lamb Tagine,Ella's Kitchen Organic Lamb Tagine130g,£1.60,£1.23 per 100g,Buy 4 for £6
Ella's Kitchen Organic Mango Baby Brekkie Pouch 6+ Months,Ella's Kitchen Organic Mango Baby…100g,£1.40,£1.40 per 100g,Buy 4 for £5
Ella's Kitchen Organic Mangoes Pears + Papayas 4+ Months,Ella's Kitchen Organic Mangoes…120g,£1.30,£1.08 per 100g,Buy 5 for £6
Ella's Kitchen Organic Mango Greek Style Yoghurt Baby Pouch 6+ Months ,Ella's Kitchen Organic Mango…90g,£1,£1.11 per 100g,Buy 6 for £5.50
Ella's Kitchen Organic Peach and Banana Melty Sticks Baby Snack 7+ Months,Ella's Kitchen Organic Peach an…16g,£1.20,75p per 10g,
Ella's Kitchen Organic Peaches and Bananas Baby Pouch 4+ Months,Ella's Kitchen Organic Peaches and Ba…120g,£1.30,£1.08 per 100g,Buy 5 for £6
Ella's Kitchen Organic Pear and Apple Baby Rice Baby Pouch 4+ Months,Ella's Kitchen Organic Pear and Apple B…120g,£1.30,£1.08 per 100g,Buy 5 for £6
Ella's Kitchen Organic Pear and Peach Baby Rice Baby Pouch 4+ Months,Ella's Kitchen Organic Pear and Peach B…120g,£1.30,£1.08 per 100g,Buy 5 for £6
"Ella's Kitchen Organic Pumpkin, Broccoli and Sweetcorn Baby Pouch 4+ Months",Ella's Kitchen Organic Pumpkin…120g,£1.30,£1.08 per 100g,Buy 5 for £6
Ella's Kitchen Organic Spag Bol with a Sprinkle of Cheese 10+ Months,Ella's Kitchen Organic Spag Bol with a…190g,£2.10,£1.11 per 100g,
Ella's Kitchen Organic Spinach Ricotta Pasta,Ella's Kitchen Organic Spinach Ricotta Pasta130g,£1.60,£1.23 per 100g,Buy 4 for £6
Ella's Kitchen Organic Strawberries and Apples Baby Pouch 4+ Months,Ella's Kitchen Organic Strawberries and…120g,£1.30,£1.08 per 100g,Buy 5 for £6
Ella's Kitchen Organic Strawberry Greek Style Yoghurt Baby Pouch 6+ Months,Ella's Kitchen Organic Strawber…90g,£1.19,£1.32 per 100g,Buy 6 for £5.50
Ella's Kitchen Organic Sweetcorn & Paprika Munchy Fingers 9 months+,Ella's Kitchen Organic Swee…48g,£2.25,£4.69 per 100g,
Ella's Kitchen Organic Sweet Potatoes First Tastes Baby Pouch 4+ Months,Ella's Kitchen Organic Sweet…70g,99p,£1.41 per 100g,
Ella's Kitchen Organic Sweet Potato Falafel With Hummus,Ella's Kitchen Organic Sweet Po…100g,£1.40,£1.40 per 100g,Buy 4 for £5
Ella's Kitchen Organic The Green One Smoothie Multipack Pouch 6+ Months ,Ella's Kitchen Organic The Gree…450g,£3.75,83.3p per 100g,
Ella's Kitchen Organic The Orange One Smoothie Multipack Pouch 6+ Months,Ella's Kitchen Organic The Oran…5 x 90g,£3.75,83.3p per 100g,
Ella's Kitchen Organic The Pink One Smoothie Multipack Pouch 6+ Months,Ella's Kitchen Organic The Pi…450g,£3.75,83.3p per 100g,
Ella's Kitchen Organic The Purple One Smoothie Multipack Pouch 6+ Months,Ella's Kitchen Organic The Purp…450g,£3.75,83.3p per 100g,
Ella's Kitchen Organic The Red One Smoothie Multipack Pouch 6+ Months,Ella's Kitchen Organic The Re…5 x 90g,£3.75,83.3p per 100g,
Ella's Kitchen Organic The White One Smoothie Multipack Pouch 6+ Months,Ella's Kitchen Organic The Wh…360g,£3.75,£1.04 per 100g,
Ella's Kitchen Organic Tomato & Basil Melty Sticks Baby Snack 7+ Months,Ella's Kitchen Organic Tomato…17g,£1.20,£7.06 per 100g,
Ella's Kitchen Organic Tomato & Basil Oaty Biccies,Ella's Kitchen Organic Toma…5 x 20g,£2.75,£2.75 per 100g,Buy 2 for £4.50
Ella's Kitchen Organic Tomato-y Pasta Baby Pouch 10+ Months,Ella's Kitchen Organic Tomato-y P…190g,£2.10,£1.11 per 100g,
Ella's Kitchen Organic Tomato-y Pasta Baby Pouch 7+ Months,Ella's Kitchen Organic Tomato-y P…130g,£1.70,£1.31 per 100g,Buy 4 for £6
Ella's Kitchen Organic Tomato and Leek Melty Puffs Baby Snack 6+ Months,Ella's Kitchen Organic Tomato…20g,80p,£4.00 per 100g,Buy 2 for £1.30
Ella's Kitchen Organic Veggie Hummus Dip,Ella's Kitchen Organic Veggie Hummus Dip120g,£1.60,£1.33 per 100g,
Ella's Kitchen Organic Veggie Lasagne Baby Pouch 7+ Months,Ella's Kitchen Organic Veggie Las…130g,£1.70,£1.31 per 100g,Buy 4 for £6
 Ella's Kitchen Peaches 4+ Months, Ella's Kitchen Peaches 4+ Months70g,99p,£1.41 per 100g,Buy 6 for £5.50
 Ella's Kitchen Pears & Broccoli 4+ Months, Ella's Kitchen Pears & Broccoli 4+ Months120g,£1.30,£1.08 per 100g,Buy 5 for £6
Ella's Kitchen Pears 4+ Months,Ella's Kitchen Pears 4+ Months70g,99p,£1.41 per 100g,Buy 6 for £5.50
"Ella's Kitchen Plums, Pears, Parsnips and Swedes Baby Pouch 4+ Months","Ella's Kitchen Plums, Pears…120g",£1.30,£1.08 per 100g,Buy 5 for £6
Ella's Kitchen Prunes 4+ Months,Ella's Kitchen Prunes 4+ Months70g,99p,£1.41 per 100g,Buy 6 for £5.50
Ella'S Kitchen Raspberry + Mango Puff Pops ,Ella'S Kitchen Raspberry + Mango Puff Pops 4 x 9g,£2.25,£6.25 per 100g,
Ella's Kitchen Spag Bol 7+ Months,Ella's Kitchen Spag Bol 7+ Months130g,£1.70,£1.31 per 100g,Buy 4 for £6
Ella's Kitchen Stage 1.5 Organic Pesto Pasta Chicken & Mushroom 100g,Ella's Kitchen Stage 1.5 Orga…100g,£1.40,£1.40 per 100g,Buy 4 for £5
Ella's Kitchen Stage 1.5 Organic Veggie Dahl With Cauliflower,Ella's Kitchen Stage 1.5 Organic Ve…100g,£1.40,£1.40 per 100g,Buy 4 for £5
Ella's Kitchen Stage 2 Organic Cracking Katsu Curry With Chicken,Ella's Kitchen Stage 2 Organic Cracki…130g,£1.70,£1.31 per 100g,Buy 4 for £6
Ella's Kitchen Stage 2 Organic Punchy Pulled Pork With Bbq Sauce,Ella's Kitchen Stage 2 Organic Punchy…130g,£1.70,£1.31 per 100g,Buy 4 for £6
Ella's Kitchen Stage 4 Organic Cheesy Veg Pasta,Ella's Kitchen Stage 4 Organic Cheesy Veg Pasta200g,£2,£1.00 per 100g,
Ella's Kitchen Stage 4 Organic Pasta Bolognese With Red Peppers,Ella's Kitchen Stage 4 Organic Pasta…200g,£2,£1.00 per 100g,
Ella's Kitchen Stage 4 Organic Veggie & Chicken Rice,Ella's Kitchen Stage 4 Organi…200g,£2,£1.00 per 100g,
Ella's Kitchen Stage 4 Organic Veggie Quinoa Chilli,Ella's Kitchen Stage 4 Organi…200g,£2,£1.00 per 100g,
"Ella's Kitchen Strawberries, Rhubarb and Apples Baby Pouch 4+ Months",Ella's Kitchen Strawberries…120g,£1.30,£1.08 per 100g,Buy 5 for £6
Ella's Kitchen Strawberry & Banana Mini Puffs,Ella's Kitchen Strawberry & Banana Mini Puffs32g,£2.25,70.3p per 10g,
Ella's Kitchen Strawberry and Banana Melty Puffs Baby Snack 6+ Months,Ella's Kitchen Strawberry and Banana Melt…20g,80p,£4.00 per 100g,Buy 2 for £1.30
Ella's Kitchen Strawberry and Raspberry Dry Porridge Breakfast 7+ Months,Ella's Kitchen Strawberry and R…175g,£2.50,£1.43 per 100g,
Ella's Kitchen Sweetcorn + Carrot Melty Sticks ,Ella's Kitchen Sweetcorn + Carrot Melty Sticks 4 x 6g,£2.25,£9.38 per 100g,
 Ella's Kitchen Sweetcorn 4+ Months, Ella's Kitchen Sweetcorn 4+ Months70g,99p,£1.41 per 100g,Buy 6 for £5.50
Ella's Kitchen Sweetcorn and Carrot Melty Sticks Baby Snack 7+ Months,Ella's Kitchen Sweetcorn and Carrot Melty…17g,£1.20,£7.06 per 100g,
"Ella's Kitchen Sweet Potatoes, Broccoli and Carrots Baby Pouch 4+ Months",Ella's Kitchen Sweet Potatoes…120g,£1.30,£1.08 per 100g,Buy 5 for £6
"Ella's Kitchen Sweet Potatoes, Pumpkin, Apples and Blueberries Baby Pouch",Ella's Kitchen Sweet Potatoes…120g,£1.30,£1.08 per 100g,Buy 5 for £6
Ella's Kitchen Tomato + Basil Melty Sticks,Ella's Kitchen Tomato + Basil Melty Sticks4 x 6g,£2.25,£9.38 per 100g,
Ella's Kitchen Vanilla and Banana Baby Biscuits Multipack Snack 10+ Months,Ella's Kitchen Vanilla and Bana…108g,£2.25,£2.08 per 100g,
Ella's Kitchen Veggie Biryani Stage 2,Ella's Kitchen Veggie Biryani Stage 2130g,£1.70,13.1p per 10g,Buy 4 for £6
Ella's Kitchen Veggie Feast With Basil ,Ella's Kitchen Veggie Feast With Basil 130g,£1.70,£1.31 per 100g,Buy 4 for £6
Femfresh Intimate Hygiene Large Feminine Freshness Wipes,Femfresh Intimate Hygiene Large…25 per pack,£2.75,11p each,
Femfresh Natural Balance Daily Intimate Wash,Femfresh Natural Balance Daily Intimate Wash250ml,£2.75,£1.10 per 100ml,
Fenjal Classic Creme Bath Oil,Fenjal Classic Creme Bath Oil125ml,£8.49,£6.79 per 100ml,
For Aisha Chicken & Sweet Potato Curry Baby Pouch 7m+ ,For Aisha Chicken & Sweet Potat…130g,£1.70,£1.31 per 100g,
For Aisha Chicken & Sweet Potato Curry Tray Meal 10m+,For Aisha Chicken & Sweet Pot…190g,£1.85,97.4p per 100g,
For Aisha Chicken Guisada Toddler Tray Meal 12m+ ,For Aisha Chicken Guisada T…230g,£2.30,£1.00 per 100g,
For Aisha Fish & Coconut Curry Toddler Tray Meal 12m+ ,For Aisha Fish & Coconut Curry…230g,£2.30,£1.00 per 100g,
For Aisha Green Bean & Lamb Curry Tray Meal 10m+,For Aisha Green Bean & Lamb…190g,£1.85,97.4p per 100g,
For Aisha Jamaican Jerk Chicken Baby Pouch 7m+ ,For Aisha Jamaican Jerk Chicken Baby Pouch 7m+ 130g,£1.70,£1.31 per 100g,
For Aisha Moroccan Chicken Tagine Baby Pouch 7m+ ,For Aisha Moroccan Chicken…130g,£1.70,£1.31 per 100g,
For Aisha Roast Lamb Dinner with Vegetables Baby Pouch 7m+ ,For Aisha Roast Lamb Dinner with…130g,£1.70,£1.31 per 100g,
Full Marks Solution         ,Full Marks Solution         100ml,£5.25,£5.25 per 100ml,
Gigo Baby Care Pack,Gigo Baby Care Pack,£4.65,,
Haberman Replacement Teat & Filter        ,Haberman Replacement Teat & Filter        ,£5.78,,
Haliborange Kid's Calcium & Iron Orange Chewable Tablets 3yrs+ ,Haliborange Kid's Calcium & Iron Oran…30 per pack,£3.50,11.7p each,
Haliborange Mr Happy Softies 30's Strawberry,Haliborange Mr Happy Softies 30's Strawberry30 per pack,£5,16.7p each,
Heinz 4 Mths+ Original Farley's Rusks,Heinz 4 Mths+ Original Farley's Rusks150g,£1.50,£1.00 per 100g,
Heinz 7+ Months By Nature Spaghetti Bolognese Baby Food,Heinz 7+ Months By Nature Spagh…200g,£1.10,55p per 100g,Buy 5 for £4
Heinz 7 Mths+ Banana Biscotti Biscuits,Heinz 7 Mths+ Banana Biscotti Biscuits60g,90p,£1.50 per 100g,
Heinz 7 Mths+ Chocolate Biscotti Biscuits,Heinz 7 Mths+ Chocolate Biscotti Biscuits60g,90p,£1.50 per 100g,
Heinz 7 Mths + Mango & Apricot Biscotti Biscuits,Heinz 7 Mths + Mango & Apricot Biscotti Biscuits60g,90p,£1.50 per 100g,
Heinz Apple & Mango Puree 6+ months,Heinz Apple & Mango Puree 6+ months100g,£1,£1.00 per 100g,Buy 6 for £5
Heinz Apple & Strawberry Puree 6+ months,Heinz Apple & Strawberry Puree 6+ months100g,£1,£1.00 per 100g,Buy 6 for £5
Heinz Apple & Yoghurt 4+ Months,Heinz Apple & Yoghurt 4+ Months120g,£1,83.3p per 100g,Buy 5 for £3.50
"Heinz Apple, Apricot, Banana & Orange Baby Food Jar 6+ Months ","Heinz Apple, Apricot, Banana & Oran…120g",£1,83.3p per 100g,Buy 5 for £3.50
"Heinz Apple, Banana & Apricot 6+ months  ","Heinz Apple, Banana & Apricot 6+ months  4 x 100g",£1.60,40p per 100g,
Heinz Apple Biscotti Baby Food Snacks 7+ Months ,Heinz Apple Biscotti Baby Food Snacks 7+ Months 60g,90p,£1.50 per 100g,
Heinz Apple Pear & Banana Puree 4-36 Months,Heinz Apple Pear & Bana…100g,£1,£1.00 per 100g,Buy 6 for £5
 Heinz Blueberry Porridge , Heinz Blueberry Porridge 240g,£3.35,£1.40 per 100g,
"Heinz By Nature Carrot, Potato & Courgette Jar Baby Food 6+ Months ","Heinz By Nature Carrot, Potato & Courge…120g",£1,8.3p per 10g,Buy 5 for £3.50
Heinz By Nature Cauliflower & Broccoli Cheese Baby Food Jar 6+ Months ,Heinz By Nature Cauliflower &…120g,£1,83.3p per 100g,Buy 5 for £3.50
Heinz By Nature Cheesy Tomato Pasta Baby Food Jar 6+ Months,Heinz By Nature Cheesy Tomato Pas…120g,£1,83.3p per 100g,Buy 5 for £3.50
Heinz By Nature Cottage Pie Baby Food Jar 7+ Months ,Heinz By Nature Cottage Pie B…200g,£1.10,55p per 100g,Buy 5 for £4
Heinz By Nature Creamy Rice Pudding 6+ Months Baby Food ,Heinz By Nature Creamy Rice Pud…4 x 100g,£1.60,40p per 100g,
Heinz By Nature Fruity Banana Custard Baby Food Dessert Pots 6+ Months,Heinz By Nature Fruity Banana…4 x 100g,£1.60,40p per 100g,
Heinz By Nature Fruity Medley Custard Baby Food Dessert Pots 6+ Months,Heinz By Nature Fruity Medley…4 x 100g,£1.60,40p per 100g,
Heinz By Nature Fruity Peach Yogurt Baby Food 6+ Months,Heinz By Nature Fruity Peach Yo…4 x 100g,£1.60,40p per 100g,
Heinz By Nature Sunday Chicken Dinner Baby Food Jar 7+ Months ,Heinz By Nature Sunday Chicken Dinn…200g,£1.10,55p per 100g,Buy 5 for £4
Heinz By Nature Winter Veggies & Lamb Baby Food Jar 7+ Months,Heinz By Nature Winter Veggies & La…200g,£1.10,55p per 100g,Buy 5 for £4
Heinz Cheesy Tomato Pasta Stars 7+ Months,Heinz Cheesy Tomato Pasta Stars 7+ Months200g,£1.10,55p per 100g,Buy 5 for £4
Heinz Cottage Pie Baby Food Tray 1+ Year ,Heinz Cottage Pie Baby Food Tray 1+ Year 230g,£1.70,73.9p per 100g,
Heinz Creamy Banana Oat Porridge Baby Food 7+ Months ,Heinz Creamy Banana Oat Porri…220g,£3.35,£1.52 per 100g,
Heinz Creamy Oat Porridge 6+ months,Heinz Creamy Oat Porridge 6+ months120g,£1,83.3p per 100g,Buy 5 for £3.50
Heinz Egg Custard Baby Food Jar 6+ Months ,Heinz Egg Custard Baby Food Jar 6+ Months 120g,£1,83.3p per 100g,Buy 5 for £3.50
 Heinz First Steps Apple & Oat Porridge , Heinz First Steps Apple & Oat Porridge 240g,£3.35,£1.40 per 100g,
Heinz First Steps Breakfast Baby Porridge 6+ Months,Heinz First Steps Breakfast B…240g,£3.35,£1.40 per 100g,
Heinz First Steps Breakfast Creamy Fruit & Yogurt Porridge 6+ Months,Heinz First Steps Breakfast C…240g,£3.35,£1.40 per 100g,
Heinz First Steps Breakfast Peachy Porridge 7+ Months,Heinz First Steps Breakfast P…240g,£3.35,£1.40 per 100g,
Heinz First Steps Dinner Rice with Garden Veg Baby Food 6+ Months,Heinz First Steps Dinner Rice with Ga…200g,£3.35,£1.68 per 100g,
Heinz First Steps Summer Fruit Porridge ,Heinz First Steps Summer Fruit Porridge 220g,£3.35,£1.52 per 100g,
Heinz Fruity Apple & Pear Custard 6+ months,Heinz Fruity Apple & Pear Custard 6+ months4 x 100g,£1.60,40p per 100g,
 Heinz Fruity Spring Water Apple , Heinz Fruity Spring Water Apple 500ml,£1.65,33p per 100ml,
 Heinz Fruity Spring Water Apple & Blackcurrant, Heinz Fruity Spring Water Apple & Blackcurrant500ml,£1.65,33p per 100ml,
Heinz Lamb Hotpot 7+ Months,Heinz Lamb Hotpot 7+ Months130g,£1.45,£1.12 per 100g,Buy 4 for £5
Heinz Mango Chicken Curry 7+ Months,Heinz Mango Chicken Curry 7+ Months200g,£1.10,55p per 100g,Buy 5 for £4
Heinz Multigrain With Carrot Sweetcorn & Cheese 7+ Months,Heinz Multigrain With Carrot Swee…200g,£3.35,£1.68 per 100g,
Heinz Multigrain With Cauliflower Broccoli & Cheese 6+ months,Heinz Multigrain With Cauliflower B…200g,£3.35,£1.68 per 100g,
Heinz Pasta Bake With Tuna 7+ Months,Heinz Pasta Bake With Tuna 7+ Months200g,£1.10,55p per 100g,Buy 5 for £4
"Heinz Peach, Mango, Banana & Apple Baby Food Fruit Puree Pouch 6+ Months","Heinz Peach, Mango, Banana & Ap…100g",£1,£1.00 per 100g,Buy 6 for £5
Heinz Potato Bake With Green Beans & Sweet Garden Peas 7+ Months ,Heinz Potato Bake With Green Beans &…200g,£1.10,55p per 100g,Buy 5 for £4
Heinz Risotto with Chickpeas & Pumpkin Baby Food Jar 7+ Months,Heinz Risotto with Chickpeas & Pump…200g,£1.10,55p per 100g,Buy 5 for £4
Heinz Saucy Pasta Stars With Beans & Carrot,Heinz Saucy Pasta Stars With Beans & Carrot200g,£1.10,55p per 100g,Buy 5 for £4
Heinz Spaghetti Bolognese Baby Food Tray 1+ Year,Heinz Spaghetti Bolognese B…230g,£1.70,73.9p per 100g,
Heinz Spaghetti Bolognese Pouch 10m+,Heinz Spaghetti Bolognese Pouch 10m+180g,£1.90,£1.06 per 100g,Buy 2 for £3
Heinz Strawberry & Banana Biscotti,Heinz Strawberry & Banana Biscotti60g,90p,£1.50 per 100g,
" Heinz Strawberry, Raspberry, Apple & Banana Puree 6+ months"," Heinz Strawberry, Raspberry, Apple…100g",£1,£1.00 per 100g,Buy 6 for £5
Heinz Sunday Chicken Dinner 7+ Months,Heinz Sunday Chicken Dinner 7+ Months130g,£1.45,£1.12 per 100g,Buy 4 for £5
Heinz Sweet Potato & Beef Casserole 7+ Months,Heinz Sweet Potato & Beef Casserole 7+ Months130g,£1.45,£1.12 per 100g,Buy 4 for £5
Heinz Sweet Potato & Tender Chicken 4+ Months,Heinz Sweet Potato & Tender Chicken 4+ Months120g,£1,83.3p per 100g,Buy 5 for £3.50
Heinz Sweet Potato Chicken & Veggies 7+ Months,Heinz Sweet Potato Chicke…130g,£1.45,£1.12 per 100g,Buy 4 for £5
Heinz Thai Chicken Curry 10+ Months,Heinz Thai Chicken Curry 10+ Months180g,£1.90,£1.06 per 100g,Buy 2 for £3
Heinz Tomato & Mozzarella Pasta 7+ Months,Heinz Tomato & Mozzar…130g,£1.45,£1.12 per 100g,Buy 4 for £5
Heinz Veggie Pasta with Cheese Porridge Baby Food 7+ Months,Heinz Veggie Pasta with Cheese Po…200g,£3.35,£1.68 per 100g,
"Heinz Veggies, Pork & Mango Baby Food Tray 1+ Year ","Heinz Veggies, Pork & Mango B…230g",£1.70,73.9p per 100g,
Heinz Veggies with Lamb Baby Food Tray 1+ Year,Heinz Veggies with Lamb Baby Food Tray 1+ Year230g,£1.70,73.9p per 100g,
HiPP 3 Growing up Baby Milk Powder from 1 year onwards,HiPP 3 Growing up Baby Milk Pow…600g,£10,£1.67 per 100g,
 HiPP Anti-reflux Milk , HiPP Anti-reflux Milk 800g,£15.50,£1.94 per 100g,
Hipp Kids Clean & Green Bubbly Bath Hippo,Hipp Kids Clean & Green Bubbly Bath Hippo300ml,£3.75,£1.25 per 100ml,
Hipp Kids Fluffy & Foamy Lotion Cat,Hipp Kids Fluffy & Foamy Lotion Cat150ml,£3.50,£2.33 per 100ml,
Hipp Kids Rich & Silky Cream Tortoise,Hipp Kids Rich & Silky Cream Tortoise100ml,£3.75,£3.75 per 100ml,
Hipp Kids Soft & Foamy Handwash Duck,Hipp Kids Soft & Foamy Handwash Duck250ml,£3.75,£1.50 per 100ml,
Hipp Kids Soft & Foamy Handwash Duck Refill ,Hipp Kids Soft & Foamy Handwash Duck Refill 250ml,£2.75,£1.10 per 100ml,
Hipp Kids Soft & Smooth All-In-One Wash Seal,Hipp Kids Soft & Smooth All-In-One Wash Seal200ml,£2.75,£1.38 per 100ml,
HiPP Organic 1 First Infant Baby Milk Powder from birth,HiPP Organic 1 First Infant Bab…800g,£13.50,£1.69 per 100g,
HiPP Organic 2 Follow on Baby Milk Powder from 6 months,HiPP Organic 2 Follow on Baby M…800g,£13.50,£1.69 per 100g,
HiPP Organic Apple and Pear 100% Fruit Baby Food Jar 4+ Months,HiPP Organic Apple and Pear 100% Fr…125g,85p,68p per 100g,
HiPP Organic Banana Rice Breakfast Baby Food Jar 4+ Months,HiPP Organic Banana Rice Breakfas…125g,85p,68p per 100g,"Offer price 85p, was 90p"
Hipp Organic Carrots & Peas Baby Food Jar 4+ Months,Hipp Organic Carrots & Peas B…125g,85p,68p per 100g,
HiPP Organic Carrots Cauliflower & Peas Baby Food Jar 4+ Months,HiPP Organic Carrots Cauliflower & Pe…125g,85p,68p per 100g,
HiPP Organic Cheesy Potato & Spinach Bake Baby Food Jar 6+ Months,HiPP Organic Cheesy Potato & Spinach…125g,85p,68p per 100g,
 HiPP Organic Combiotic First Infant Milk 1 From Birth Onwards, HiPP Organic Combiotic First Infan…200ml,£1.10,55p per 100ml,
 Hipp Organic Combiotic Follow On Baby Milk From 6 Months , Hipp Organic Combiotic Follow On…200ml,£1.10,55p per 100ml,
Hipp Organic Courgettes & Potatoes Baby Food Jar 4+Months,Hipp Organic Courgettes & Potatoe…125g,85p,68p per 100g,
HiPP Organic Creamed Porridge Breakfast Baby Food Jar 6+ Months,HiPP Organic Creamed Porridge Breakfa…125g,85p,68p per 100g,
HiPP Organic Creamy Porridge Baby Food Jar 7+ Months,HiPP Organic Creamy Porridge…160g,£1,62.5p per 100g,
HiPP Organic Hearty Vegetable & Beef Casserole Toddler Tray Meal 1-3 Years,HiPP Organic Hearty Vegetable &…230g,£2,87p per 100g,
Hipp Organic Lasagne Bolognese 15+ Months,Hipp Organic Lasagne Bolognese 15+ Months250g,£2.50,£1.00 per 100g,
Hipp Organic Little Meal Makers Chicken Puree Sauce 7+ Months,Hipp Organic Little Meal Makers Chi…80g,£1.25,£1.56 per 100g,
Hipp Organic Macaroni Cheese With Carrot & Peas Baby Food Jar 7M+ ,Hipp Organic Macaroni Cheese With Carro…190g,£1,52.6p per 100g,
HiPP Organic Mango & Banana topped with Yogurt Baby Food Jar 7+ Months,HiPP Organic Mango & Banana t…160g,£1,62.5p per 100g,
HiPP Organic Potato Pumpkin & Chicken Scrumble Toddler Tray Meal 1-3 Years,HiPP Organic Potato Pumpkin & C…230g,£2,87p per 100g,
HiPP Organic Rice Pudding with Apple & Pear Baby Food Jar 7+ Months,HiPP Organic Rice Pudding w…160g,£1,62.5p per 100g,
HiPP Organic Scrumptious Lasagne Toddler Tray Meal 1-3 Years,HiPP Organic Scrumptious Lasagne To…230g,£2,87p per 100g,
HiPP Organic Shell Pasta With Tomato & Courgette 1-3 Years,HiPP Organic Shell Pasta With Tom…230g,£2.10,91.3p per 100g,
HiPP Organic Spaghetti Bolognese Baby Food Jar 6+ Months,HiPP Organic Spaghetti Bolognes…125g,85p,68p per 100g,
HiPP Organic Spaghetti Bolognese Toddler Tray Meal 1-3 Years,HiPP Organic Spaghetti Bolognese To…230g,£2,87p per 100g,
HiPP Organic Strawberry Cereal With Yoghurt 7+ Months,HiPP Organic Strawberry Cerea…160g,£1,62.5p per 100g,
HiPP Organic Sweet Squash & Chicken Baby Food Jar 6+ Months,HiPP Organic Sweet Squash & Chick…125g,85p,68p per 100g,
HiPP Organic Tomato & Ham Pasta Bake Baby Food Jar 7+ Months ,HiPP Organic Tomato & Ham Pasta Bak…190g,£1,52.6p per 100g,
HiPP Organic Tomato & Mozzarella Spaghetti Toddler Tray Meal 1-3 Years,HiPP Organic Tomato & Mozzare…230g,£2,87p per 100g,
HiPP Organic Veg & Chicken Noodles Baby Food Jar 7+ Months,HiPP Organic Veg & Chicken Noodle…190g,£1,52.6p per 100g,
Hipp Organic Veg & Mozzarella Potato Bake Baby Food Jar 7+ Months ,Hipp Organic Veg & Mozzarella Potato Ba…190g,£1,52.6p per 100g,
Hipp Organic Vegetable Cannelloni 15+ Months,Hipp Organic Vegetable Cannelloni 15+ Months250g,£2.50,£1.00 per 100g,
HiPP Organic Vegetable Lasagne Baby Food Jar 7+ Months,HiPP Organic Vegetable Lasagne…190g,£1,52.6p per 100g,
HiPP Organic Vegetables with Rice And Chicken Baby Food Jar 6+ Months,HiPP Organic Vegetables with Rice And Chi…125g,85p,68p per 100g,
Huggies All Over Clean,Huggies All Over Clean56 per pack,£1.25,2.2p each,
Huggies Drynites Bedmats ,Huggies Drynites Bedmats 7 per pack,£7.50,£1.07 each,
Huggies Drynites Pyjama Pants 8-15 Years Boy Maxi Pack,Huggies Drynites Pyjama Pants 8…13 per pack,£8,61.5p each,Buy 2 for £12.50
Huggies Drynites Pyjama Pants 8 -15 Years Girl Maxi Pack,Huggies Drynites Pyjama Pants 8…13 per pack,£8,61.5p each,Buy 2 for £12.50
Huggies Drynites Pyjama Pants Disney Fairies 3-5Yr ,Huggies Drynites Pyjama Pants Disney Fairies 3-5Yr 10 per pack,£4.50,45p each,"Offer price £4.50, was £5.25"
Huggies Drynites Pyjama Pants Disney Fairies 3-5Yr Jumbo Pack,Huggies Drynites Pyjama Pants Disne…16 per pack,£8,50p each,Buy 2 for £12.50
Huggies Drynites Pyjama Pants Disney Fairies 4-7Yr ,Huggies Drynites Pyjama Pants Disney Fairies 4-7Yr 10 per pack,£4.50,45p each,"Offer price £4.50, was £5.25"
Huggies Drynites Pyjama Pants Disney Fairies 4-7Yr Jumbo Pack,Huggies Drynites Pyjama Pants Disne…16 per pack,£8,50p each,Buy 2 for £12.50
Huggies Drynites Pyjama Pants Marvel 3-5Yr ,Huggies Drynites Pyjama Pants Marvel 3-5Yr 10 per pack,£4.50,45p each,"Offer price £4.50, was £5.25"
Huggies Drynites Pyjama Pants Marvel 3-5Yr Jumbo Pack,Huggies Drynites Pyjama Pants…16 per pack,£8,50p each,Buy 2 for £12.50
Huggies Drynites Pyjama Pants Marvel 4-7 Years,Huggies Drynites Pyjama Pants Marvel 4-7 Years10 per pack,£4.50,45p each,"Offer price £4.50, was £5.25"
Huggies Drynites Pyjama Pants Marvel 4-7Yr Jumbo Pack,Huggies Drynites Pyjama Pants…16 per pack,£8,50p each,Buy 2 for £12.50
Huggies Drynites Pyjama Pants Teen Blue 8-15Yr ,Huggies Drynites Pyjama Pants Teen Blue 8-15Yr 9 per pack,£4.50,50p each,"Offer price £4.50, was £5.25"
Huggies Drynites Pyjama Pants Teen Pink 8 -15 Years ,Huggies Drynites Pyjama Pants…9 per pack,£4.50,50p each,"Offer price £4.50, was £5.25"
Huggies Little Swimmers Size 2-3 3-8kg,Huggies Little Swimmers Size 2-3 3-8kg12 per pack,£5.50,45.8p each,
 Huggies Little Swimmers Size 3-4, Huggies Little Swimmers Size 3-412 per pack,£5.50,45.8p each,
Huggies Little Swimmers Size 5-6        ,Huggies Little Swimmers Size 5-6        11 per pack,£5.50,50p each,
Huggies Natural Care Baby Wipes ,Huggies Natural Care Baby Wipes 56 per pack,£3.50,6.3p each,
Huggies Natural Care Baby Wipe Single,Huggies Natural Care Baby Wipe Single56 per pack,95p,1.7p each,"Offer price 95p, was £1"
Huggies Pull Ups Explorers Disney Cars 18-36Month ,Huggies Pull Ups Explorers…24 per pack,£8,33.3p each,Buy 2 for £8.50
Huggies Pull Ups Explorers Disney Minnie Mouse 18-36Month ,Huggies Pull Ups Explorers Disney…24 per pack,£8,33.3p each,Buy 2 for £8.50
Huggies Pull Ups Trainers Day Disney Cars 2-4Yr ,Huggies Pull Ups Trainers Day Disney Cars 2-4Yr 20 per pack,£8,40p each,Buy 2 for £8.50
Huggies Pull Ups Trainers Day Disney Princess 2-4Yr ,Huggies Pull Ups Trainers Day Disney Princess 2-4Yr 20 per pack,£8,40p each,Buy 2 for £8.50
Huggies Pull Ups Trainers Night Disney Cars 2-4Yr ,Huggies Pull Ups Trainers Night Disney Cars 2-4Yr 18 per pack,£8,44.4p each,Buy 2 for £8.50
Huggies Pull Ups Trainers Night Disney Princess 2-4Yr ,Huggies Pull Ups Trainers Night…18 per pack,£8,44.4p each,Buy 2 for £8.50
Huggies Pure Baby Wipes,Huggies Pure Baby Wipes12 x 56 per pack,£10.50,1.6p each,
Huggies Pure Baby Wipes Single Pack,Huggies Pure Baby Wipes Single Pack56 per pack,95p,1.7p each,"Offer price 95p, was £1"
Huggies Pure Extra Care Baby Wipes,Huggies Pure Extra Care Baby Wipes3 x 56 per pack,£4.50,2.7p each,
Huggies Pure Extra Care Baby Wipes,Huggies Pure Extra Care Baby Wipes56 per pack,£2,3.6p each,Buy 2 for £2.50
Huggies Pure Extra Care Baby Wipes,Huggies Pure Extra Care Baby Wipes8 x 56 per pack,£10,2.2p each,Buy 2 for £16
Huggies Pure Quad Baby Wipes Quad Pack,Huggies Pure Quad Baby Wipes Quad Pack4 x 56 per pack,£3.50,1.6p each,
Infacare Baby Bath,Infacare Baby Bath400ml,£2.50,62.5p per 100ml,
Infacol,Infacol85ml,£8.49,99.9p per 10ml,
Infacol Colic Treatment,Infacol Colic Treatment55ml,£5.50,£1.00 per 10ml,
Johnson's Baby Bath ,Johnson's Baby Bath 500ml,£3,60p per 100ml,
Johnson's Baby Bath ,Johnson's Baby Bath 300ml,£1.50,50p per 100ml,
Johnson's Baby Bedtime Bath Refill,Johnson's Baby Bedtime Bath Refill1L,£4,40p per 100ml,"Offer price £4, was £5.25"
Johnson's Baby Cotton Buds ,Johnson's Baby Cotton Buds 200 per pack,£1.25,0.6p each,
Johnson's Baby Lotion ,Johnson's Baby Lotion 500ml,£3,60p per 100ml,
Johnson's Baby Lotion ,Johnson's Baby Lotion 300ml,£1.50,50p per 100ml,
Johnson's Baby Oil ,Johnson's Baby Oil 500ml,£3,60p per 100ml,
Johnson's Baby Oil ,Johnson's Baby Oil 200ml,£1.35,67.5p per 100ml,
Johnson's Baby Powder,Johnson's Baby Powder200g,£1.50,75p per 100g,
Johnson's Baby Powder,Johnson's Baby Powder500g,£3,60p per 100g,
Johnson's Baby Shampoo ,Johnson's Baby Shampoo 500ml,£3,60p per 100ml,
Johnson's Baby Shampoo ,Johnson's Baby Shampoo 300ml,£1.50,50p per 100ml,
Johnson's Baby Shampoo Refill Pack,Johnson's Baby Shampoo Refill Pack1L,£4.25,42.5p per 100ml,
Johnson's Bedtime Bath ,Johnson's Bedtime Bath 500ml,£2.30,46p per 100ml,"Offer price £2.30, was £3.50"
Johnson's Bedtime Lotion ,Johnson's Bedtime Lotion 500ml,£2.30,46p per 100ml,"Offer price £2.30, was £3.50"
Johnson's Bedtime Oil ,Johnson's Bedtime Oil 300ml,£2.30,76.7p per 100ml,"Offer price £2.30, was £3"
Johnson's Bedtime Powder ,Johnson's Bedtime Powder 500g,£2.30,46p per 100g,"Offer price £2.30, was £3.50"
Johnson's Bedtime Shampoo ,Johnson's Bedtime Shampoo 500ml,£2.30,46p per 100ml,"Offer price £2.30, was £3.50"
Johnson's Bedtime Wash ,Johnson's Bedtime Wash 500ml,£2.30,46p per 100ml,"Offer price £2.30, was £3.50"
Johnson's Kids Bubble Bath & Wash ,Johnson's Kids Bubble Bath & Wash 500ml,£2.30,46p per 100ml,"Offer price £2.30, was £3.50"
Johnson's Kids Conditioner Shiny Drops ,Johnson's Kids Conditioner Shiny Drops 500ml,£3.50,70p per 100ml,
Johnson's Kids Shampoo Shiny Drops ,Johnson's Kids Shampoo Shiny Drops 500ml,£3.50,70p per 100ml,
Johnson's Kids Shiny Drops Conditioner Spray ,Johnson's Kids Shiny Drops Conditioner Spray 200ml,£3.50,£1.75 per 100ml,
Johnson's No More Tangles Kids Conditioner ,Johnson's No More Tangles Kids Conditioner 500ml,£3.50,70p per 100ml,
Johnson's No More Tangles Kids Shampoo ,Johnson's No More Tangles Kids Shampoo 500ml,£3.50,70p per 100ml,
Johnson's No More Tangles Spray,Johnson's No More Tangles Spray200ml,£3.50,£1.75 per 100ml,
Johnson's Top To Toe Baby Wash Cloths ,Johnson's Top To Toe Baby Wash Cloths 15 per pack,£3,20p each,
Johnson's Top To Toe Wash ,Johnson's Top To Toe Wash 500ml,£3,60p per 100ml,
Joie Cutlery On The Go 3Pc,Joie Cutlery On The Go 3Pc,£2.50,,
Kendamil 1 First Baby Infant Milk Formula Powder From Birth,Kendamil 1 First Baby Infant Milk…800g,£12,£1.50 per 100g,
Kendamil 3 Toddler Milk Formula Powder From 1 To 3 Years,Kendamil 3 Toddler Milk Formula…800g,£12,£1.50 per 100g,
Kendamil  Follow On Baby Infant Milk Formula Powder Months,Kendamil  Follow On Baby Infant M…800g,£12,£1.50 per 100g,
Kiddilicious Banana Wafers,Kiddilicious Banana Wafers10 x 4g,£2.50,£6.25 per 100g,
Kiddylicious Apple Bakes ,Kiddylicious Apple Bakes 6 x 22g,£2.65,£2.01 per 100g,
Kiddylicious Apple Fruit Wriggles,Kiddylicious Apple Fruit Wriggles12g,70p,£5.83 per 100g,Buy 5 for £3
Kiddylicious Apple Fruit Wriggles,Kiddylicious Apple Fruit Wriggles4 x 12g,£2.50,£5.21 per 100g,
Kiddylicious Apple Soft Biscotti 7+ Months,Kiddylicious Apple Soft Biscotti 7+ Months6 x 20g,£2.65,£2.21 per 100g,
Kiddylicious Banana & Pumpkin Melty Buttons,Kiddylicious Banana & Pumpkin Melty Buttons5 x 6g,£2.65,£8.83 per 100g,
Kiddylicious Banana & Strawberry Juicy Fruit Bars,Kiddylicious Banana & Straw…5 x 20g,£2.50,£2.50 per 100g,
"Kiddylicious Banana, Mango & Passion Fruit Smoothie Melts ","Kiddylicious Banana, Mango & Pass…6g",70p,£11.67 per 100g,Buy 5 for £3
"Kiddylicious Banana, Mango & Passion Fruit Smoothie Melts","Kiddylicious Banana, Mango & Pass…4 x 60g",£2.65,11p per 10g,
Kiddylicious Banana Crispie Tiddlers 12 Months +,Kiddylicious Banana Crispie…12g,70p,£5.83 per 100g,Buy 5 for £3
Kiddylicious Banana Crispy Tiddlers 12+ Months,Kiddylicious Banana Crisp…4 x 12g,£2.50,£5.21 per 100g,
Kiddylicious Banana Fruity Puffs Yummy Bags x 4,Kiddylicious Banana Fruity Puffs Yummy Bags x 440g,£2,£5.00 per 100g,
Kiddylicious Banana Soft Biscotti 7+ Months ,Kiddylicious Banana Soft Biscotti 7+ Months 6 x 20g,£2.65,£2.21 per 100g,
Kiddylicious Banana Wafers 6 Months+ ,Kiddylicious Banana Wafers 6 Months+ 4 x 4g,£1,£6.25 per 100g,
Kiddylicious Bbq Popped Hoops ,Kiddylicious Bbq Popped Hoops 5 x 10g,£2.50,£5.00 per 100g,
Kiddylicious Blueberry Wafers ,Kiddylicious Blueberry Wafers 10 x 4g,£2.50,£6.25 per 100g,
Kiddylicious Blueberry Wafers 6 Months+ ,Kiddylicious Blueberry Wafers 6 Months+ 4 x 4g,£1,£6.25 per 100g,
Kiddylicious Butternut Squash & Beetroot Veggie Hippos,Kiddylicious Butternut Squash &…5 x 8g,£2.50,£6.25 per 100g,
 Kiddylicious Cheesy Flavour Veggie Straws , Kiddylicious Cheesy Flavour Veggie Straws 12g,79p,£6.58 per 100g,Buy 5 for £3
Kiddylicious Cheesy Flavour Veggie Straws 9+ Months ,Kiddylicious Cheesy Flavour V…4 x 12g,£2.65,£5.52 per 100g,
Kiddylicious Cheesy Popped Hoops ,Kiddylicious Cheesy Popped Hoops 5 x 10g,£2.50,£5.00 per 100g,
Kiddylicious Coconut Rolls ,Kiddylicious Coconut Rolls 8 x 7g,£2.50,£4.46 per 100g,
Kiddylicious Mixed Pepper Veggie Hippos ,Kiddylicious Mixed Pepper Veggie Hippos 5 x 8g,£2.50,£6.25 per 100g,
Kiddylicious Raspberry & Apple Fruity Drops,Kiddylicious Raspberry & Apple Fruity Drops4 x 16g,£2.50,£3.91 per 100g,
Kiddylicious Raspberry & Beetroot Melty Buttons,Kiddylicious Raspberry & Beetroot Melty Buttons5 x 6g,£2.65,£8.83 per 100g,
Kiddylicious Raspberry Crispy Tiddlers ,Kiddylicious Raspberry Crispy Tiddlers 12g,70p,£5.83 per 100g,Buy 5 for £3
Kiddylicious Raspberry Crispy Tiddlers,Kiddylicious Raspberry Crispy Tiddlers4 x 12g,£2.50,£5.21 per 100g,
Kiddylicious Sour Cream & Chive Lentil Straws,Kiddylicious Sour Cream & Chive Lentil Straws12g,70p,£5.83 per 100g,Buy 5 for £3
Kiddylicious Sour Cream & Chive Lentil Straws,Kiddylicious Sour Cream & Chive Lentil Straws4 x 12g,£2.65,£5.52 per 100g,
Kiddylicious Strawberry & Banana Smoothie Melts,Kiddylicious Strawberry & Banana Smoothie Melts6g,70p,£11.67 per 100g,Buy 5 for £3
Kiddylicious Strawberry & Banana Smoothie Melts,Kiddylicious Strawberry & Banana Smoothie Melts4 x 60g,£2.65,11p per 10g,
"Kiddylicious Strawberry, Apple & Pumpkin Fruity Drops ","Kiddylicious Strawberry, Apple…4 x 16g",£2.50,£3.91 per 100g,
Kiddylicious Strawberry Bakes ,Kiddylicious Strawberry Bakes 6 x 22g,£2.65,£2.01 per 100g,
Kiddylicious Strawberry Fruit Wriggles,Kiddylicious Strawberry Fruit Wriggles12g,70p,£5.83 per 100g,Buy 5 for £3
Kiddylicious Strawberry Fruit Wriggles 4 Yummy Bags,Kiddylicious Strawberry Fruit…48g,£2.50,£5.21 per 100g,
Kiddylicious Strawberry Fruity Puffs Yummy Bags x 4,Kiddylicious Strawberry Fruit…40g,£2,£5.00 per 100g,
Kiddylicious Strawberry Mini Coconut Rolls,Kiddylicious Strawberry Mini Coconut Rolls8 x 7g,£2.50,£4.46 per 100g,
Kiddylicious Strawberry Wafers,Kiddylicious Strawberry Wafers10 x 4g,£2.50,£6.25 per 100g,
Kiddylicious Veggie Straws,Kiddylicious Veggie Straws12g,79p,£6.58 per 100g,Buy 5 for £3
Kiddylicious Veggie Straws,Kiddylicious Veggie Straws4 x 12g,£2.65,£5.52 per 100g,
Kool'N'Soothe Soft Gel Sheets,Kool'N'Soothe Soft Gel Sheets,£2.60,,
Lamaze Archer the Apple Clip n Go,Lamaze Archer the Apple Clip n Go,£14.50,£14.50 each,
Lamaze Bea the Banana Clip n Go,Lamaze Bea the Banana Clip n Go,£14.50,£14.50 each,
Lamaze Bitty Bug Soft Book,Lamaze Bitty Bug Soft Book,£14.50,£14.50 each,
Lamaze Captain Calamari Buggy Toy 0mths+,Lamaze Captain Calamari Buggy Toy 0mths+,£14.99,£14.99 each,
Lamaze Mini Clip & Go Candy the Carrot,Lamaze Mini Clip & Go Candy the Carrot,£9.25,£9.25 each,
Lamaze Olive the Orange Clip n Go,Lamaze Olive the Orange Clip n Go,£14.50,£14.50 each,
Lansinoh 60 Disposable Breast Pads,Lansinoh 60 Disposable Breast Pads,£5.80,,
Lansinoh Breastmilk 25 Storage Bags,Lansinoh Breastmilk 25 Storage Bags25 per pack,£5.50,22p each,
Lansinoh Hpa Lanolin Nipple Cream ,Lansinoh Hpa Lanolin Nipple Cream 40ml,£11.75,£29.38 per 100ml,
Lansinoh Washable Nursing Pads ,Lansinoh Washable Nursing Pads 4 per pack,£8,£2.00 each,
lights by TENA Incontinence Liners,lights by TENA Incontinence Liners24 per pack,£1.90,7.9p each,"Offer price £1.90, was £2.25"
lights by TENA Incontinence Liners Duo,lights by TENA Incontinence Liners Duo48 per pack,£3.75,7.8p each,
lights by TENA Light Incontinence Liners,lights by TENA Light Incontinence Liners28 per pack,£1.90,6.8p each,"Offer price £1.90, was £2.25"
lights by TENA Long Incontinence Liners,lights by TENA Long Incontinence Liners,£1.90,,"Offer price £1.90, was £2.25"
Lil-Lets Maternity 10 Maxi Pads With Wings,Lil-Lets Maternity 10 Maxi Pads With Wings10 per pack,£2,20p each,
Lil-Lets Maternity Breast Pads ,Lil-Lets Maternity Breast Pads 30 per pack,£2.49,8.3p each,Buy 2 for £4.50
Lil-Lets Maternity Ultra Pads With Wings,Lil-Lets Maternity Ultra Pads With Wings12 per pack,£2,16.7p each,
Lil-Lets Teens Ultra Towels Day,Lil-Lets Teens Ultra Towels Day,£1.25,,"Offer price £1.25, was £1.60"
Lindam Munchkin Letters & Numbers Bath Accessories,Lindam Munchkin Letters & N…,£7,,
Lindam Munchkin White Hot Safety Duck     ,Lindam Munchkin White Hot Safety Duck     ,£4.25,,
Lindham Xtra Guard Child Proofing Kit,Lindham Xtra Guard Child Proofing Kit,£7.49,,
Little Dish Chicken & Veg Pie Kids Meal,Little Dish Chicken & Veg Pie Kids Meal200g,£2.75,£13.75 per kg,
Little Dish Classic Fish Pie Kids Meal,Little Dish Classic Fish Pie Kids Meal200g,£2.75,£13.75 per kg,
Little Dish Cottage Pie Kids Meal,Little Dish Cottage Pie Kids Meal200g,£2.75,£13.75 per kg,
Little Dish Mild Chicken Korma Kids Meal,Little Dish Mild Chicken Korma Kids Meal200g,£2.75,£13.75 per kg,
Little Dish Pasta Bolognese Kids Meal,Little Dish Pasta Bolognese Kids Meal200g,£2.75,£13.75 per kg,
Little Dish Spaghetti & Meatballs Kids Meal,Little Dish Spaghetti & Meatballs Kids Meal200g,£2.75,£13.75 per kg,
Little Steps First Infant Milk 1 From Birth 800g,Little Steps First Infant Milk 1 From Birth 800g800g,£9.75,£1.22 per 100g,
Little Steps Follow - On Milk 2 6+ Months 800g ,Little Steps Follow - On Milk 2 6+ Months 800g 800g,£9.75,£1.22 per 100g,
Little Steps Plantygrow Plant Based Growing Up Drink,Little Steps Plantygrow Plant…200ml,85p,42.5p per 100ml,Buy 4 for £3
Little Steps Plantygrow Plant Based Growing Up Drink,Little Steps Plantygrow Plant…1L,£3.50,£3.50 per litre,
Lyclear Shampoo Head Lice Treatment + Head Lice Comb,Lyclear Shampoo Head Lice Tre…200ml,£12,£6.00 per 100ml,
MAM Air 6+ Months Soother - Blue,MAM Air 6+ Months Soother - Blue2 per pack,£7.30,£3.65 each,
MAM Air 6+ Months Soother - Pink,MAM Air 6+ Months Soother - Pink2 per pack,£7.30,£3.65 each,
MAM Air Night 12+ Months Soothers ,MAM Air Night 12+ Months Soothers ,£7.35,,
MAM Anti Colic Easy Start 160ml Bottle 2 Pack - Grey,MAM Anti Colic Easy Start 160…2 per pack,£16.05,£8.03 each,
MAM Anti Colic Easy Start 260ml Bottle - 2 Pack Grey,MAM Anti Colic Easy Start 260…2 per pack,£16.05,£8.03 each,
MAM Baby's Brush Double Pack with Safety Shield,MAM Baby's Brush Double Pack with Safety Shield2 per pack,£8.10,£4.05 each,
MAM Baby's Brush Double Pack with Safety Shield,MAM Baby's Brush Double Pack with Safety Shield2 per pack,£8.10,£4.05 each,
Mam Clip It 0+ Months,Mam Clip It 0+ Months,£5.75,,
Mam Easy Active Baby Bottle 4+ Months ,Mam Easy Active Baby Bottle 4+ Months 330ml,£7,£2.12 per 100ml,
Mam Easy Active Baby Bottle Months,Mam Easy Active Baby Bottle Months2 x 330ml,£15,£2.27 per 100ml,
Mam Easy Start Anti-Colic Bottle,Mam Easy Start Anti-Colic Bottle3 x 160ml,£22,£4.58 per 100ml,
Mam Easy Start Anti - Colic Bottle 0+ Months ,Mam Easy Start Anti - Colic Bottle 0+ Months 2 x 160ml,£15,£4.69 per 100ml,
Mam Easy Start Anti-Colic Bottle 0 Months,Mam Easy Start Anti-Colic Bottle 0 Months,£7.50,,
 MAM Easy Start Anti Colic Bottle 2M+, MAM Easy Start Anti Colic Bottle 2M+,£7.50,,
 MAM Easy Start Anti Colic Bottle 2M+, MAM Easy Start Anti Colic Bottle 2M+2 per pack,£15,£7.50 each,
MAM Feel Good Glass Bottle 170ml - 1 Pack Unisex,MAM Feel Good Glass Bottle…160ml,£13.80,86.3p per 10ml,
MAM Feel Good Glass Bottle 260ml - 1 Pack Unisex,MAM Feel Good Glass Bottle…,£13.80,£13.80 each,
 MAM Fun To Drink Night Cup 8M+, MAM Fun To Drink Night Cup 8M+270ml,£6.99,£2.59 per 100ml,
MAM Night 0+ Months Soother - Unisex ,MAM Night 0+ Months Soother - Unisex 2 per pack,£7.05,£3.53 each,
MAM Night 6+ Months Soother - Pink,MAM Night 6+ Months Soother - Pink2 per pack,£7.05,£3.53 each,
 MAM Night Soother 12+ Months , MAM Night Soother 12+ Months ,£6.85,,
MAM Night Soother Blue,MAM Night Soother Blue,£7.05,£3.53 each,
MAM Original 12+ Months Soother - Pink,MAM Original 12+ Months Soother - Pink2 per pack,£6.60,£3.30 each,
MAM Original Night 0+ Months Soother 2,MAM Original Night 0+ Months Soother 2,£6.85,,
Mam Original Soother 12 + Months (Colours May Vary),Mam Original Soother 12 + Mon…,£6.15,,
MAM Original Soother Blue 12mths+,MAM Original Soother Blue 12mths+2 per pack,£6.60,£3.30 each,
Mam Perfect Night Soother 12+ Months,Mam Perfect Night Soother 12+ Months,£6.85,,
MAM Silicone Bottle Teats Slow Flow 0+ Months Level 1,MAM Silicone Bottle Teats Slo…2 per pack,£6,£3.00 each,
MAM Silicone Cross Cut Bottle Teats 6+ Months,MAM Silicone Cross Cut Bottle Teats 6+ Months2 per pack,£6,£3.00 each,
Mam Soother 6 + Months,Mam Soother 6 + Months,£6.85,,
MAM Soother Clip Double Pack - Unisex,MAM Soother Clip Double Pack - Unisex2 per pack,£6.30,£3.15 each,
MAM Start 0-2 Months Soother - Unisex,MAM Start 0-2 Months Soother - Unisex2 per pack,£6.85,£3.43 each,
Mam Start 0 - 2 Months Soothers ,Mam Start 0 - 2 Months Soothers 2 per pack,£6,£3.00 each,
 MAM Starter Cup With Soother 4M+, MAM Starter Cup With Soother 4M+,£6.99,,
Mam Teat Cross Cut  Months,Mam Teat Cross Cut  Months2 x 6 per pack,£6.50,54.2p each,
MAM Teats Size 2 2M+,MAM Teats Size 2 2M+,£5.25,,
 MAM Teats Size 3 4M+, MAM Teats Size 3 4M+2 per pack,£5.25,£2.63 each,
Mam Trainer 2In1 4+ Months ,Mam Trainer 2In1 4+ Months ,£7.50,,
Mam Ultimate Silicone Soother,Mam Ultimate Silicone Soother,£6.85,,
Medela Breastmilk Storage Bags,Medela Breastmilk Storage Bags50 per pack,£8,16p each,
Medela Breastmilk Storage Bottles with lid (pack of 3),Medela Breastmilk Storage Bottl…3 per pack,£12,£4.00 each,
Medela Calma Solitaire Teat,Medela Calma Solitaire Teat,£12,£12.00 each,
Medela Disposable Breast Pads,Medela Disposable Breast Pads60 per pack,£6,10p each,
Medela Large Contact Nipple Shield with Case ,Medela Large Contact Nipple Shield with Case 2 per pack,£9,£4.50 each,
Medela Medium Contact Nipple Shields with Case,Medela Medium Contact Nipple Shields with Case2 per pack,£9,£4.50 each,
Medela Quick Clean Micro-Steam Bags,Medela Quick Clean Micro-Steam Bags5 per pack,£13,£2.60 each,
Medela Small Contact Nipple Shields with Case ,Medela Small Contact Nipple Shields with Case 2 per pack,£9,£4.50 each,
Metanium Everyday Easy Spray ,Metanium Everyday Easy Spray 60ml,£5.50,£9.17 per 100ml,
Metanium Nappy Rash Ointment,Metanium Nappy Rash Ointment30g,£3.20,£10.67 per 100g,
Milton Antibacterial Hand Sanitiser Mousse,Milton Antibacterial Hand Sanitiser Mousse50ml,£3,£6.00 per 100ml,
Milton Antibacterial Surface Wipes,Milton Antibacterial Surface Wipes30 per pack,£2.50,8.3p each,
Milton Sterilising Fluid,Milton Sterilising Fluid1L,£3.50,35p per 100ml,
Milton Sterilising Tablets 28s,Milton Sterilising Tablets 28s,£2.70,,
Miofresh Nappy & Laundry Cleanser,Miofresh Nappy & Laundry Cleanser,£4.50,,
Moltex Pure & Nature Nappies Newborn Size 1,Moltex Pure & Nature Nappies Newborn Size 122 per pack,£4,18.2p each,
Moltex Pure & Nature Nappies Size 2 Mini ,Moltex Pure & Nature Nappies Size 2 Mini 38 per pack,£7,18.4p each,Buy 2 for £12
Moltex Pure & Nature Nappies Size 3 Midi,Moltex Pure & Nature Nappies Size 3 Midi33 per pack,£7,21.2p each,Buy 2 for £12
Moltex Pure & Nature Nappies Size 5 Junior,Moltex Pure & Nature Nappies Size 5 Junior25 per pack,£7,28p each,Buy 2 for £12
Moltex Pure & Nature Nappies Size 6 Junior 21,Moltex Pure & Nature Nappies Size 6 Junior 2121 per pack,£7,33.3p each,Buy 2 for £12
Morrisons 12 Comfort Pads Normal,Morrisons 12 Comfort Pads Normal12 per pack,£1.65,13.8p each,
Morrisons Antiseptic Wipes ,Morrisons Antiseptic Wipes 10 per pack,£1,10p each,
Morrisons Aqueous Cream,Morrisons Aqueous Cream500g,£5,£1.00 per 100g,
Morrisons Comfort Liners,Morrisons Comfort Liners24 per pack,£1.65,6.9p each,
Morrisons Comfort Liners Long,Morrisons Comfort Liners Long20 per pack,£1.65,8.3p each,
Morrisons Comfort Pads Extra,Morrisons Comfort Pads Extra10 per pack,£1.65,16.5p each,
Morrisons Comfort Pads Extra Plus,Morrisons Comfort Pads Extra Plus8 per pack,£1.65,20.6p each,
Morrisons Comfort Pants Large,Morrisons Comfort Pants Large10 per pack,£6.25,62.5p each,
Morrisons Comfort Pants Medium,Morrisons Comfort Pants Medium12 per pack,£6.25,52.1p each,
Morrisons Comfort Pants Super Protection Large,Morrisons Comfort Pants Super Protection Large12 per pack,£8,66.7p each,
Morrisons Comfort Pants Super Protection Medium,Morrisons Comfort Pants Super Protection Medium12 per pack,£8,66.7p each,
Morrisons Fold & Wrap Pantyliners,Morrisons Fold & Wrap Pantyliners20 per pack,90p,4.5p each,
Morrisons Junior Paracetamol Suspension,Morrisons Junior Paracetamol Suspension100ml,£2.15,£2.15 per 100ml,
Morrisons Large Pantyliners,Morrisons Large Pantyliners28 per pack,99p,3.5p each,
Morrisons Maxi Daytime Towels,Morrisons Maxi Daytime Towels24 per pack,99p,4.1p each,
Morrisons Maxi Night Comfort Pads ,Morrisons Maxi Night Comfort Pads 6 per pack,£1.65,27.5p each,
Morrisons Maxi Towels Night Time,Morrisons Maxi Towels Night Time12 per pack,£1.05,8.8p each,
Morrisons Night Time Ultra Towels with Wings,Morrisons Night Time Ultra Towels with Wings10 per pack,79p,7.9p each,
Morrisons Normal Pantyliners,Morrisons Normal Pantyliners30 per pack,99p,3.3p each,
Morrisons Normal Ultra Towels without Wings,Morrisons Normal Ultra Towels without Wings16 per pack,79p,4.9p each,
Morrisons Normal Ultra Towels with Wings,Morrisons Normal Ultra Towels with Wings14 per pack,79p,5.6p each,
Morrisons Panty Liners Extra Long,Morrisons Panty Liners Extra Long22 per pack,£1,4.5p each,
Morrisons Savers Maxi Towels,Morrisons Savers Maxi Towels10 per pack,40p,4p each,
Morrisons Savers Pant Liners,Morrisons Savers Pant Liners30 per pack,45p,1.5p each,
Morrisons Super Ultra Towels with Wings,Morrisons Super Ultra Towels with Wings12 per pack,79p,6.6p each,
Morrisons Ultra Towels Confident Night,Morrisons Ultra Towels Confident Night9 per pack,79p,8.8p each,
Munchkin 59S Mini Steriliser,Munchkin 59S Mini Steriliser,£19.99,,
Munchkin 6 Multicoloured Forks & Spoons 12M+,Munchkin 6 Multicoloured Forks & Spoons 12M+,£4,,
Munchkin Bubble Bestie Bubble Bath Toy 36M+,Munchkin Bubble Bestie Bubble Bath Toy 36M+,£6.50,,
Munchkin Caterpillar Spillers       ,Munchkin Caterpillar Spillers       ,£5.50,,
Munchkin Colormix Fish Color Changing Bath Toy 12M+,Munchkin Colormix Fish Color…,£7.50,,
 Munchkin Colour Reveal 6 Toddler Forks and Spoons 12M+, Munchkin Colour Reveal 6 Toddl…,£4.99,,
Munchkin Corner Bath Organiser,Munchkin Corner Bath Organiser,£8,,
Munchkin Details Brush Set,Munchkin Details Brush Set4 per pack,£6.49,£1.62 each,
Munchkin Dots Bath Mat,Munchkin Dots Bath Mat,£12.50,,
Munchkin Float & Play Bubbles,Munchkin Float & Play Bubbles2 per pack,£6,£3.00 each,
Munchkin Fresh Food Feeder 6M+,Munchkin Fresh Food Feeder 6M+,£4.99,,
 Munchkin Fun Ice Chewy Teether 0M+, Munchkin Fun Ice Chewy Teether 0M+,£3.25,,
Munchkin Latch 6 Microwave Steriliser Bags,Munchkin Latch 6 Microwave Steriliser Bags6 per pack,£4.99,83.2p each,
Munchkin Miracle 360 Colour Change Sippy Cup 12M+,Munchkin Miracle 360 Colour…,£4.99,,
 Munchkin Miracle 360 Cup 12M+, Munchkin Miracle 360 Cup 12M+,£6.50,,
 Munchkin Miracle 360 Eco Cup 12M+, Munchkin Miracle 360 Eco Cup 12M+,£8.49,,
 Munchkin Miracle 360 Eco Trainer Cup 6M+, Munchkin Miracle 360 Eco Trainer Cup 6M+,£4.99,,
 Munchkin Miracle 360 Trainer Cup 6M+, Munchkin Miracle 360 Trainer Cup 6M+,£6,,
 Munchkin Ocean Bath Squirts, Munchkin Ocean Bath Squirts4 per pack,£6,£1.50 each,
Munchkin Simple Clean Straw Cup,Munchkin Simple Clean Straw Cup12 x 296ml,£6.99,19.7p per 100ml,
Munchkin Stay Put Suction Plate 6M+,Munchkin Stay Put Suction Plate 6M+,£7.25,,
Munchkin Toddler Fork & Spoon Set,Munchkin Toddler Fork & Spoon Set,£4.25,,
Munchkin White Hot Safety Spoons 4 M+ ,Munchkin White Hot Safety Spoons 4 M+ 4 per pack,£4.49,£1.12 each,
 Munchkin Wind Up Swimming Penguin, Munchkin Wind Up Swimming Penguin,£5.49,,
My Little Sudocrem Skin Care Cream,My Little Sudocrem Skin Care Cream22g,£3,£13.64 per 100g,
Nannycare 1 Goat milk based First infant milk,Nannycare 1 Goat milk based First infant milk900g,£21,£2.33 per 100g,
Nannycare 2 Goat milk based Follow on milk,Nannycare 2 Goat milk based Follow on milk900g,£21,£2.33 per 100g,
Nannycare 3 Goat milk based Growing up milk,Nannycare 3 Goat milk based Growing up milk900g,£21,£2.33 per 100g,
Napisan Non Bio Laundry Stain Remover ,Napisan Non Bio Laundry Stain Remover 800g,£4.20,52.5p per 100g,
Neats Nappy Bags,Neats Nappy Bags300 per pack,£1.50,0.5p each,
Nelsons Teetha Teething Gel,Nelsons Teetha Teething Gel15g,£5,£33.33 per 100g,
Nelsons Teetha Teething Granules,Nelsons Teetha Teething Granules24 per pack,£5,20.8p each,
"NIVEA Soft Moisturising Cream for face, hands and body",NIVEA Soft Moisturising Cream f…200ml,£4,£2.00 per 100ml,
Nuby Anti Reflux Bottle,Nuby Anti Reflux Bottle,£7.50,,
Nuby Baby And Toddler Bowls,Nuby Baby And Toddler Bowls2 per pack,£4,£2.00 each,Buy 2 for £7
Nuby Baby And Toddler Cutlery,Nuby Baby And Toddler Cutlery,£4,,
Nuby Baby And Toddler Plates,Nuby Baby And Toddler Plates2 per pack,£5,£2.50 each,Buy 2 for £7
Nuby Baby And Toddler Tumblers,Nuby Baby And Toddler Tumblers2 per pack,£4,£2.00 each,Buy 2 for £7
Nuby Bandana Teething Bibs,Nuby Bandana Teething Bibs2 per pack,£6,£3.00 each,
Nuby Chewbies 2 Soothing Teethers 3M+,Nuby Chewbies 2 Soothing Teethers 3M+2 per pack,£4.49,£2.25 each,Buy 2 for £7
Nuby Icy Bite Keys 3M+,Nuby Icy Bite Keys 3M+,£6,,
Nuby Nasal Aspirator,Nuby Nasal Aspirator,£3.50,,
Nuby Octopus Hoopla,Nuby Octopus Hoopla,£9,,
Nuby Rocket Feeding Bowl,Nuby Rocket Feeding Bowl,£6,,
 Nuby Sipeez First Cup Grip 'n' Sip 4-12M, Nuby Sipeez First Cup Grip 'n' Sip 4-12M,£3.70,,Buy 2 for £7
 Nuby Sipeez Flip-It Beaker 12-18M, Nuby Sipeez Flip-It Beaker 12-18M,£5.49,,Buy 2 for £7
Nuby Stackable Bowls,Nuby Stackable Bowls2 per pack,£9.25,£4.63 each,
Nuby Super Slurp Beaker,Nuby Super Slurp Beaker18m,£7.50,41.7p per 1m,
Nuby Teething Mitt 3M+,Nuby Teething Mitt 3M+,£7,,
Nuby Thirsty Kids Active Cup Cool Sipper 18M+,Nuby Thirsty Kids Active Cup Cool Sipper 18M+,£5,,
Nuby Thirsty Kids Active Cup Mighty Swig 18M+,Nuby Thirsty Kids Active Cup Mighty Swig 18M+,£7,,
 Nuby Thirsty Kids Incredible Gulp 18M+, Nuby Thirsty Kids Incredible Gulp 18M+,£7,,
Nuby Wacky Loop Teether         ,Nuby Wacky Loop Teether         ,£4.50,,Buy 2 for £7
Nurofen for Children Baby Orange Oral Suspension 3+ months Ibuprofen,Nurofen for Children Baby Orange Oral S…100ml,£4,£4.00 per 100ml,
Nurofen for Children Orange Oral Suspension 3mths to 9yrs Ibuprofen,Nurofen for Children Orange Oral Suspen…100ml,£3.85,£3.85 per 100ml,
Nurofen for Children Strawberry Oral Suspension 3mths to 9yrs,Nurofen for Children Strawberry Ora…100ml,£3.85,£3.85 per 100ml,
Nutmeg Baby Bath ,Nutmeg Baby Bath 500ml,£1.20,24p per 100ml,
Nutmeg Baby Bedtime Bath,Nutmeg Baby Bedtime Bath500ml,£1.25,25p per 100ml,
Nutmeg Baby Lotion ,Nutmeg Baby Lotion 500ml,£1.20,24p per 100ml,
Nutmeg Baby Oil  ,Nutmeg Baby Oil  300ml,£1.50,50p per 100ml,
Nutmeg Baby Powder ,Nutmeg Baby Powder 400g,£1.49,37.3p per 100g,
Nutmeg Baby Shampoo ,Nutmeg Baby Shampoo 500ml,£1.20,24p per 100ml,
Nutmeg Bottle To Cup Trainer 6M+,Nutmeg Bottle To Cup Trainer 6M+,£2.60,,
Nutmeg Bowl,Nutmeg Bowl,£1.50,,
Nutmeg Cottage Pie Baby Food  10M+ ,Nutmeg Cottage Pie Baby Food  10M+ 190g,£1,52.6p per 100g,
Nutmeg Cotton Wool Buds       ,Nutmeg Cotton Wool Buds       200 per pack,59p,0.3p each,
Nutmeg Cotton Wool Pads        ,Nutmeg Cotton Wool Pads        60 per pack,£1,1.7p each,
Nutmeg Cotton Wool Pleat ,Nutmeg Cotton Wool Pleat ,£1.30,,
Nutmeg Cushioned Maternity Towels,Nutmeg Cushioned Maternity Towels12 per pack,£1.50,12.5p each,
Nutmeg Day & Night Soother 6-18M,Nutmeg Day & Night Soother 6-18M2 per pack,£2.75,£1.38 each,
 Nutmeg Feeding Bowl & Spoon Set 6M+, Nutmeg Feeding Bowl & Spoon Set 6M+,£3.20,,
Nutmeg Fragranced Baby Wipes,Nutmeg Fragranced Baby Wipes12 x 60 per pack,£8.50,1.2p each,
Nutmeg Fragranced Baby Wipes,Nutmeg Fragranced Baby Wipes60 per pack,85p,1.4p each,Baby Wipes - Buy Any 3 for £2.20
Nutmeg Fragranced Nappy Sacks ,Nutmeg Fragranced Nappy Sacks 150 per pack,99p,0.7p each,
 Nutmeg Large Cotton Wool Balls , Nutmeg Large Cotton Wool Balls 100 per pack,£1.50,1.5p each,
Nutmeg Mac & Cheese Baby Food 12M+ ,Nutmeg Mac & Cheese Baby Food 12M+ 200g,£1,50p per 100g,
Nutmeg Mediterranean Style Rice & Chicken Baby Food 12M+ ,Nutmeg Mediterranean Style Rice &…200g,£1,50p per 100g,
Nutmeg Milk Powder Dispenser,Nutmeg Milk Powder Dispenser,£2.25,,
Nutmeg Nappy Cream ,Nutmeg Nappy Cream 200g,£2,£1.00 per 100g,
Nutmeg Newborn Nappies Size 1 ,Nutmeg Newborn Nappies Size 1 50 per pack,£1.75,3.5p each,
Nutmeg Newborn Nappies Size 1 ,Nutmeg Newborn Nappies Size 1 25 per pack,£1,4p each,
 Nutmeg Newborn Nappies Size 2, Nutmeg Newborn Nappies Size 254 per pack,£2.25,4.2p each,
Nutmeg Newborn Nappies Size 2,Nutmeg Newborn Nappies Size 233 per pack,£1.50,4.5p each,
Nutmeg Petroleum Jelly,Nutmeg Petroleum Jelly150g,£1.50,£1.00 per 100g,
Nutmeg Sensitive Baby Wipes,Nutmeg Sensitive Baby Wipes12 x 60 per pack,£8.50,1.2p each,
Nutmeg Sensitive Baby Wipes ,Nutmeg Sensitive Baby Wipes 60 per pack,85p,1.4p each,Baby Wipes - Buy Any 3 for £2.20
Nutmeg Soft Breast Pads ,Nutmeg Soft Breast Pads 40 per pack,£2,5p each,
Nutmeg Soothers  6-18 Months (colours may vary),Nutmeg Soothers  6-18 Months (colours may vary)2 per pack,£2.75,£1.38 each,
Nutmeg Spaghetti Bolognese Baby Food 10M+ ,Nutmeg Spaghetti Bologn…190g,£1,52.6p per 100g,
Nutmeg Spaghetti Bolognese Baby Food  7M+ ,Nutmeg Spaghetti Bologn…130g,85p,65.4p per 100g,
 Nutmeg Stainless Steel Cutlery Set 12M+, Nutmeg Stainless Steel Cutlery Set 12M+,£3.15,,
 Nutmeg Standard Neck Feeding Bottles 0M+, Nutmeg Standard Neck Feeding Bottles 0M+3 per pack,£3.95,£1.32 each,
"Nutmeg Sweet Potato, Carrot & Swede Baby Food 6M+ ","Nutmeg Sweet Potato, Carrot…70g",59p,84.3p per 100g,
Nutmeg Swim Pants Large ,Nutmeg Swim Pants Large 10 per pack,£3.50,35p each,
Nutmeg Swim Pants Medium ,Nutmeg Swim Pants Medium 11 per pack,£3.50,31.8p each,
Nutmeg Swim Pants Small      ,Nutmeg Swim Pants Small      12 per pack,£3,25p each,
Nutmeg Swim Pants Small ,Nutmeg Swim Pants Small 12 per pack,£3.50,29.2p each,
Nutmeg Toddler Sensitive Fragrance Free Training Wipes ,Nutmeg Toddler Sensitive Fragra…60 per pack,85p,1.4p each,Baby Wipes - Buy Any 3 for £2.20
 Nutmeg Tomato & Cheese Pasta 7M+, Nutmeg Tomato & Cheese Pasta 7M+130g,85p,65.4p per 100g,
Nutmeg Top To Toe Baby Wash ,Nutmeg Top To Toe Baby Wash 500ml,£1.20,24p per 100ml,
Nutmeg Ultra Dry Nappies Size 3 ,Nutmeg Ultra Dry Nappies Size 3 56 per pack,£3.25,5.8p each,
Nutmeg Ultra Dry Nappies Size 4 ,Nutmeg Ultra Dry Nappies Size 4 48 per pack,£3.25,6.8p each,
Nutmeg Ultra Dry Nappies Size 4 ,Nutmeg Ultra Dry Nappies Size 4 84 per pack,£5.25,6.3p each,
Nutmeg Ultra Dry Nappies Size 4+ ,Nutmeg Ultra Dry Nappies Size 4+ 78 per pack,£5.25,6.7p each,
Nutmeg Ultra Dry Nappies Size 4+ ,Nutmeg Ultra Dry Nappies Size 4+ 44 per pack,£3.25,7.4p each,
Nutmeg Ultra Dry Nappies Size 5 ,Nutmeg Ultra Dry Nappies Size 5 72 per pack,£5.25,7.3p each,
Nutmeg Ultra Dry Nappies Size 5 ,Nutmeg Ultra Dry Nappies Size 5 40 per pack,£3.25,8.1p each,
Nutmeg Ultra Dry Nappies Size 5+ ,Nutmeg Ultra Dry Nappies Size 5+ 64 per pack,£5.25,8.2p each,
Nutmeg Ultra Dry Nappies Size 5+ ,Nutmeg Ultra Dry Nappies Size 5+ 36 per pack,£3.25,9p each,
Nutmeg Ultra Dry Nappies Size 6 ,Nutmeg Ultra Dry Nappies Size 6 30 per pack,£3.25,10.8p each,
Nutmeg Ultra Dry Nappies Size 6 ,Nutmeg Ultra Dry Nappies Size 6 54 per pack,£5.25,9.7p each,
Nutmeg Ultra Dry Nappies Size 6+ ,Nutmeg Ultra Dry Nappies Size 6+ 26 per pack,£3.25,12.5p each,
Nutmeg Ultra Dry Nappies Size 6+ ,Nutmeg Ultra Dry Nappies Size 6+ 46 per pack,£5.25,11.4p each,
Nutmeg Ultra Dry Pants Size 4 ,Nutmeg Ultra Dry Pants Size 4 40 per pack,£4.25,10.6p each,
Nutmeg Ultra Dry Pants Size 4 ,Nutmeg Ultra Dry Pants Size 4 22 per pack,£2.70,12.3p each,
Nutmeg Ultra Dry Pants Size 5 ,Nutmeg Ultra Dry Pants Size 5 36 per pack,£4.25,11.8p each,
Nutmeg Ultra Dry Pants Size 5 ,Nutmeg Ultra Dry Pants Size 5 20 per pack,£2.70,13.5p each,
Nutmeg Ultra Dry Pants Size 6 ,Nutmeg Ultra Dry Pants Size 6 32 per pack,£4.25,13.3p each,
Nutmeg Ultra Dry Pants Size 6 ,Nutmeg Ultra Dry Pants Size 6 19 per pack,£2.70,14.2p each,
Nutmeg Ultra Slim Maternity Towels,Nutmeg Ultra Slim Maternity Towels16 per pack,£1.45,9.1p each,
Nutmeg Vegetable & Beef Hotpot Baby Food 12M+ ,Nutmeg Vegetable & Beef Hotpot Baby Food 12M+ 200g,£1,50p per 100g,
Nutmeg Vegetable & Chicken Cous Cous Baby Food 10M+ ,Nutmeg Vegetable & Chicken Co…190g,£1,52.6p per 100g,
Nutmeg Vegetable & Red Lentil Bake Baby Food 7M+ ,Nutmeg Vegetable & Red Lent…130g,85p,65.4p per 100g,
Nutmeg Vegetable & Salmon Pie Baby Food  7M+ ,Nutmeg Vegetable & Salmon…130g,85p,65.4p per 100g,
Nutmeg Vegetable Chilli Baby Food 12M+ ,Nutmeg Vegetable Chilli Baby Food 12M+ 200g,£1,50p per 100g,
 Nutmeg Water Filled Teethers 3M+, Nutmeg Water Filled Teethers 3M+3 per pack,£3,£1.00 each,
 Nutmeg Weaning Spoons 4M+, Nutmeg Weaning Spoons 4M+5 per pack,£2.50,50p each,
Oilatum Bath Formula,Oilatum Bath Formula150ml,£5.25,£3.50 per 100ml,
Olay Complete Care Sensitive Moisturiser Cream ,Olay Complete Care Sensit…50ml,£7,£14.00 per 100ml,
Olay Double Action Day Moisturiser Cream Normal/Dry,Olay Double Action Day Moistu…50ml,£5,£10.00 per 100ml,
Organic Babies Scent Free Mum & Baby Rescue Balm ,Organic Babies Scent Free Mum & Baby Rescue Balm 100ml,£13,£13.00 per 100ml,
Organic Children Aloe Vera Lotion & After Sun ,Organic Children Aloe Vera Lotion & After Sun 150ml,£13.20,£8.80 per 100ml,
Organic Children Berry Smoothie Bath & Shower Wash ,Organic Children Berry Smooth…200ml,£12.05,£6.03 per 100ml,
Organic Children Berry Smoothie Shampoo ,Organic Children Berry Smoothie Shampoo 200ml,£12.05,£6.03 per 100ml,
Organic Children Lavender Bath & Shower Wash ,Organic Children Lavender Bath & Shower Wash 200ml,£12,£6.00 per 100ml,
Organic Children Lavender Shampoo ,Organic Children Lavender Shampoo 220ml,£11,£5.00 per 100ml,
Organic Children Quick Clean Hand Foam,Organic Children Quick Clean Hand Foam100ml,£10,£10.00 per 100ml,
Organix Alphabet Organic Toddler Snack Biscuits Multipack,Organix Alphabet Organic Toddler…125g,£2.30,£1.84 per 100g,
Organix Animal Biscuits,Organix Animal Biscuits100g,£2,£2.00 per 100g,
Organix Apple & Orange Soft Oaty Bars 12+ Months,Organix Apple & Orange Soft…180g,£3,£1.67 per 100g,
Organix Apple Rice Cake Clouds,Organix Apple Rice Cake Clouds40g,£1.40,£3.50 per 100g,
Organix Apple Rice Cake Clouds Multipack ,Organix Apple Rice Cake Clouds Multipack 4 x 18g,£2.80,£3.89 per 100g,
Organix Banana Organic Soft Oat Snack Bars Multipack,Organix Banana Organic Soft O…6 x 30g,£3,£1.67 per 100g,
 Organix Banana Puffcorn 12+ Months , Organix Banana Puffcorn 12+ Months 40g,£2.30,£5.75 per 100g,
Organix Banana Rice Cake Clouds,Organix Banana Rice Cake Clouds40g,£1.40,£3.50 per 100g,
Organix Barbecue Gruffalo Claws 12 Months +,Organix Barbecue Gruffa…4 x 15g,£2.30,£3.83 per 100g,
Organix Carrot Cake Soft Oaty Bars 12+ Months ,Organix Carrot Cake Soft Oaty Bars 12+ Months 180g,£3,£1.67 per 100g,
Organix Carrot Stix,Organix Carrot Stix4 x 15g,£2.30,£3.83 per 100g,
 Organix Cheese & Herb Puffs 10+ Months, Organix Cheese & Herb Puffs 10+ Months4 x 15g,£2.30,£3.83 per 100g,
Organix Cheese & Onion Gruffalo Claws 12+ Months,Organix Cheese & Onion Gruf…4 x 15g,£2.30,£3.83 per 100g,
Organix Cherry Rice Cake Clouds,Organix Cherry Rice Cake Clouds40g,£1.40,£3.50 per 100g,
Organix Choco Orange Soft Oaty Bars 12+ Months,Organix Choco Orange Soft…6 x 30g,£3,£1.67 per 100g,
Organix Cocoa & Vanilla Gruffalo Biscuits 12+ Months,Organix Cocoa & Vanilla Gruff…5 x 20g,£2.80,£2.80 per 100g,
Organix Finger Foods Tomato Slices,Organix Finger Foods Tomato Slices20g,80p,£4.00 per 100g,Buy 5 for £3
Organix Goodies Gingerbread Men Biscuits,Organix Goodies Gingerbread Men Biscuits135g,£2.30,£1.70 per 100g,
Organix Jammie Monsters Organic Jam Toddler Snack Biscuits Multipack,Organix Jammie Monsters Organic Jam Tod…8 x 8g,£2.80,£4.38 per 100g,
 Organix Melty Carrot Puffs 6+ Months , Organix Melty Carrot Puffs 6+ Months 20g,80p,£4.00 per 100g,Buy 5 for £3
 Organix Melty Carrot Puffs 7+ Months Stage 2, Organix Melty Carrot Puffs 7+ Months Stage 24 x 18g,£2.70,£3.75 per 100g,
Organix Melty Organic Cheese Stars Baby Finger Food Snacks,Organix Melty Organic Cheese Star…20g,80p,£4.00 per 100g,Buy 5 for £3
Organix Melty Sweetcorn Rings Organic Baby Finger Food Snack,Organix Melty Sweetcorn Rings Organ…20g,80p,£4.00 per 100g,Buy 5 for £3
Organix Melty Veggie Sticks,Organix Melty Veggie Sticks4 x 15g,£2.50,£4.17 per 100g,
Organix Melty Veggie Sticks,Organix Melty Veggie Sticks15g,80p,£5.33 per 100g,Buy 5 for £3
Organix Mini Cheese Crackers ,Organix Mini Cheese Crackers 20g,70p,£3.50 per 100g,Buy 5 for £3
Organix Mini Gingerbread Men Organic Toddler Snack Biscuits,Organix Mini Gingerbread Men Orga…25g,70p,£2.80 per 100g,Buy 5 for £3
Organix Mini Organic Cheese Crackers Toddler Snack Multipack,Organix Mini Organic Cheese Cracker…80g,£2.20,£2.75 per 100g,
Organix Mini Organic Oat & Banana Flapjack Toddler Snack,Organix Mini Organic Oat & Bana…4 x 20g,£2.80,35p per 10g,
Organix Mini Organic Oat Toddler Snack Bar Bites,Organix Mini Organic Oat Toddler Snack Bar Bites110g,£2.30,£2.09 per 100g,
Organix Oat & Raisin Mini Flapjack Bites ,Organix Oat & Raisin Mini Flapjack Bites 4 x 20g,£2.80,35p per 10g,
 Organix Raisins , Organix Raisins 12 x 14g,£2.80,£1.67 per 100g,
 Organix Raspberry & Apple Soft Oaty Bars 12+ Months , Organix Raspberry & Apple So…180g,£3,£1.67 per 100g,
Organix Strawberry & Apple Soft Oaty Bars 12+ Months ,Organix Strawberry & Apple So…6 x 30g,£3,£1.67 per 100g,
Organix Strawberry Rice Cake Clouds ,Organix Strawberry Rice Cake Clouds 40g,£1.40,£3.50 per 100g,
Organix Summer Fruits Rice Cake Clouds ,Organix Summer Fruits Rice Cake Clouds 40g,£1.40,£3.50 per 100g,
Original Sprout Baby 2 in 1 Hair & Body Wash ,Original Sprout Baby 2 in 1 Hair & Body Wash 354ml,£15.99,£4.52 per 100ml,
Original Sprout Baby Cream ,Original Sprout Baby Cream 236ml,£15.99,£6.78 per 100ml,
Original Sprout Children's Natural Shampoo ,Original Sprout Children's Natural Shampoo 354ml,£13.99,£3.95 per 100ml,
Palmer's Cocoa Butter Formula Baby Butter,Palmer's Cocoa Butter Formula Baby Butter250ml,£5,£2.00 per 100ml,
Palmer's Cocoa Butter Formula Baby Oil,Palmer's Cocoa Butter Formula Baby Oil150ml,£5,£3.33 per 100ml,
Palmer's Cocoa Butter Formula with Vitamin E Concentrated Cream,Palmer's Cocoa Butter Formula with Vi…60g,£1.50,£2.50 per 100g,"Offer price £1.50, was £2.25"
Palmer's Cocoa Butter Lotion,Palmer's Cocoa Butter Lotion250ml,£3,£1.20 per 100ml,"Offer price £3, was £4.30"
Palmer's Cocoa    Butter Lotion    Pump ,Palmer's Cocoa    Butter Lotion    Pump 400ml,£4,£1.00 per 100ml,"Offer price £4, was £6"
Palmer's Cocoa Butter Skin Firming Butter,Palmer's Cocoa Butter Skin Firming Butter315g,£5.50,£1.75 per 100g,
Palmer's Cocoa Butter Skin Therapy,Palmer's Cocoa Butter Skin Therapy60g,£7,£11.67 per 100g,
Palmer's Cocoa Butter Stretch Mark Lotion,Palmer's Cocoa Butter Stretch Mark Lotion250ml,£5.50,£2.20 per 100ml,
"Pampers Active Fit Nappies Size 4, 9kg-14kg, Essential Pack",Pampers Active Fit Nappies Size 4…37 per pack,£11,29.7p each,
"Pampers Active Fit Nappies Size 4, 9kg-14kg, Jumbo+ Pack",Pampers Active Fit Nappies Size…60 per pack,£14.99,25p each,Buy 2 for £22
"Pampers Active Fit Nappies Size 5, 11kg-16kg, Essential Pack",Pampers Active Fit Nappies Size 5…32 per pack,£11,34.4p each,
"Pampers Active Fit Nappies Size 6, 13kg+, Essential Pack",Pampers Active Fit Nappies Size…28 per pack,£11,39.3p each,
"Pampers Active Fit Nappy Pants Size 4, 9-15kg, Essential Pack",Pampers Active Fit Nappy Pants Size…30 per pack,£11,36.7p each,
Pampers Active Fit Nappy Pants Size 4 Jumbo+ Pack,Pampers Active Fit Nappy Pants Size 4 Jumbo+ Pack54 per pack,£16.50,30.6p each,Buy 2 for £22
Pampers Active Fit Nappy Pants Size 5 27 Pants,Pampers Active Fit Nappy Pants Size 5 27 Pants27 per pack,£11,40.7p each,
Pampers Active Fit Nappy Pants Size 5 Jumbo+ Pack 44 Pants,Pampers Active Fit Nappy Pants Si…44 per pack,£16.50,37.5p each,Buy 2 for £22
Pampers Active Fit Nappy Pants Size 6,Pampers Active Fit Nappy Pants Size 622 per pack,£11,50p each,
Pampers Active Fit Nappy Pants Size 6 Jumbo+ Pack,Pampers Active Fit Nappy Pants Size 6 Jumbo+ Pack42 per pack,£16.50,39.3p each,Buy 2 for £22
Pampers Aqua Harmonie Plastic Free Baby Wipes,Pampers Aqua Harmonie Plastic Free Baby Wipes,£16,,
Pampers Baby-Dry Nappies Size 4 ,Pampers Baby-Dry Nappies Size 4 44 per pack,£6.50,14.8p each,"Offer price £6.50, was £11"
Pampers Baby-Dry Nappies Size 4 9-14kg Jumbo+ Pack,Pampers Baby-Dry Nappies Si…86 per pack,£16.50,19.2p each,Buy 2 for £22
"Pampers Baby-Dry Nappies Size 5, 11-16kg Essential Pack",Pampers Baby-Dry Nappies Size 5…39 per pack,£6.50,16.7p each,"Offer price £6.50, was £11"
"Pampers Baby-Dry Nappies Size 5,11-16kg Jumbo+ Pack",Pampers Baby-Dry Nappies Size…72 per pack,£16.50,22.9p each,Buy 2 for £22
"Pampers Baby-Dry Nappies Size 6, 13-18kg Jumbo+ Pack",Pampers Baby-Dry Nappies Size…62 per pack,£16.50,26.6p each,Buy 2 for £22
Pampers Baby-Dry Nappies Size 6 13-18kg Essential Pack ,Pampers Baby-Dry Nappies Size 6…33 per pack,£6.50,19.7p each,"Offer price £6.50, was £11"
"Pampers Baby-Dry Nappies Size 8, 17+kg Jumbo+ Pack",Pampers Baby-Dry Nappies Si…52 per pack,£16.50,31.7p each,Buy 2 for £22
Pampers Baby-Dry Nappies Size 8 17+kg Essential Pack,Pampers Baby-Dry Nappies Size…27 per pack,£6.50,24.1p each,"Offer price £6.50, was £11"
Pampers Baby-Dry Nappy Pants Size 3,Pampers Baby-Dry Nappy Pants Size 350 per pack,£11,22p each,
Pampers Baby-Dry Nappy Pants Size 3,Pampers Baby-Dry Nappy Pants Size 344 per pack,£11,25p each,
Pampers Baby-Dry Nappy Pants Size 4,Pampers Baby-Dry Nappy Pants Size 438 per pack,£11,28.9p each,
 Pampers Baby-Dry Nappy Pants Size 4 Pants Jumbo + Pack, Pampers Baby-Dry Nappy Pants S…74 per pack,£16.50,22.3p each,Buy 2 for £22
Pampers Baby-Dry Nappy Pants Size 5,Pampers Baby-Dry Nappy Pants Size 533 per pack,£11,33.3p each,
Pampers Baby-Dry Nappy Pants Size 5 Pants Jumbo + Pack,Pampers Baby-Dry Nappy Pants Si…60 per pack,£16.50,27.5p each,Buy 2 for £22
Pampers Baby-Dry Nappy Pants Size 6,Pampers Baby-Dry Nappy Pants Size 628 per pack,£11,39.3p each,
 Pampers Baby-Dry Nappy Pants Size 6 Pants Jumbo + Pack, Pampers Baby-Dry Nappy Pants S…52 per pack,£16.50,31.7p each,Buy 2 for £22
Pampers Baby-Dry Nappy Pants Size 7,Pampers Baby-Dry Nappy Pants Size 725 per pack,£11,44p each,
"Pampers Baby-Dry Nappy Pants Size 7, 17+kg, Jumbo+ Pack",Pampers Baby-Dry Nappy Pants Si…48 per pack,£16.50,34.4p each,Buy 2 for £22
Pampers Baby-Dry Night Nappy Pants Size 4 Night Nappies 9kg-15kg,Pampers Baby-Dry Night Nappy Pants Si…32 per pack,£11,34.4p each,
Pampers Baby-Dry Night Nappy Pants Size 5 Night Nappies 12kg-17kg,Pampers Baby-Dry Night Nappy Pants Si…28 per pack,£11,39.3p each,
Pampers Baby-Dry Size 7,Pampers Baby-Dry Size 758 per pack,£16.50,28.4p each,Buy 2 for £22
Pampers Baby Dry Nappy Pants Size 8,Pampers Baby Dry Nappy Pants Size 822 per pack,£11,50p each,
Pampers Baby Dry Nappy Pants Size 8 Jumbo ,Pampers Baby Dry Nappy Pants Size 8 Jumbo 43 per pack,£16.50,38.4p each,Buy 2 for £22
Pampers Baby Dry Night Pants Size 6 Extra Protection,Pampers Baby Dry Night Pants…24 per pack,£11,45.8p each,
Pampers Baby Dry Size 7 30 Nappies 15kg Plus Essential Pack,Pampers Baby Dry Size 7 30 Nappie…30 per pack,£6.50,21.7p each,"Offer price £6.50, was £11"
Pampers Fresh Clean Baby Wipes ,Pampers Fresh Clean Baby Wipes 52 per pack,£1.15,2.2p each,Buy 2 for £2
Pampers Fresh Clean Baby Wipes,Pampers Fresh Clean Baby Wipes4 x 52 per pack,£3.95,1.9p each,
Pampers Harmonie Aqua Baby Wipes Plastic Free,Pampers Harmonie Aqua Baby Wipes Plastic Free48 per pack,£2.50,5.2p each,
Pampers Harmonie Aqua Baby Wipes Plastic Free,Pampers Harmonie Aqua Baby Wipes Plastic Free3 x 48 per pack,£6.50,4.5p each,
Pampers Harmonie Size 3 31 Nappies 6kg-10kg Essential Pack,Pampers Harmonie Size 3 31 Nappie…31 per pack,£11,35.5p each,
Pampers Harmonie Size 4 28 Nappies 9kg-14kg Essential Pack,Pampers Harmonie Size 4 28 Nappie…28 per pack,£11,39.3p each,
Pampers Harmonie Size 5 24 Nappies 11kg-16kg Essential Pack,Pampers Harmonie Size 5 24 Nappie…24 per pack,£11,45.8p each,
"Pampers New Baby Nappies Size 1, 2kg-5kg, Carry Pack",Pampers New Baby Nappies Size…22 per pack,£5,22.7p each,
"Pampers New Baby Nappies Size 1, 2kg-5kg, Essential Pack",Pampers New Baby Nappies Size 1…50 per pack,£8,16p each,Buy 2 for £14
"Pampers New Baby Nappies Size 1, 2kg-5kg, Jumbo+ Pack",Pampers New Baby Nappies Size…80 per pack,£12.99,16.2p each,Buy 2 for £21
"Pampers New Baby Nappies Size 2, 4kg-8kg, Essential Pack",Pampers New Baby Nappies Size 2…46 per pack,£8,17.4p each,Buy 2 for £14
"Pampers New Baby Nappies Size 2, 4kg-8kg, Jumbo+ Pack",Pampers New Baby Nappies Size…76 per pack,£12.99,17.1p each,Buy 2 for £21
"Pampers New Baby Nappies Size 3, 6kg-10kg, Essential Pack",Pampers New Baby Nappies Size 3…42 per pack,£8,19p each,Buy 2 for £14
"Pampers New Baby Nappies Size 3,  6kg-10kg, Jumbo+ Pack",Pampers New Baby Nappies Size 3…72 per pack,£12.99,18p each,Buy 2 for £21
Pampers New Baby Sensitive Baby Wipes ,Pampers New Baby Sensitive Baby Wipes 50 per pack,£2,4p each,
Pampers New Baby Sensitive Baby Wipes,Pampers New Baby Sensitive Baby Wipes12 x 50 per pack,£15,2.5p each,
Pampers New Baby Sensitive Baby Wipes Quad ,Pampers New Baby Sensit…4 x 50 per pack,£6.50,3.3p each,
Pampers New Baby Size 0,Pampers New Baby Size 024 per pack,£5,20.8p each,
Pampers Ninjamas Pyjama Pants Boys 4-7 Years,Pampers Ninjamas Pyjama…10 per pack,£6.50,65p each,
Pampers Ninjamas Pyjama Pants Boys 8-12 Years,Pampers Ninjamas Pyjama P…9 per pack,£6.50,72.2p each,
Pampers Ninjamas Pyjama Pants Girls 8-12 Years,Pampers Ninjamas Pyjama P…9 per pack,£6.50,72.2p each,
Pampers Ninjamas Pyjama Pants Nappies Pull On Size 7 Giant Plus,Pampers Ninjamas Pyjama Pants Nappies…10 per pack,£6.50,65p each,
Pampers Sensitive Baby Wipes,Pampers Sensitive Baby Wipes4 x 52 per pack,£3.95,1.9p each,
Pampers Sensitive Baby Wipes,Pampers Sensitive Baby Wipes12 x 52 per pack,£12,1.9p each,
 Pampers Sensitive Fragrance Free Baby Wipes , Pampers Sensitive Fragra…52 per pack,£1.15,2.2p each,Buy 2 for £2
Piccolo Organic Apple & Cherry Yoghurt 6+ Months,Piccolo Organic Apple & Cherry Yoghurt 6+ Months100g,£1.40,£1.40 per 100g,
"Piccolo Organic Apple, Banana & Blueberry 4+ Months","Piccolo Organic Apple, Banana…100g",£1.40,£1.40 per 100g,
"Piccolo Organic Blushing Berries, Pear & Banana 4+ Months",Piccolo Organic Blushing Berries…100g,£1.40,£1.40 per 100g,
Piccolo Organic Bolognese Sauce,Piccolo Organic Bolognese Sauce120g,£1.40,£1.17 per 100g,
Piccolo Organic Classic Tomato Stir-In Sauce 7+ Months,Piccolo Organic Classic Tomato…120g,£1.50,£1.25 per 100g,
Piccolo Organic Garden Vegetables Three Grain Risotto with Cheese 7+ Months,Piccolo Organic Garden Vegetabl…130g,£1.90,£1.46 per 100g,Buy 4 for £6.50
Piccolo Organic Mini Stars Pasta for Baby Cooking 7+ Months,Piccolo Organic Mini Stars Pasta…500g,£2.20,44p per 100g,
"Piccolo Organic Pear, Apple & Spring Greens 4+ Months","Piccolo Organic Pear, Apple &…100g",£1.40,£1.40 per 100g,
"Piccolo Organic Pear, Banana, Coconut & Baby Rice 6+ Months","Piccolo Organic Pear, Banana, Coc…100g",£1.40,£1.40 per 100g,
Piccolo Organic Purple & Go Fruit & Veg Smoothie Multipack 6+ Months,Piccolo Organic Purple & Go Fruit & Veg…4 x 90g,£3.70,10.3p per 10g,
Piccolo Organic Red & Go Fruit & Veg Smoothie Multipack 6+ Months,Piccolo Organic Red & Go Fruit & Veg…4 x 90g,£3.70,10.3p per 10g,
Piccolo Organic Spring Vegetables & Chicken Casserole with Rice 7+ Months,Piccolo Organic Spring Vegetabl…130g,£1.90,£1.46 per 100g,Buy 4 for £6.50
Piccolo Organic Squash Mac & Cheese 7+ Months,Piccolo Organic Squash Mac & Cheese 7+ Months130g,£1.90,£1.46 per 100g,Buy 4 for £6.50
"Piccolo Organic Strawberry, Banana & Peach 4+ Months","Piccolo Organic Strawberry, B…100g",£1.40,14p per 10g,
Piccolo Organic Sweet Potato & Beef Meatballs 7+ Months,Piccolo Organic Sweet Potato &…130g,£1.90,£1.46 per 100g,Buy 4 for £6.50
"Piccolo Organic Sweet Potato, Beetroot, Pear & Apple 4+ Months ","Piccolo Organic Sweet Potato, Beetroo…100g",£1.40,£1.40 per 100g,
Piccolo Organic Sweet Tomato & Mozzarella Spaghetti 7+ Months,Piccolo Organic Sweet Tomato & Mozz…130g,£1.90,£1.46 per 100g,Buy 4 for £6.50
"Potette Plus 2in1 Folding Portable Potty, White","Potette Plus 2in1 Folding Portable Potty, White",£17,£17.00 each,
Potette Plus Potty Liners,Potette Plus Potty Liners30 per pack,£13.20,44p each,
Pregnacare Conception,Pregnacare Conception30 per pack,£8.50,28.3p each,
Ramer Ultra Soft Baby Sponge Twinpack,Ramer Ultra Soft Baby Sponge Twinpack2 per pack,£3,£1.50 each,
Rex London Llama Jumbo Bag,Rex London Llama Jumbo Bag,£6,£6.00 each,
Sass & Belle Bee Bamboo Spoons ,Sass & Belle Bee Bamboo Spoons 3 per pack,£5.25,£1.75 each,
Sensodyne Pronamel Kids Enamel Toothpaste 6-12 Years,Sensodyne Pronamel Kids Ename…50ml,£2,£4.00 per 100ml,
Seven Seas Pregnancy Trying for a Baby Conception Vitamins 28 Tablets,Seven Seas Pregnancy Trying f…28 per pack,£5.50,19.6p each,
Seven Seas Pregnancy Vitamins with Folic Acid 28 Tablets,Seven Seas Pregnancy Vitamins w…28 per pack,£6,21.4p each,
SMA 1 First Baby Milk Formula From Birth,SMA 1 First Baby Milk Formula From Birth200ml,£1.05,52.5p per 100ml,
SMA 1 First Baby Milk Formula From Birth,SMA 1 First Baby Milk Formula From Birth1L,£4.45,44.5p per 100ml,
SMA 1 First Baby Milk Formula Starter Pack From Birth,SMA 1 First Baby Milk Formula…6 x 70ml,£8.80,£2.10 per 100ml,
SMA 2 Follow On Baby Milk Formula,SMA 2 Follow On Baby Milk Formula200ml,£1.05,52.5p per 100ml,Buy 5 for £5
Sma Advanced 1 From Birth First Infant Milk ,Sma Advanced 1 From Birth First Infant Milk 800g,£15.50,£1.94 per 100g,
Sma Advanced 2 6+ Months Follow - On Milk ,Sma Advanced 2 6+ Months Follow - On Milk 800g,£15.50,£1.94 per 100g,
Sma Advanced 3 12 Months To 3 Years Growing Up Milk ,Sma Advanced 3 12 Months To 3…800g,£15.50,£1.94 per 100g,
SMA Anti Reflux Baby Milk Formula From Birth,SMA Anti Reflux Baby Milk Formula From Birth800g,£16,£2.00 per 100g,
SMA Comfort Easy to Digest Infant Milk from Birth ,SMA Comfort Easy to Digest…800g,£16,£2.00 per 100g,
SMA Extra Hungry Baby Milk Formula From Birth,SMA Extra Hungry Baby Milk Formula From Birth800g,£13.50,£1.69 per 100g,
S M A Lactose Free Formula From Birth ,S M A Lactose Free Formula From Birth 400g,£8.50,£2.13 per 100g,
 SMA Little Steps 1-3 Years Growing Up Milk, SMA Little Steps 1-3 Years Growing Up Milk800g,£9.25,£1.16 per 100g,
Sma Little Steps First Infant Ready To Drink Milk,Sma Little Steps First Infant Ready To Drink Milk200ml,85p,42.5p per 100ml,
Sma Little Steps Follow On Milk,Sma Little Steps Follow On Milk200ml,85p,42.5p per 100ml,Buy 4 for £3
SMA Little Steps Organic Banana Popcorn Puffs,SMA Little Steps Organic Banana Popcorn Puffs35g,£1.60,£4.57 per 100g,
Sma Pro 1 From Birth First Infant Milk,Sma Pro 1 From Birth First Infant Milk2 x 600g,£17,£1.42 per 100g,
SMA Pro 2 Follow On Baby Milk Formula,SMA Pro 2 Follow On Baby Milk Formula800g,£13.50,£1.69 per 100g,
SMA PRO First Infant Milk From Birth,SMA PRO First Infant Milk From Birth800g,£13.50,£1.69 per 100g,
SMA Pro Growing Up Milk 1-3 Years,SMA Pro Growing Up Milk 1-3 Years800g,£13,£1.63 per 100g,
 SMA Ready to Drink Growing Up Milk 12 Months- 3 Years, SMA Ready to Drink Growing Up…200ml,95p,47.5p per 100ml,Buy 5 for £4.50
S M A Soya Infant Formula From Birth,S M A Soya Infant Formula From Birth800g,£16.50,£2.06 per 100g,
Snuffle Babe Nasal Spray ,Snuffle Babe Nasal Spray 15ml,£4.25,£28.33 per 100ml,
Snuffle babe Saline Drops,Snuffle babe Saline Drops10ml,£3,£30.00 per 100ml,
Snuffle Babe Vapour Oil ,Snuffle Babe Vapour Oil 10ml,£8.49,£84.90 per 100ml,
Solution Eu Ltd Non - Slip Potty,Solution Eu Ltd Non - Slip Potty,£6,,
Solution Eu Ltd Non - Slip Step Stool,Solution Eu Ltd Non - Slip Step Stool,£6,,
Sudocrem Antiseptic Healing Cream,Sudocrem Antiseptic Healing Cream125g,£3.25,£2.60 per 100g,
Sudocrem Antiseptic Healing Cream,Sudocrem Antiseptic Healing Cream250g,£4.90,£1.96 per 100g,
Sudocrem Care And Protect,Sudocrem Care And Protect100g,£10,£10.00 per 100g,
Sudocrem Naturals Nappy Cream,Sudocrem Naturals Nappy Cream30g,£5.99,£19.97 per 100g,
Sudosalve Nappy Rash Treatment Cream,Sudosalve Nappy Rash Treatment Cream25g,£6,£24.00 per 100g,
TENA Incontinence Pants Plus L,TENA Incontinence Pants Plus L8 per pack,£9.50,£1.19 each,"TENA Unisex Pants - Buy 3, Save 5%"
TENA Incontinence Pants Plus M,TENA Incontinence Pants Plus M9 per pack,£9.50,£1.06 each,"TENA Unisex Pants - Buy 3, Save 5%"
TENA Incontinence Pants Plus XL,TENA Incontinence Pants Plus XL12 per pack,£13.95,£1.16 each,"TENA Unisex Pants - Buy 3, Save 5%"
TENA Incontinence Pants Super M,TENA Incontinence Pants Super M12 per pack,£13.95,£1.16 each,"TENA Unisex Pants - Buy 3, Save 5%"
TENA Lady Discreet Normal Incontinence Pads Duo,TENA Lady Discreet Normal…,£5,,
TENA Lady Extra Incontinence Pads,TENA Lady Extra Incontinence Pads10 per pack,£2.25,22.5p each,
TENA Lady Extra Incontinence Pads Duo,TENA Lady Extra Incontinence Pads Duo2 x 10 per pack,£5,25p each,
TENA Lady Extra Plus Incontinence Pads,TENA Lady Extra Plus Incontinence Pads8 per pack,£2.25,28.1p each,
TENA Lady Extra Plus Incontinence Pads Duo,TENA Lady Extra Plus Incontinence Pads Duo16 per pack,£4.99,31.2p each,
TENA Lady Maxi Night Incontinence Pads,TENA Lady Maxi Night Incontinence Pads6 per pack,£2.25,37.5p each,
TENA Lady Maxi Night Incontinence Pads Duo,TENA Lady Maxi Night Incontinence Pads Duo2 x 6 per pack,£5,41.7p each,
TENA Lady Silhouette Incontinence Pants Normal L Duo,TENA Lady Silhouette Incontin…2 x 5 per pack,£8.49,84.9p each,
TENA Lady Silhouette Incontinence Pants Normal M Duo,TENA Lady Silhouette Incontin…2 x 6 per pack,£8.49,70.8p each,
Tena Pants Super Large,Tena Pants Super Large12 per pack,£13.95,£1.16 each,"TENA Unisex Pants - Buy 3, Save 5%"
Tena Silhouette Underwear High Waist Plus Black Large,Tena Silhouette Underwear Hig…8 per pack,£8.49,£1.06 each,
Tena Silhouette Underwear High Waist Plus Black Medium,Tena Silhouette Underwear High…9 per pack,£8.49,94.3p each,
Tilda Kids Sunshine Vegetable Rice,Tilda Kids Sunshine Vegetable Rice125g,£1.15,92p per 100g,
Tilda Kids Vegetable Paella ,Tilda Kids Vegetable Paella 125g,£1.15,92p per 100g,
 Tommee Tippee 2 Milk Feeding Bibs 0M+, Tommee Tippee 2 Milk Feeding Bibs 0M+2 per pack,£5.49,£2.75 each,
Tommee Tippee 3 Twist & Click Softly Scented Citrus Refills,Tommee Tippee 3 Twist & Click Sof…,£14.99,,
Tommee Tippee Active Sippee Cup 12M +,Tommee Tippee Active Sippee Cup 12M +,£5,,
Tommee Tippee Advanced Anti - Colic 2 260Ml Decorated Bottles 0M+,Tommee Tippee Advanced Anti - Colic 2…,£13,,"Offer price £13, was £19.99"
Tommee Tippee Advanced Anti-Colic 260Ml 9 Floz Bottle,Tommee Tippee Advanced Anti-C…,£7.49,,
Tommee Tippee Advanced Anti-Colic Med Flow Teats,Tommee Tippee Advanced Anti-Colic Med Flow Teats2 per pack,£5.49,£2.75 each,Buy 2 for £8
Tommee Tippee Any Time 2 Soothers 18-36 Months,Tommee Tippee Any Time 2 Soothers 18-36 Months,£5.60,,Buy 2 for £8
 Tommee Tippee Anytime Orthodontic Soothers 0-6M, Tommee Tippee Anytime Orth…2 per pack,£5.60,£2.80 each,Buy 2 for £8
 Tommee Tippee Big Kids 1st Cutlery Set 12M+, Tommee Tippee Big Kids 1st Cutlery Set 12M+,£2.50,,"Offer price £2.50, was £4.99"
Tommee Tippee Closer To Nature 0+ Months Vari Flow Teats ,Tommee Tippee Closer To Nature 0+…2 per pack,£5.50,£2.75 each,Buy 2 for £8
Tommee Tippee Closer To Nature 0-6 Months Fun Soothers  (Colours may vary),Tommee Tippee Closer To Nature…2 per pack,£6,£3.00 each,Buy 2 for £8
Tommee Tippee Closer To Nature 260Ml Bottle 0M+,Tommee Tippee Closer To Nature 260Ml Bottle 0M+,£5,,"Offer price £5, was £7.49"
 Tommee Tippee Closer To Nature 6 Milk Powder Dispensers , Tommee Tippee Closer To Nature 6…6 per pack,£5.49,91.5p each,
Tommee Tippee Closer To Nature Baby Bottles Months,Tommee Tippee Closer To Nat…3 x 150ml,£11,£2.45 per 100ml,"Offer price £11, was £16.99"
Tommee Tippee Closer To Nature Bottle & Teat Brush,Tommee Tippee Closer To Nature Bottle & Teat Brush,£4.49,,
 Tommee Tippee Closer To Nature Bottles 0M+, Tommee Tippee Closer To Nature Bottles 0M+3 per pack,£12,£4.00 each,"Offer price £12, was £17.99"
Tommee Tippee Closer To Nature Easivent Fast Flow Teats ,Tommee Tippee Closer To Nature…2 per pack,£5.50,£2.75 each,Buy 2 for £8
Tommee Tippee Closer To Nature Easivent Medium Flow Teats,Tommee Tippee Closer To Nature Ea…2 per pack,£5.50,£2.75 each,Buy 2 for £8
Tommee Tippee Closer To Nature Manual Breast Pump,Tommee Tippee Closer To Nat…,£30,,
Tommee Tippee Easi-Warm Bottle And Food Warmer,Tommee Tippee Easi-Warm B…,£30,,
Tommee Tippee Easiflow 360 Degree Cup 12M+,Tommee Tippee Easiflow 360 Degree Cup 12M+250ml,£5.99,£2.40 per 100ml,
Tommee Tippee Easiflow 360 Degree Cup 6M+,Tommee Tippee Easiflow 360 Degree Cup 6M+200ml,£5.99,£3.00 per 100ml,
Tommee Tippee Essentials Brush And Comb                 ,Tommee Tippee Essentials Brush And Comb                 2 per pack,£2.49,£1.25 each,
Tommee Tippee Essentials Nail Clippers              ,Tommee Tippee Essentials Nail Clippers              ,£3,,
Tommee Tippee Essentials Scissors                     ,Tommee Tippee Essentials Scissors                     ,£3,,
Tommee Tippee Fast Flow Advanced Anti - Colic 2 Teats 6M+,Tommee Tippee Fast Flow Advanced…,£5.50,,Buy 2 for £8
 Tommee Tippee Flippee Trainer Cup 4M+, Tommee Tippee Flippee Trainer Cup 4M+,£2,,
 Tommee Tippee Fun Style Orthodontic Soothers 18-36M, Tommee Tippee Fun Style Orth…2 per pack,£5.60,£2.80 each,Buy 2 for £8
 Tommee Tippee Fun Style Orthodontic Soothers 6-18M, Tommee Tippee Fun Style Orth…2 per pack,£5.60,£2.80 each,Buy 2 for £8
Tommee Tippee Girls Anytime Soother 6-18M,Tommee Tippee Girls Anytime Soother 6-18M2 per pack,£4.99,£2.50 each,
Tommee Tippee Go Prep Formula Feed Maker,Tommee Tippee Go Prep Formula Feed Maker,£44.99,,
Tommee Tippee Heat Sense Weaning Spoon,Tommee Tippee Heat Sense Weaning Spoon4 x 4 per pack,£2.50,15.6p each,"Offer price £2.50, was £3.49"
Tommee Tippee Insulated Straw,Tommee Tippee Insulated Straw12 x 266ml,£5.99,18.8p per 100ml,Buy 2 for £8
 Tommee Tippee Made For Me Manual Breast Pump, Tommee Tippee Made For Me Manual Breast Pump,£31.99,,
 Tommee Tippee Micro-Steam Microwave Steriliser, Tommee Tippee Micro-Stea…,£34.99,,
Tommee Tippee Mixed Colour Anytime Soother 6 - 18 Months,Tommee Tippee Mixed Colour Anyt…2 per pack,£6,£3.00 each,Buy 2 for £8
Tommee Tippee Night Time Orthodontic Soothers,Tommee Tippee Night Time…2 x 6m,£5.99,49.9p per 1m,Buy 2 for £8
 Tommee Tippee Night time Orthodontic Soothers 18-36M, Tommee Tippee Night time Ort…2 per pack,£5.60,£2.80 each,Buy 2 for £8
 Tommee Tippee Night Time Orthodontic Soothers 6-18M, Tommee Tippee Night Time Ort…2 per pack,£5.60,£2.80 each,Buy 2 for £8
Tommee Tippee No Knock Cup 12+M ,Tommee Tippee No Knock Cup 12+M 300ml,£7,£2.33 per 100ml,
  Tommee Tippee Orthodontic Anytime Soother 6-18M,  Tommee Tippee Orthodontic…2 per pack,£4.99,£2.50 each,
Tommee Tippee Perfect Prep Replacement Filter,Tommee Tippee Perfect Prep Replacement Filter,£13.49,,
Tommee Tippee Pop Up Pots 4 Months+,Tommee Tippee Pop Up Pots 4 Months+4 per pack,£4.30,£1.08 each,"Offer price £4.30, was £4.99"
Tommee Tippee Sip Cup,Tommee Tippee Sip Cup,£5.99,,Buy 2 for £8
Tommee Tippee Sippee Cup ,Tommee Tippee Sippee Cup ,£5.99,,Buy 2 for £8
Tommee Tippee Softee Weaning Spoons,Tommee Tippee Softee Weaning Spoons5 per pack,£2.50,50p each,"Offer price £2.50, was £3.49"
Tommee Tippee Straw Cup,Tommee Tippee Straw Cup,£5.99,,Buy 2 for £8
Tommee Tippee  Super Star Cup,Tommee Tippee  Super Star Cup,£5.99,,Buy 2 for £8
Tommee Tippee Super Star Sportee Cupp,Tommee Tippee Super Star Sportee Cupp,£5.99,,Buy 2 for £8
Tommee Tippee Training Sippee Cup,Tommee Tippee Training Sippee Cup,£5,,
Vaseline Intensive Care Aloe Soothe Body Lotion,Vaseline Intensive Care Aloe Soothe Body Lotion400ml,£3,75p per 100ml,"Offer price £3, was £6"
Vaseline Intensive Care Cocoa Lotion,Vaseline Intensive Care Cocoa Lotion400ml,£3,75p per 100ml,"Offer price £3, was £6"
Vaseline Petroleum Jelly,Vaseline Petroleum Jelly100ml,£2,£2.00 per 100ml,
Vicks BabyRub Ointment For Soothing and Relaxing Baby Massage Jar,Vicks BabyRub Ointment For Soothing a…50g,£4.50,£9.00 per 100g,
Vitabiotics Pregnacare Max Dual Pack Tablets / Capsules,Vitabiotics Pregnacare Max Dual…84 per pack,£16,19p each,
Vitabiotics Pregnacare Original Vitamin Capsules,Vitabiotics Pregnacare Original Vitamin Capsules30 per pack,£4,13.3p each,
Vitabiotics Pregnacare Plus,Vitabiotics Pregnacare Plus56 per pack,£12,21.4p each,
Vitabiotics Wellbaby Multi Vitamin Drops ,Vitabiotics Wellbaby Multi Vitamin Drops 30ml,£5,£16.67 per 100ml,
Vitabiotics Wellbaby Vitamin D Drops ,Vitabiotics Wellbaby Vitamin D Drops 30ml,£5,£16.67 per 100ml,
Vitabiotics Wellkid Calcium Liquid,Vitabiotics Wellkid Calcium Liquid150ml,£5,£3.33 per 100ml,
Waterwipes Baby Box Multipack Wipes,Waterwipes Baby Box Multipack Wipes12 x 60 per pack,£28.99,4p each,
Waterwipes Biodegradable Baby Wipes ,Waterwipes Biodegra…4 x 60 per pack,£10.99,4.6p each,
Waterwipes Biodegradable Baby Wipes ,Waterwipes Biodegra…9 x 60 per pack,£21.99,4.1p each,
Waterwipes Biodegradable Baby Wipes ,Waterwipes Biodegra…60 per pack,£2.25,3.8p each,"Offer price £2.25, was £3"
Waterwipes Biodegradable Textured Baby Wipes ,Waterwipes Biodegradable…60 per pack,£2.25,3.8p each,"Offer price £2.25, was £3"
Waterwipes Weaning Biodegradable Baby Wipes,Waterwipes Weaning Biod…4 x 60 per pack,£10.99,4.6p each,
Weleda Baby & Child Calendula Nappy Change Cream,Weleda Baby & Child Calendu…75ml,£7.50,£10.00 per 100ml,
Weleda Baby Calendula Face Cream,Weleda Baby Calendula Face Cream50ml,£10.50,£21.00 per 100ml,
Weleda Baby Calendula Moisturising Body Cream,Weleda Baby Calendula Moisturising Body Cream75ml,£9.75,£13.00 per 100ml,
Weleda Baby Calendula Soap,Weleda Baby Calendula Soap100g,£5.50,£5.50 per 100g,
Weleda Baby Chamomile Teething Granules,Weleda Baby Chamomile Teething Granules29g,£6.25,£21.55 per 100g,
Weleda Calendula Shampoo & Body Wash ,Weleda Calendula Shampoo & Body Wash 200ml,£7.95,£3.98 per 100ml,
Weleda Nipple Balm,Weleda Nipple Balm25g,£8.25,£33.00 per 100g,
Well Kid Baby Syrup,Well Kid Baby Syrup150ml,£5,£3.33 per 100ml,
Westlab Soothing Dead Sea Bath Salt,Westlab Soothing Dead Sea Bath Salt1kg,£2.80,28p per 100g,
Woodwards Gripe Water,Woodwards Gripe Water150ml,£4,£2.67 per 100ml,
