name,Price Per Unit,Price Per Measure,Promotion
Heineken Premium Lager Beer Bottle,Heineken Premium…650ml,£2.55,£3.92 per litre,Buy 4 for the Price of 3
Birra Moretti Lager Beer Cans,Birra Moretti…10 x 330ml,£12.50,£3.79 per litre,
Birra Moretti Lager Beer Bottles,Birra Moretti L…12 x 330ml,£13.50,£3.41 per litre,"Offer price £13.50, was £16"
Brixton Brewery Reliance Pale Ale ,Brixton Bre…4 x 330ml,£6.50,£4.92 per litre,Buy 2 for £10
Inch's Medium Apple,Inch's Medium Apple10 x 440ml,£9.50,£2.16 per litre,
Desperados Tequila Lager Beer Bottles,Desperados Tequila…12 x 250ml,£15.00,£5.00 per litre,
Kronenbourg 1664 Lager Beer Bottles,Kronenbourg 1664…12 x 275ml,£11.50,£3.48 per litre,
Strongbow Original Cider,Strongbow Original Cider4 x 440ml,£4.55,£2.59 per litre,
Brixton Brewery Atlantic A.P.A. ,Brixton Brewery…4 x 330ml,£6.50,£4.92 per litre,Buy 2 for £10
Birra Moretti Lager Beer Cans,Birra Moretti…6 x 330ml,£7.50,£3.79 per litre,Buy 2 for £10
Inch's Medium Apple ,Inch's Medium Apple 4 x 440ml,£5.00,£2.84 per litre,
Birra Moretti Lager Beer Bottles,Birra Moretti L…18 x 330ml,£23.00,£3.87 per litre,
Strongbow Ultra Dark Fruit Cider,Strongbow Ultra…4 x 330ml,£5.50,£4.17 per litre,
Heineken 0.0 Alcohol Free Lager Beer Bottles,Heineken 0.0 Alco…4 x 330ml,£4.50,£3.41 per litre,
Birra Moretti Lager Beer Bottle,Birra Moretti L…660ml,£2.90,£4.39 per litre,Buy 4 for the Price of 3
Heineken Premium Lager Beer Cans,Heineken Premiu…4 x 568ml,£6.00,£2.64 per litre,"Offer price £6, was £6.50"
Strongbow Dark Fruit Cider Cans,Strongbow Dark…4 x 440ml,£5.50,£3.13 per litre,Buy 2 for £10
Heineken Premium Lager Beer Cans,Heineken Premiu…6 x 330ml,£7.00,£3.54 per litre,Buy 2 for £10
Heineken Premium Lager Beer Bottles,Heineken Premium…12 x 330ml,£10.00,£2.53 per litre,
Alpro Almond No Sugars Long Life Drink ,Alpro Almond No Sugar…1L,£1.50,£1.50 per litre,"Offer price £1.50, was £2"
Morrisons No Added Sugar Apple Double Concentrate Squash,Morrisons No Adde…1.5L,£1.29,8.6p per 100ml,
Morrisons No Added Sugar Orange Double Concentrate Squash ,Morrisons No Adde…1.5L,£1.29,8.6p per 100ml,
Heineken Premium Lager Beer Cans,Heineken Premium Lager Beer Cans15 x 440ml,£15.00,22.7p per 100ml,
Heineken Silver Beer Lager Bottles,Heineken Silver Beer Lager Bottles12 x 330ml,£12.50,£3.16 per litre,
Birra Moretti Lager Beer Bottles,Birra Moretti Lager Beer Bottles4 x 330ml,£6.50,£4.92 per litre,
Desperados Tequila Lager Beer Bottle,Desperados Tequila Lager Beer Bottle650ml,£3.10,£4.77 per litre,Buy 4 for the Price of 3
Kronenbourg 1664 Lager Beer Cans,Kronenbourg 1664 Lager Beer Cans4 x 440ml,£4.50,£2.56 per litre,"Offer price £4.50, was £5.50"
Diablo Dark Red ,Diablo Dark Red 75cl,£8.50,£8.50 per 75cl,"Buy 6, Save 25%"
Greene King Brewery Level Head Session IPA,Greene King Brewery Level Head Session IPA4 x 330ml,£6,45.5p per 100ml,Buy 2 for £10
John Smith's Extra Smooth Ale Cans,John Smith's Extra Smooth Ale Cans18 x 440ml,£17.50,£2.21 per litre,
John Smith's Extra Smooth Ale Cans,John Smith's Extra Smooth Ale Cans10 x 440ml,£11,£2.50 per litre,
Madri Excepcional Cans,Madri Excepcional Cans10 x 440ml,£10,22.7p per 100ml,"Offer price £10, was £13"
Strongbow Original Cider ,Strongbow Original Cider 18 x 440ml,£10,£1.26 per litre,
Strongbow Original Cider 2L ,Strongbow Original Cider 2L 2L,£4,£2.00 per litre,
	 Jim Beam Red Stag Black Cherry Kentucky Bourbon Whiskey,	 Jim Beam Red Stag Black Cherry…70cl,£14,£20.00 per litre,"Offer price £14, was £18"
1698 Celebration Ale ,1698 Celebration Ale 500ml,£2.25,£4.50 per litre,Buy 4 for the Price of 3
19 Crimes Chardonnay,19 Crimes Chardonnay75cl,£9,£9.00 per 75cl,"Buy 6, Save 25%"
19 Crimes Red ,19 Crimes Red 75cl,£7.50,£7.50 per 75cl,"Buy 6, Save 25%"
19 Crimes Red Blend,19 Crimes Red Blend1.5L,£17,£11.33 per litre,
19 Crimes Revolutionary Rose,19 Crimes Revolutionary Rose75cl,£7.50,£7.50 per 75cl,"Buy 6, Save 25%"
19 Crimes Sauvignon Block,19 Crimes Sauvignon Block75cl,£7.50,£7.50 per 75cl,"Buy 6, Save 25%"
19 Crimes Sparkling White ,19 Crimes Sparkling White 75cl,£12,£12.00 per 75cl,"Buy 6, Save 25%"
19 Crimes The Deported,19 Crimes The Deported75cl,£10,£13.33 per litre,"Buy 6, Save 25%"
19 Crimes The Uprising Red Wine ,19 Crimes The Uprising Red Wine 75cl,£8.50,£8.50 per 75cl,"Buy 6, Save 25%"
2X Blueberry Cool E-Liquid 10mg,2X Blueberry Cool E-Liquid 10mg,£2.95,,
2X Blueberry Cool E-Liquid 20mg,2X Blueberry Cool E-Liquid 20mg,£2.95,,
2X Blue Raspberry Fizz E-Liquid 10mg,2X Blue Raspberry Fizz E-Liquid 10mg,£2.95,,
2X Blue Raspberry Fizz E-Liquid 20mg,2X Blue Raspberry Fizz E-Liquid 20mg,£2.95,,
2X Sour Green Apple E-Liquid 10mg,2X Sour Green Apple E-Liquid 10mg,£2.95,,
2X Sour Green Apple E-Liquid 20mg,2X Sour Green Apple E-Liquid 20mg,£2.95,,
2X Strawberry Sweet E-Liquid 10mg,2X Strawberry Sweet E-Liquid 10mg,£2.95,,
2X Strawberry Sweet E-Liquid 20Mg,2X Strawberry Sweet E-Liquid 20Mg,£2.95,,
2X Sweet Mint E-Liquid 10mg,2X Sweet Mint E-Liquid 10mg,£2.95,,
2X Sweet Mint E-Liquid 20mg,2X Sweet Mint E-Liquid 20mg,£2.95,,
2X Watermelon Ice E-Liquid 10mg,2X Watermelon Ice E-Liquid 10mg,£2.95,,
2X Watermelon Ice E-Liquid 20mg,2X Watermelon Ice E-Liquid 20mg,£2.95,,
4Nx Arctic Mint 12Mg,4Nx Arctic Mint 12Mg,£5,,
4NX Fire And Ice Nicotine Pouches 12mg,4NX Fire And Ice Nicotine Pouches 12mg,£5,,
4Nx Icy Mint 10Mg,4Nx Icy Mint 10Mg,£5,,
4Nx Mint 18Mg,4Nx Mint 18Mg,£5,,
4Nx Mint 6Mg,4Nx Mint 6Mg,£5,,
4NX Watermelon Ice Nicotine Pouches 10mg,4NX Watermelon Ice Nicotine Pouches 10mg,£5,,
64 Edge Marlborough Sauvignon Blanc,64 Edge Marlborough Sauvignon Blanc75cl,£9,£12.00 per litre,"Buy 6, Save 25%"
64 Edge Sauvignon Blanc,64 Edge Sauvignon Blanc75cl,£6,£6.00 per 75cl,"Buy 6, Save 25%"
64 Edge Sauvignon Blanc,64 Edge Sauvignon Blanc75cl,£5.99,£5.99 per 75cl,"Buy 6, Save 25%"
64 Edge South African Sauvignon Blanc,64 Edge South African Sauvignon Blanc2.25L,£16,£5.33 per 75cl,
88Vape Anytank 6mg Heisen,88Vape Anytank 6mg Heisen10ml,£1,£1.00 per 10ml,"Offer price £1, was £1.15"
88Vape Anytank 6mg Lemon Sherbet,88Vape Anytank 6mg Lemon Sherbet10ml,£1,£1.00 per 10ml,"Offer price £1, was £1.15"
88Vape Anytank 6mg Mint Chill,88Vape Anytank 6mg Mint Chill10ml,£1,£1.00 per 10ml,"Offer price £1, was £1.15"
88Vape Anytank Fusion 11mg,88Vape Anytank Fusion 11mg10ml,£1,£1.00 per 10ml,"Offer price £1, was £1.15"
88Vape Anytank Menthol 16mg,88Vape Anytank Menthol 16mg10ml,£1,£1.00 per 10ml,"Offer price £1, was £1.15"
88Vape Anytank Rainbow Burst 6mg,88Vape Anytank Rainbow Burst 6mg10ml,£1,£1.00 per 10ml,"Offer price £1, was £1.15"
88Vape Anytank Raspberry 11mg,88Vape Anytank Raspberry 11mg10ml,£1,£1.00 per 10ml,"Offer price £1, was £1.15"
88Vape CE4 Clearomizer Accessory,88Vape CE4 Clearomizer Accessory,£1,,"Offer price £1, was £1.15"
88Vape Classic Pen,88Vape Classic Pen,£6.50,,
88Vape E-Liquid 16Mg Roll Leaf,88Vape E-Liquid 16Mg Roll Leaf10ml,£1,£1.00 per 10ml,"Offer price £1, was £1.15"
88Vape E-Liquid 6mg Raspberry Ripple,88Vape E-Liquid 6mg Raspberry Ripple10ml,£1,£1.00 per 10ml,"Offer price £1, was £1.15"
88Vape E-Liquid Fusion 6mg,88Vape E-Liquid Fusion 6mg10ml,£1,£1.00 per 10ml,"Offer price £1, was £1.15"
88Vape Liquorice 6mg,88Vape Liquorice 6mg10ml,£1,£1.00 per 10ml,"Offer price £1, was £1.15"
88Vape Original 11mg Liquorice,88Vape Original 11mg Liquorice10ml,£1,£1.00 per 10ml,"Offer price £1, was £1.15"
88Vape Original 11mg Mint Chill,88Vape Original 11mg Mint Chill10ml,£1,£1.00 per 10ml,"Offer price £1, was £1.15"
88Vape Original 11mg Sweet Strawberry,88Vape Original 11mg Sweet Strawberry10ml,£1,£1.00 per 10ml,"Offer price £1, was £1.15"
88Vape Rolling Leaf 11mg,88Vape Rolling Leaf 11mg10ml,£1,£1.00 per 10ml,"Offer price £1, was £1.15"
88Vape Rolling Leaf 6mg,88Vape Rolling Leaf 6mg10ml,£1.15,£1.15 per 10ml,
Abbot Ale Cans,Abbot Ale Cans4 x 500ml,£5.25,£2.63 per litre,Buy 2 for £9
Abbot Reserve                     ,Abbot Reserve                     500ml,£2.50,£5.00 per litre,Buy 4 for the Price of 3
Aber Falls Single Malt Whisky,Aber Falls Single Malt Whisky70cl,£26,£27.86 per 75cl,
Aber Falls Welsh Gin Orange Marmalade ,Aber Falls Welsh Gin Orange Marmalade 70cl,£25,£35.71 per litre,
Ableforth's Bathtub Gin ,Ableforth's Bathtub Gin 70cl,£31,£44.29 per litre,
Absolut Blue Original Swedish Vodka,Absolut Blue Original Swedish Vodka70cl,£16,£22.86 per litre,"Offer price £16, was £21"
Absolut Blue Original Swedish Vodka,Absolut Blue Original Swedish Vodka1L,£21,£21.00 per litre,Save £1 Off Your Next Shop
Absolut Passionfruit Martini Sparkling Cocktail,Absolut Passionfruit Martini Sparkling Cocktail250ml,£2.35,£9.40 per litre,Buy 4 for £6
Absolut Passionfruit Vodka,Absolut Passionfruit Vodka70cl,£21,£30.00 per litre,
Absolut Raspberri Flavoured Swedish Vodka ,Absolut Raspberri Flavoured Swedish Vodka 70cl,£17,£24.29 per litre,
Absolut Vanilia Vanilla Flavoured Swedish Vodka,Absolut Vanilia Vanilla Flavoured Swedish Vodka70cl,£21,£30.00 per litre,
Acorn Yorkshire Pride ,Acorn Yorkshire Pride 500ml,£2.25,£4.50 per litre,Buy 4 for the Price of 3
Admiral's Old J Cherry Spiced Rum,Admiral's Old J Cherry Spiced Rum70cl,£21,£30.00 per litre,
Admiral's Old J Spiced Rum ,Admiral's Old J Spiced Rum 70cl,£18,£25.71 per litre,"Offer price £18, was £21"
Adnams Broadside   ,Adnams Broadside   500ml,£2.25,£4.50 per litre,Buy 4 for the Price of 3
Adnams Ghost Ship,Adnams Ghost Ship4 x 440ml,£5,£2.84 per litre,
Adnams Ghost Ship ,Adnams Ghost Ship 500ml,£1.50,£3.00 per litre,Buy 4 for the Price of 3
Adnams Ghost Ship Ale   ,Adnams Ghost Ship Ale   500ml,£2,£4.00 per litre,Buy 4 for the Price of 3
Adnams Lighthouse,Adnams Lighthouse500ml,£2,£4.00 per litre,Buy 4 for the Price of 3
Aerstone Land Cask Single Malt Scotch Whisky ,Aerstone Land Cask Single Malt Scotch Whisky 70cl,£30,£42.86 per litre,
Aerstone Sea Cask Single Malt Scotch Whisky ,Aerstone Sea Cask Single Malt Scotch Whisky 70cl,£22,£31.43 per litre,"Offer price £22, was £30"
African Horizon Cape Red,African Horizon Cape Red2.25L,£13.50,£4.50 per 75cl,
African Horizon Cape White,African Horizon Cape White2.25L,£13.50,£4.50 per 75cl,
Agio Mehari's Ecuador Cigarillos ,Agio Mehari's Ecuador Cigarillos 10 per pack,£10.40,£1.04 each,
Agio Meharis Red Orient Cigars,Agio Meharis Red Orient Cigars10 per pack,£10.40,£1.04 each,
Allendale Dirty Deeds ,Allendale Dirty Deeds 330ml,£2,£6.06 per litre,Buy 4 for the Price of 3
Alzar            Malbec           ,Alzar            Malbec           75cl,£6.25,£6.25 per 75cl,Buy 2 for £10
Alzar Merlot ,Alzar Merlot 75cl,£6.25,£6.25 per 75cl,Buy 2 for £10
Alzar Sauvignon Blanc,Alzar Sauvignon Blanc75cl,£6.25,£6.25 per 75cl,Buy 2 for £10
Amber Leaf Original 3 In 1 Includes Cigarette Papers And Filters,Amber Leaf Original 3 In 1 Includes C…30g,£20.40,£68.00 per 100g,
Amber Leaf Original Includes Cigarette Papers ,Amber Leaf Original Includes Cigarette Papers 30g,£20.30,£67.67 per 100g,
Amber Leaf Original Tobacco Includes Cigarette Papers ,Amber Leaf Original Tobacco Inc…50g,£33.30,£66.60 per 100g,
American Spirit Blue Rolling Tobacco Includes Cigarette Papers,American Spirit Blue Rolling Tobacc…30g,£21.80,£72.67 per 100g,
American Spirit Yellow Cigarettes,American Spirit Yellow Cigarettes20 per pack,£17.30,86.5p each,
Amstel Lager Beer Bottles,Amstel Lager Beer Bottles12 x 300ml,£11,£3.06 per litre,Buy 2 for £16
Amstel Lager Beer Cans,Amstel Lager Beer Cans4 x 440ml,£4.50,£2.56 per litre,
Andre Brunel Chateauneuf-Du-Pape Les Cailloux ,Andre Brunel Chateauneuf…75cl,£30,£30.00 per 75cl,"Buy 6, Save 25%"
Angioletti Brut Italian Cider,Angioletti Brut Italian Cider500ml,£2.50,50p per 100ml,Buy 3 for £5.50
Angioletti Craft Italian Cider Rose,Angioletti Craft Italian Cider Rose500ml,£2.50,£5.00 per litre,Buy 3 for £5.50
Angioletti Reserva Italian Craft Cider (Abv 6.8%),Angioletti Reserva Italian Craft Cider (Abv 6.8%)500ml,£2.50,£5.00 per litre,Buy 3 for £5.50
Angioletti Secco Italian Cider,Angioletti Secco Italian Cider500ml,£2.50,50p per 100ml,Buy 3 for £5.50
Angostura Aromatic Bitters,Angostura Aromatic Bitters200ml,£10,£50.00 per litre,
Aperol          ,Aperol          70cl,£13,£18.57 per litre,"Offer price £13, was £17"
Aperol Aperitivo,Aperol Aperitivo100cl,£20,£20.00 per litre,
Apothic Cabernet Sauvignon Red Wine ,Apothic Cabernet Sauvignon Red Wine 75cl,£9,£9.00 per 75cl,"Buy 6, Save 25%"
Apothic Red Wine,Apothic Red Wine75cl,£9.50,£9.50 per 75cl,"Buy 6, Save 25%"
Aqua Vape Black Jack 3mg,Aqua Vape Black Jack 3mg,£3.99,,
Aqua Vape Black Jack 6mg,Aqua Vape Black Jack 6mg,£3.99,,
Aqua Vape Blueberry 3mg,Aqua Vape Blueberry 3mg,£3.99,,
Aqua Vape Blueberry 6mg,Aqua Vape Blueberry 6mg,£3.99,,
Aqua Vape British Tobacco 6mg,Aqua Vape British Tobacco 6mg,£3.99,,
Aqua Vape Fresh Menthol 3Mg,Aqua Vape Fresh Menthol 3Mg,£3.99,,
Aqua Vape Fresh Menthol 6mg,Aqua Vape Fresh Menthol 6mg,£3.99,,
Aqua Vape Ice Mint 3mg,Aqua Vape Ice Mint 3mg,£3.99,,
Aqua Vape Ice Mint 6mg,Aqua Vape Ice Mint 6mg,£3.99,,
Aqua Vape Raspberry Menthol 3mg,Aqua Vape Raspberry Menthol 3mg,£3.99,,
Aqua Vape Raspberry Menthol 6mg,Aqua Vape Raspberry Menthol 6mg,£3.99,,
Aqua Vape Strawberry Delight 6mg,Aqua Vape Strawberry Delight 6mg,£3.99,,
Aqua Vape Sweet Cherry 3mg,Aqua Vape Sweet Cherry 3mg,£3.99,,
Aqua Vape Sweet Cherry 6mg,Aqua Vape Sweet Cherry 6mg,£3.99,,
Aqua Vape Wild Berry E-Liquid 3mg,Aqua Vape Wild Berry E-Liquid 3mg,£3.99,,
Aqua Vape Wild Berry E-Liquid 6mg,Aqua Vape Wild Berry E-Liquid 6mg,£3.99,,
Archers Schnapps,Archers Schnapps70cl,£13.50,£19.29 per litre,
Archers Schnapps with Lemonade,Archers Schnapps with Lemonade250ml,£2.25,£9.00 per litre,Buy 4 for £6
Ardbeg 10 Year Old Single Malt Scotch Whisky ,Ardbeg 10 Year Old Single Malt Scotch Whisky 70cl,£42,£60.00 per litre,"Offer price £42, was £47"
Asahi Super Dry,Asahi Super Dry620ml,£2.60,£4.19 per litre,Buy 4 for the Price of 3
Asahi Super Dry,Asahi Super Dry4 x 330ml,£5.50,£4.16 per litre,"Offer price £5.50, was £6.50"
Aspall Draught Cyder,Aspall Draught Cyder500ml,£2.35,£4.70 per litre,Buy 3 for £5.50
Aspall Suffolk Premier Cru Cyder ,Aspall Suffolk Premier Cru Cyder 500ml,£2.35,£4.70 per litre,Buy 3 for £5.50
Auchentoshan American Oak Single Scotch Malt Whisky ,Auchentoshan American Oak Sin…70cl,£32,£45.71 per litre,
Australian Red ,Australian Red 2.25cl,£13.50,£450.00 per 75cl,
Australian White,Australian White2.25L,£13.50,£4.50 per 75cl,
Au Vodka Black Grape,Au Vodka Black Grape70cl,£29,£41.42 per litre,"Offer price £29, was £32"
Au Vodka Blue Raspberry Flavour ,Au Vodka Blue Raspberry Flavour 70cl,£29,£41.42 per litre,"Offer price £29, was £32"
Au Vodka Green Watermelon ,Au Vodka Green Watermelon 70cl,£32,£45.71 per litre,
Aviation American Gin ,Aviation American Gin 70cl,£28,£40.00 per litre,
Bacardi Carta Blanca Rum,Bacardi Carta Blanca Rum1L,£17,£17.00 per litre,
Bacardi Carta Blanca Rum,Bacardi Carta Blanca Rum70cl,£16.50,£23.57 per litre,
Bacardi Raspberry Sprit Drink,Bacardi Raspberry Sprit Drink70cl,£14,£20.00 per litre,
Bacardi Spiced Rum Spirit Drink,Bacardi Spiced Rum Spirit Drink1L,£17,£17.00 per litre,
Bacchus Cherry Beer Bottle,Bacchus Cherry Beer Bottle375ml,£3.25,£8.67 per litre,Buy 4 for the Price of 3
Backyard Brewhouse Blonde ,Backyard Brewhouse Blonde 500ml,£2.25,£4.50 per litre,Buy 4 for the Price of 3
Badger Brewery Adventurers Beer Sett,Badger Brewery Adventurers Beer Sett6 x 500ml,£10.50,£3.50 per litre,
Badger Fursty Ferret Amber Ale,Badger Fursty Ferret Amber Ale500ml,£2,£4.00 per litre,Buy 4 for the Price of 3
Badger Golden Champion Golden Ale,Badger Golden Champion Golden Ale500ml,£2.25,£4.50 per litre,Buy 4 for the Price of 3
Badger Milk Made Beer,Badger Milk Made Beer440ml,£3,68.2p per 100ml,
Badger Tangle Foot Golden Ale,Badger Tangle Foot Golden Ale500ml,£2.25,£4.50 per litre,Buy 4 for the Price of 3
Badger Tangle Foot Golden Ale ,Badger Tangle Foot Golden Ale 4 x 440ml,£5,£2.84 per litre,
Badger The Blandford Fly Golden Ale,Badger The Blandford Fly Golden Ale500ml,£2.25,£4.50 per litre,Buy 4 for the Price of 3
Badger The Cranborne Poacher Ruby Ale,Badger The Cranborne Poacher Ruby Ale500ml,£2.25,£4.50 per litre,Buy 4 for the Price of 3
Badger Twice Tangled Ipa,Badger Twice Tangled Ipa500ml,£2,£4.00 per litre,Buy 4 for the Price of 3
Baileys Original Irish Cream,Baileys Original Irish Cream70cl,£16.50,£23.57 per litre,
Baileys Original Irish Cream ,Baileys Original Irish Cream 1L,£13,£13.00 per litre,"Offer price £13, was £15"
Bali Coconut & Caribbean Rum ,Bali Coconut & Caribbean Rum 70cl,£7.75,£11.07 per litre,
Ballantine's Finest Blended Scotch Whisky,Ballantine's Finest Blended Scotch Whisky70cl,£23,£32.86 per litre,
Banks's Amber Bitter Ale Beer,Banks's Amber Bitter Ale Beer500ml,99p,£1.98 per litre,
Banks's Golden Ale ,Banks's Golden Ale 500ml,£1.09,£2.18 per litre,
Bardinet French Brandy VSOP,Bardinet French Brandy VSOP1L,£17,£17.00 per litre,
Bardinet Grenadine Syrup,Bardinet Grenadine Syrup70cl,£5,£7.14 per litre,
Bardinet Liqueur De Cherry Brandy,Bardinet Liqueur De Cherry Brandy50cl,£12,£24.00 per litre,
Barefoot Chardonnay White Wine,Barefoot Chardonnay White Wine75cl,£7.50,£7.50 per 75cl,"Buy 6, Save 25%"
Barefoot Jammy Red Wine ,Barefoot Jammy Red Wine 75cl,£7,£7.00 per 75cl,"Buy 6, Save 25%"
Barefoot Malbec Red Wine ,Barefoot Malbec Red Wine 75cl,£7.50,£7.50 per 75cl,"Buy 6, Save 25%"
Barefoot Merlot Red Wine,Barefoot Merlot Red Wine75cl,£7.50,£7.50 per 75cl,"Buy 6, Save 25%"
Barefoot On Tap Pinot Grigio White Wine,Barefoot On Tap Pinot Grigio White Wine1.5L,£11.50,£7.67 per litre,"Offer price £11.50, was £13.50"
Barefoot On Tap White Zinfandel Rose Wine,Barefoot On Tap White Zinfandel Rose Wine1.5L,£11.50,£7.67 per litre,"Offer price £11.50, was £13.50"
Barefoot Pink Moscato Rose Wine,Barefoot Pink Moscato Rose Wine75cl,£7.50,£7.50 per 75cl,"Buy 6, Save 25%"
Barefoot Pink Pinot Grigio Rose Wine ,Barefoot Pink Pinot Grigio Rose Wine 75cl,£7.50,£7.50 per 75cl,"Buy 6, Save 25%"
Barefoot Pinot Grigio White Wine,Barefoot Pinot Grigio White Wine75cl,£6.50,£6.50 per 75cl,"Buy 6, Save 25%"
Barefoot Sauvignon Blanc White Wine ,Barefoot Sauvignon Blanc White Wine 75cl,£7.50,£7.50 per 75cl,"Buy 6, Save 25%"
Barefoot Shiraz Red Wine ,Barefoot Shiraz Red Wine 75cl,£5.50,£5.50 per 75cl,"Buy 6, Save 25%"
Barefoot White Zinfandel Rose Wine,Barefoot White Zinfandel Rose Wine75cl,£6.50,£6.50 per 75cl,"Buy 6, Save 25%"
Baron Philippe de Rothschild Mouton Cadet Rouge,Baron Philippe de Rothsch…75cl,£7.99,£7.99 per 75cl,"Buy 6, Save 25%"
Barossa Ink Shiraz ,Barossa Ink Shiraz 75cl,£9,£9.00 per 75cl,"Buy 6, Save 25%"
Batemans Victory Ale Bottle,Batemans Victory Ale Bottle500ml,£2,£4.00 per litre,Buy 4 for the Price of 3
Batemans Xxxb Bitter      ,Batemans Xxxb Bitter      500ml,£2.25,£4.50 per litre,Buy 4 for the Price of 3
Bath Ales Gem            ,Bath Ales Gem            500ml,£2.25,£4.50 per litre,Buy 4 for the Price of 3
Bath Ales Lansdown West Coast Ipa ,Bath Ales Lansdown West Coast Ipa 500ml,£2.25,£4.50 per litre,Buy 4 for the Price of 3
Beavertown Heavy Gravity ,Beavertown Heavy Gravity 440ml,£3.50,£7.95 per litre,Buy 4 for the Price of 3
Beavertown Neck Oil 6 Pack,Beavertown Neck Oil 6 Pack6 x 330ml,£11.50,£5.81 per litre,
Beck's Blue Alcohol-Free Beer Bottles,Beck's Blue Alcohol-Free Beer Bottles15 x 275ml,£9,£2.18 per litre,
Beck's Blue Alcohol-Free Beer Bottles,Beck's Blue Alcohol-Free Beer Bottles6 x 275ml,£4,£2.42 per litre,
Beck's German Pilsner Beer Bottles ,Beck's German Pilsner Beer Bottles 20 x 275ml,£13,£2.36 per litre,
Beefeater Blood Orange Flavoured Gin,Beefeater Blood Orange Flavoured Gin70cl,£14,£20.00 per litre,
Beefeater Pink Strawberry Flavoured Gin,Beefeater Pink Strawberry Flavoured Gin70cl,£18,£19.29 per 75cl,
Beefsteak Club Mendoza Malbec ,Beefsteak Club Mendoza Malbec 750ml,£7,93.3p per 100ml,"Buy 6, Save 25%"
Bella Apertini,Bella Apertini70cl,£5.50,£7.86 per litre,
Belle And Co 0% Sparkling Rose,Belle And Co 0% Sparkling Rose75cl,£3.79,£3.79 per 75cl,
Belle And Co 0% Sparkling White ,Belle And Co 0% Sparkling White 75cl,£2.50,£2.50 per 75cl,
Bells Original Blended Scotch Whisky ,Bells Original Blended Scotch Whisky 70cl,£17,£24.29 per litre,
Bells Original Blended Scotch Whisky ,Bells Original Blended Scotch Whisky 1L,£22.50,£22.50 per litre,
Belvoir Fruit Elderflower Cordial ,Belvoir Fruit Elderflower Cordial 500ml,£3,60p per 100ml,"Offer price £3, was £4.35"
Belvoir Fruit Farms Ginger Beer ,Belvoir Fruit Farms Ginger Beer 750ml,£2.25,30p per 100ml,"Offer price £2.25, was £3.50"
Belvoir Fruit Ginger Cordial ,Belvoir Fruit Ginger Cordial 500ml,£3,60p per 100ml,"Offer price £3, was £4.35"
Benson & Hedges Blue 2 In 1 30g,Benson & Hedges Blue 2 In 1 30g,£14.55,,
Benson & Hedges Blue 2 In 1 50g,Benson & Hedges Blue 2 In 1 50g,£23.85,,
Benson & Hedges Blue Cigarettes,Benson & Hedges Blue Cigarettes5 x 20 per pack,£59,59p each,
Benson & Hedges Blue Dual Cigarettes,Benson & Hedges Blue Dual Cigarettes20 per pack,£11.95,59.8p each,
Benson & Hedges Blue King Size Cigarettes,Benson & Hedges Blue King Size Cigarettes20 per pack,£11.85,59.3p each,
Benson & Hedges Gold 100s Cigarettes,Benson & Hedges Gold 100s Cigarettes20 per pack,£15.95,79.8p each,
Benson & Hedges Gold Cigarettes,Benson & Hedges Gold Cigarettes20 per pack,£15.95,79.8p each,
Benson & Hedges Gold Cigarettes,Benson & Hedges Gold Cigarettes5 x 20 per pack,£79,79p each,
Benson & Hedges Silver Cigarettes,Benson & Hedges Silver Cigarettes20 per pack,£15,75p each,
Benson & Hedges Silver Cigarettes,Benson & Hedges Silver Cigarettes5 x 20 per pack,£72.10,72.1p each,
Benson & Hedges Sky Blue Cigarettes,Benson & Hedges Sky Blue Cigarettes20 per pack,£11.85,59.3p each,
Benson & Hedges Superkings Blue Cigarettes,Benson & Hedges Superki…20 per pack,£11.85,59.3p each,
Benson & Hedges Superkings Blue Cigarettes Multipack,Benson & Hedges Superkings Bl…5 x 20 per pack,£59,59p each,
Benson & Hedges Superkings Green Cigarettes,Benson & Hedges Superki…20 per pack,£11.85,59.3p each,
Benson & Hedges Superkings Sky Blue Cigarettes,Benson & Hedges Superking…20 per pack,£11.85,59.3p each,
Berkeley Super Kings Blue      ,Berkeley Super Kings Blue      20 per pack,£14.20,71p each,
Berkeley Superkings Cigarettes,Berkeley Superkings Cigarettes20 per pack,£14.20,71p each,
Berkeley Superkings Green Cigarettes,Berkeley Superkings Green Cigarettes20 per pack,£14.20,71p each,
Biere Continentale Bottles,Biere Continentale Bottles10 x 25cl,£3.19,£1.28 per litre,"Offer price £3.19, was £3.60"
Big Drop Brewing Co. Pale Ale ,Big Drop Brewing Co. Pale Ale 330ml,£1.50,£4.55 per litre,Buy 4 for the Price of 3
Big Drop Brewing Co. Stout,Big Drop Brewing Co. Stout330ml,£1.50,£4.55 per litre,Buy 4 for the Price of 3
B. INK Red Blend,B. INK Red Blend75cl,£9,£9.00 per 75cl,"Buy 6, Save 25%"
Birra Moretti Lager Beer Bottle,Birra Moretti Lager Beer Bottle660ml,£2.90,£4.39 per litre,Buy 4 for the Price of 3
Birra Moretti Lager Beer Bottles,Birra Moretti Lager Beer Bottles4 x 330ml,£6.50,£4.92 per litre,
Birra Moretti Lager Beer Bottles,Birra Moretti Lager Beer Bottles12 x 330ml,£13.50,£3.41 per litre,"Offer price £13.50, was £16"
Birra Moretti Lager Beer Bottles,Birra Moretti Lager Beer Bottles18 x 330ml,£23,£3.87 per litre,
Birra Moretti Lager Beer Cans,Birra Moretti Lager Beer Cans6 x 330ml,£7.50,£3.79 per litre,Buy 2 for £10
Birra Moretti Lager Beer Cans,Birra Moretti Lager Beer Cans10 x 330ml,£12.50,£3.79 per litre,
Birra Moretti Zero Alcohol Free,Birra Moretti Zero Alcohol Free4 x 33cl,£6,£4.55 per litre,
Birrificio Angelo Poretti,Birrificio Angelo Poretti660ml,£2.50,£3.79 per litre,Buy 4 for the Price of 3
Birrificio Angelo Poretti,Birrificio Angelo Poretti12 x 330ml,£10,£2.53 per litre,
Bishops Finger Strong Ale Bottle,Bishops Finger Strong Ale Bottle500ml,£2.25,£4.50 per litre,Buy 4 for the Price of 3
Black Cow Pure Milk Vodka The Gold Top (Abv 40%),Black Cow Pure Milk Vodka T…70cl,£29,£41.43 per litre,
Black Sheep Ale ,Black Sheep Ale 4 x 440ml,£4.45,£2.53 per litre,
Black Sheep Ale Bottle,Black Sheep Ale Bottle500ml,£2,£4.00 per litre,Buy 4 for the Price of 3
Black Sheep Brewery Milk Stout ,Black Sheep Brewery Milk Stout 500ml,£2,£4.00 per litre,Buy 4 for the Price of 3
Black Sheep Riggwelter Strong Yorkshire Ale Bottle,Black Sheep Riggwelter Strong Yorkshire Ale Bottle500ml,£2.25,£4.50 per litre,Buy 4 for the Price of 3
Black Tower Fruity White,Black Tower Fruity White75cl,£6,£6.00 per 75cl,"Buy 6, Save 25%"
Black Tower Rosé,Black Tower Rosé75cl,£6,£6.00 per 75cl,"Buy 6, Save 25%"
Blandy's Rich Madeira ,Blandy's Rich Madeira 75cl,£10,£10.00 per 75cl,"Offer price £10, was £12.50"
Bloom London Dry Gin,Bloom London Dry Gin70cl,£20,£28.57 per litre,"Offer price £20, was £25"
Bloom Passionfruit & Vanilla Blossom Gin,Bloom Passionfruit & Vanilla Blossom Gin70cl,£25,£35.71 per litre,
Blossom Hill Classic Red,Blossom Hill Classic Red187ml,£2,£8.02 per 75cl,Buy 4 for the Price of 3
Blossom Hill Gin Fizz Blood Orange,Blossom Hill Gin Fizz Blood Orange75cl,£9,£9.00 per 75cl,"Buy 6, Save 25%"
Blossom Hill Gin Fizz Rhubarb,Blossom Hill Gin Fizz Rhubarb75cl,£8,£8.00 per 75cl,"Buy 6, Save 25%"
Blossom Hill Grenache Rosé,Blossom Hill Grenache Rosé75cl,£6,£6.00 per 75cl,"Buy 6, Save 25%"
Blossom Hill Red Wine,Blossom Hill Red Wine75cl,£6,£6.00 per 75cl,Buy 2 for £10
Blossom Hill Rose Wine,Blossom Hill Rose Wine75cl,£6,£6.00 per 75cl,"Buy 6, Save 25%"
Blossom Hill White Wine,Blossom Hill White Wine187ml,£2,£8.02 per 75cl,Buy 4 for the Price of 3
Blossom Hill White Wine,Blossom Hill White Wine75cl,£6,£6.00 per 75cl,Buy 2 for £10
Blossom Hill White Zinfandel,Blossom Hill White Zinfandel75cl,£6.25,£6.25 per 75cl,"Buy 6, Save 25%"
BLU 2.0 Device Kit,BLU 2.0 Device Kit,£9.99,,
BLU 2.0 Pod Berry Mix 18mg,BLU 2.0 Pod Berry Mix 18mg1.9ml,£6.99,£36.79 per 10ml,
BLU 2.0 Pod Blueberry Ice 18mg,BLU 2.0 Pod Blueberry Ice 18mg1.9ml,£6.99,£36.79 per 10ml,
BLU 2.0 Pod Fresh Mango 18mg,BLU 2.0 Pod Fresh Mango 18mg1.9ml,£6.99,£36.79 per 10ml,
BLU 2.0 Pod Fresh Mint 18mg,BLU 2.0 Pod Fresh Mint 18mg1.9ml,£6.99,£36.79 per 10ml,
BLU 2.0 Pod Golden Tobacco 18mg,BLU 2.0 Pod Golden Tobacco 18mg1.9ml,£6.99,£36.79 per 10ml,
BLU 2.0 Pod Polar Menthol 18mg,BLU 2.0 Pod Polar Menthol 18mg1.9ml,£6.99,£36.79 per 10ml,
Blue Dragon Coconut Cream   ,Blue Dragon Coconut Cream   250ml,£1.99,79.6p per 100ml,
Blue Moon Belgian White American Craft Wheat Beer,Blue Moon Belgian White Ame…330ml,£2.25,£6.82 per litre,Buy 4 for the Price of 3
Blue Moon Belgian White Belgian-Style Wheat Ale,Blue Moon Belgian White Belgian-Style Wheat Ale4 x 330ml,£6.25,47.3p per 100ml,Buy 2 for £10
Blue Ridge Virginia Blend Tobacco,Blue Ridge Virginia Blend Tobacco20g,£6.50,£32.50 per 100g,
Blu Liquid Berry Swirl 9mg,Blu Liquid Berry Swirl 9mg,£3.99,,
Blu Liquid Cherry 9mg,Blu Liquid Cherry 9mg,£3.99,,
Blu Liquid Polar Mint 18mg,Blu Liquid Polar Mint 18mg,£3.99,,
Blu Liquid Tropictonic 0.8% 10Ml,Blu Liquid Tropictonic 0.8% 10Ml,£3.99,,
BLU Pod 2.0 Fresh Mint,BLU Pod 2.0 Fresh Mint1.9ml,£6.99,£36.79 per 10ml,
Blu Pro Blueberry E-Liquid 18mg,Blu Pro Blueberry E-Liquid 18mg,£3.99,,
Blu Pro Golden Tobacco E-Liquid 18mg,Blu Pro Golden Tobacco E-Liquid 18mg,£3.99,,
Blu Pro Kit,Blu Pro Kit,£17.99,,
Blu Pro Menthol Mint E-Liquid 18mg,Blu Pro Menthol Mint E-Liquid 18mg,£3.99,,
Blu Pro Strawberry Mint E-Liquid 9mg,Blu Pro Strawberry Mint E-Liquid 9mg,£3.99,,
Boddingtons Draught Bitter Beer Cans,Boddingtons Draught Bitter Beer Cans4 x 440ml,£4,£2.27 per litre,
Boddingtons Draught Bitter Beer cans,Boddingtons Draught Bitter Beer cans10 x 440ml,£9.50,£2.16 per litre,Buy 2 for £16
Bollinger Special Cuvee Brut NV,Bollinger Special Cuvee Brut NV75cl,£55,£55.00 per 75cl,
Bombardier Amber Bitter Ale Beer,Bombardier Amber Bitter Ale Beer500ml,£2.25,£4.50 per litre,Buy 4 for the Price of 3
Bombay Bramble Distilled Gin ,Bombay Bramble Distilled Gin 70cl,£24,£34.29 per litre,
Bombay Citron Presse Gin ,Bombay Citron Presse Gin 70cl,£24,£34.29 per litre,
Bombay London Dry Gin ,Bombay London Dry Gin 1L,£21,£21.00 per litre,
Bombay Sapphire London Gin,Bombay Sapphire London Gin1L,£28.50,£28.50 per litre,
Bombay Sapphire London Gin ,Bombay Sapphire London Gin 70cl,£17,£24.29 per litre,"Offer price £17, was £22"
Bonpas Vacqueyras,Bonpas Vacqueyras75cl,£13,£13.00 per 75cl,"Buy 6, Save 25%"
Bottlegreen Elderflower Cordial,Bottlegreen Elderflower Cordial500ml,£3.40,68p per 100ml,
Bottlegreen Ginger & Lemongrass Cordial,Bottlegreen Ginger & Lemongrass Cordial500ml,£3.40,68p per 100ml,
Bottlegreen Pomegranate & Elderflower Sparkling Presse,Bottlegreen Pomegranate & Elder…750ml,£3,40p per 100ml,Buy 2 for £4.50
Bottlegreen Sparkling Light Elderflower Presse,Bottlegreen Sparkling Light Elderflower Presse750ml,£3,40p per 100ml,Buy 2 for £4.50
Bouchard Pere & Fils Chassagne-Montrachet,Bouchard Pere & Fils Chassagne-Montrachet75cl,£40,£53.33 per litre,"Buy 6, Save 25%"
Bourgogne Aligote La Burgondie,Bourgogne Aligote La Burgondie75cl,£9,£9.00 per 75cl,"Buy 6, Save 25%"
Bowmore 12 Year Old Islay Single Malt Scotch Whisky ,Bowmore 12 Year Old Islay Sin…70cl,£30,£42.86 per litre,"Offer price £30, was £40"
Brakspear Oxford Gold Beer,Brakspear Oxford Gold Beer500ml,£2,40p per 100ml,Buy 4 for the Price of 3
Brancott Estate Australia Pinot Grigio,Brancott Estate Australia Pinot Grigio75cl,£9,£9.00 per 75cl,"Buy 6, Save 25%"
Brancott Estate Sauvignon Blanc White Wine,Brancott Estate Sauvignon Blanc White Wine75cl,£7,£7.00 per 75cl,"Buy 6, Save 25%"
Brancott Estate Terroir Series Reserve Sauvignon Blanc,Brancott Estate Terroir Series…75cl,£11,£11.00 per 75cl,"Buy 6, Save 25%"
Brecon Botanicals Gin ,Brecon Botanicals Gin 70cl,£18,£25.71 per litre,
Brewdog 500 Cuts Spiced Rum,Brewdog 500 Cuts Spiced Rum700ml,£20,£28.58 per litre,"Offer price £20, was £24"
BrewDog Dead Pony,BrewDog Dead Pony4 x 330ml,£6,£4.55 per litre,Buy 2 for £10
Brewdog Double Punk,Brewdog Double Punk440ml,£3.75,£8.52 per litre,Buy 4 for the Price of 3
Brewdog Gift Pack 2 Cans & Glass,Brewdog Gift Pack 2 Cans & Glass,£6,,
Brewdog Gluten Free Punk IPA,Brewdog Gluten Free Punk IPA4 x 330ml,£6,45.5p per 100ml,Buy 2 for £10
Brewdog Hazy Jane,Brewdog Hazy Jane12 x 330ml,£14,35.4p per 100ml,"Offer price £14, was £16"
Brewdog Hazy Jane ,Brewdog Hazy Jane 440ml,£3.50,£7.95 per litre,Buy 4 for the Price of 3
Brewdog Hazy Jane ,Brewdog Hazy Jane 4 x 330ml,£6,£4.55 per litre,Buy 2 for £10
Brewdog Hazy Jane,Brewdog Hazy Jane440ml,£2.60,£5.91 per litre,Buy 4 for the Price of 3
Brewdog Hazy Jane Guava ,Brewdog Hazy Jane Guava 440ml,£2.60,£5.91 per litre,Buy 4 for the Price of 3
Brewdog Hazy Jane Guava,Brewdog Hazy Jane Guava4 x 330ml,£6,£4.55 per litre,Buy 2 for £10
Brewdog Layer Cake,Brewdog Layer Cake440ml,£3.50,£7.95 per litre,Buy 4 for the Price of 3
Brewdog Lonewolf London Dry Gin ,Brewdog Lonewolf London Dry Gin 70cl,£25,£35.71 per litre,
Brewdog Lost Fruit  Infused,Brewdog Lost Fruit  Infused8 x 440ml,£12,34.1p per 100ml,Buy 2 for £16
Brewdog Lost Lager ,Brewdog Lost Lager 660ml,£2.75,£4.17 per litre,Buy 4 for the Price of 3
Brewdog Lost Lager,Brewdog Lost Lager10 x 440ml,£12,£2.73 per litre,Buy 2 for £16
Brewdog Lost Planet Lager,Brewdog Lost Planet Lager4 x 440ml,£6,34.1p per 100ml,Buy 2 for £10
Brewdog Mix,Brewdog Mix8 x 330ml,£11,£4.17 per litre,Buy 2 for £16
Brewdog Mixed Alcohol Free Pack,Brewdog Mixed Alcohol Free Pack8 x 300ml,£9,37.5p per 100ml,Buy 2 for £16
Brewdog Nanny State ,Brewdog Nanny State 4 x 330ml,£4.50,34.1p per 100ml,
Brewdog Planet Pale Ale,Brewdog Planet Pale Ale4 x 330ml,£6,£4.55 per litre,Buy 2 for £10
Brewdog Punk Alcohol Free,Brewdog Punk Alcohol Free4 x 330ml,£4.50,£3.41 per litre,
Brewdog Punk Ipa,Brewdog Punk Ipa660ml,£3.25,£4.92 per litre,Buy 4 for the Price of 3
Brewdog Punk Ipa,Brewdog Punk Ipa12 x 330ml,£14,£3.54 per litre,"Offer price £14, was £16"
Brewdog Punk Ipa,Brewdog Punk Ipa4 x 330ml,£6,£4.55 per litre,Buy 2 for £10
Brewdog Punk Ipa ,Brewdog Punk Ipa 440ml,£2.60,£5.91 per litre,Buy 4 for the Price of 3
Brewdog Punk Ipa,Brewdog Punk Ipa6 x 440ml,£11,£4.17 per litre,
Brewdog Puppet Master ,Brewdog Puppet Master 440ml,£3.50,£7.95 per litre,Buy 4 for the Price of 3
Brewdog Rum And Rattle Can,Brewdog Rum And Rattle Can440ml,£4.50,£1.02 per 100ml,Buy 4 for the Price of 3
Brewdog Seasonal Edition 5am Saint American Red Ale,Brewdog Seasonal Edition 5am…4 x 330ml,£6,£4.55 per litre,Buy 2 for £10
Brewdog Seven Day Vodka Original,Brewdog Seven Day Vodka Original700ml,£17,£24.28 per litre,"Offer price £17, was £20"
Brewdog Silk Road ,Brewdog Silk Road 440ml,£3.50,£7.95 per litre,Buy 4 for the Price of 3
Brewdog Triple Hazy,Brewdog Triple Hazy440ml,£4.50,£10.23 per litre,Buy 4 for the Price of 3
Brewdog Vs Northern Monk The Vermont Sessions ,Brewdog Vs Northern Monk…440ml,£3.50,£7.95 per litre,Buy 4 for the Price of 3
Brew York Juice Forsyth Tropical Ipa ,Brew York Juice Forsyth Tropical Ipa 440ml,£3,£6.82 per litre,Buy 4 for the Price of 3
Brew York Tonkoko Milk Stout,Brew York Tonkoko Milk Stout440ml,£2.65,60.2p per 100ml,Buy 4 for the Price of 3
Brixton Brewery Atlantic A.P.A. ,Brixton Brewery Atlantic A.P.A. 4 x 330ml,£6.50,£4.92 per litre,Buy 2 for £10
Brixton Brewery Reliance Pale Ale ,Brixton Brewery Reliance Pale Ale 4 x 330ml,£6.50,£4.92 per litre,Buy 2 for £10
Brockmans Premium Gin (Abv 40%),Brockmans Premium Gin (Abv 40%)70cl,£25,£35.71 per litre,"Offer price £25, was £34"
Brooklyn Brewery Pilsner,Brooklyn Brewery Pilsner6 x 330ml,£6.50,32.8p per 100ml,Buy 2 for £10
Brooklyn Brewery Pilsner,Brooklyn Brewery Pilsner660ml,£2.25,34.1p per 100ml,Buy 4 for the Price of 3
Brooklyn Special Effects Alcohol Free Lager Beer,Brooklyn Special Effects Alcohol Free Lager Beer330ml,£1.50,£4.55 per litre,Buy 4 for the Price of 3
Brothers Alcohol Free Toffee Apple Cider,Brothers Alcohol Free Toffee Apple Cider500ml,£1.80,£3.60 per litre,
Brothers Rhubarb & Custard English Cider (Abv 4%),Brothers Rhubarb & Custard…500ml,£2.35,47p per 100ml,Buy 3 for £5.50
Brothers Toffee Apple Premium Cider Bottle,Brothers Toffee Apple Premium Cider Bottle500ml,£2.35,£4.70 per litre,Buy 3 for £5.50
Bruichladdich Classic Laddie Malt Whisky,Bruichladdich Classic Laddie Malt Whisky70cl,£43,£61.43 per litre,
Brulo Lust For Life Ddh Ipa ,Brulo Lust For Life Ddh Ipa 330ml,£2,£6.06 per litre,Buy 4 for the Price of 3
Bubblemon Disposable Lychee Mango 19MG,Bubblemon Disposable Lychee Mango 19MG2ml,£4.99,£24.95 per 10ml,
Bubblemon Disposable Mango Orange 19MG,Bubblemon Disposable Mango Orange 19MG2ml,£4.99,£24.95 per 10ml,
Bud Light,Bud Light10 x 440ml,£8.70,£1.98 per litre,Buy 2 for £16
Bud Light Lager Beer Cans,Bud Light Lager Beer Cans4 x 440ml,£4.25,£2.41 per litre,
Bud Light Seltzer Lemon & Lime ,Bud Light Seltzer Lemon & Lime 330ml,£1.50,£4.55 per litre,Buy 4 for £6
Budweiser Budvar Beer Bottle,Budweiser Budvar Beer Bottle500ml,£2.25,£4.50 per litre,Buy 4 for the Price of 3
Budweiser Budvar Original (Abv 5%),Budweiser Budvar Original (Abv 5%)6 x 330ml,£6.50,£3.28 per litre,Buy 2 for £10
Budweiser Lager Beer bottle ,Budweiser Lager Beer bottle 660ml,£2.35,£3.56 per litre,Buy 4 for the Price of 3
Budweiser Lager Beer Bottles,Budweiser Lager Beer Bottles4 x 300ml,£4.40,£3.67 per litre,
Budweiser Lager Beer Bottles,Budweiser Lager Beer Bottles12 x 300ml,£12,£3.33 per litre,Buy 2 for £16
Budweiser Lager Beer Bottles,Budweiser Lager Beer Bottles20 x 300ml,£10,£1.67 per litre,
Budweiser Lager Beer Cans,Budweiser Lager Beer Cans4 x 440ml,£4.75,£2.70 per litre,
Budweiser Lager Beer Cans,Budweiser Lager Beer Cans10 x 440ml,£11.50,£2.61 per litre,Buy 2 for £16
Budweiser Lager Beer Cans,Budweiser Lager Beer Cans15 x 440ml,£10,£1.52 per litre,"Offer price £10, was £15.50"
Budweiser Zero Alcohol Free Lager Beer Cans,Budweiser Zero Alcohol Free Lager Beer Cans4 x 330ml,£3.50,£2.65 per litre,
Buffalo Trace Straight Bourbon Whiskey ,Buffalo Trace Straight Bourbon Whiskey 70cl,£24,£34.29 per litre,
Bulmers Crushed Red Berries & Lime Cider Bottle,Bulmers Crushed Red Berries & Lime Cider Bottle500ml,£2.70,£5.40 per litre,Buy 3 for £5.50
Bulmers Original Cider Bottle,Bulmers Original Cider Bottle500ml,£2.70,£5.40 per litre,Buy 3 for £5.50
Bunnahabhain Stiuireadair Single Malt Scotch Whisky ,Bunnahabhain Stiuireadair Sin…70cl,£33,£47.14 per litre,
Burnt Mill Brewery Green Path Citra And Mosaic IPA,Burnt Mill Brewery Green Path Citra And Mosaic IPA440ml,£3.50,79.5p per 100ml,Buy 4 for the Price of 3
Butcombe Original ,Butcombe Original 500ml,£2,£4.00 per litre,Buy 4 for the Price of 3
Butcombe Rare Breed,Butcombe Rare Breed500ml,£2,£4.00 per litre,Buy 4 for the Price of 3
Butcombe Stateside Session IPA,Butcombe Stateside Session IPA500ml,£2,40p per 100ml,Buy 4 for the Price of 3
Butty Bach       ,Butty Bach       500ml,£2.25,£4.50 per litre,Buy 4 for the Price of 3
Buxton Brewery Axe Edge Ipa ,Buxton Brewery Axe Edge Ipa 440ml,£3.50,£7.95 per litre,Buy 4 for the Price of 3
Caffrey's Premium Irish Ale,Caffrey's Premium Irish Ale4 x 440ml,£5,£2.84 per litre,
Cali By Snoop Cali Red ,Cali By Snoop Cali Red 75cl,£10,£10.00 per 75cl,"Buy 6, Save 25%"
Calvados,Calvados70cl,£17,£24.29 per litre,
Calvet Cahors Malbec,Calvet Cahors Malbec75cl,£7.50,£7.50 per 75cl,"Buy 6, Save 25%"
Camden Hells,Camden Hells4 x 330ml,£6,45.5p per 100ml,Buy 2 for £10
Camden Hells Lager Cans ,Camden Hells Lager Cans 24 x 330ml,£28,£3.54 per litre,
Camden Off Menu Ipa,Camden Off Menu Ipa4 x 330ml,£6,£4.55 per litre,Buy 2 for £10
Camden Pale Ale 12 Pack,Camden Pale Ale 12 Pack12 x 330ml,£11,£2.78 per litre,
Camden Pale Ale 24 Cans,Camden Pale Ale 24 Cans24 x 330ml,£28,£3.54 per litre,
Camden Town Brewery Camden Pale Ale ,Camden Town Brewery Camden Pale Ale 4 x 330ml,£6,£4.55 per litre,Buy 2 for £10
Camel Blue Cigarettes,Camel Blue Cigarettes20 per pack,£15.95,79.8p each,
Campari Bitters,Campari Bitters70cl,£15,£21.43 per litre,
Campo Viejo Rioja Blanco White Wine,Campo Viejo Rioja Blanco White Wine75cl,£6.50,£6.50 per 75cl,"Buy 6, Save 25%"
Campo Viejo Rioja Garnacha Red Wine ,Campo Viejo Rioja Garnacha Red Wine 75cl,£8.25,£8.25 per 75cl,"Buy 6, Save 25%"
Campo Viejo Rioja Gran Reserva Red Wine,Campo Viejo Rioja Gran Reserva Red Wine75cl,£16,£16.00 per 75cl,"Buy 6, Save 25%"
Campo Viejo Rioja Reserva Red Wine,Campo Viejo Rioja Reserva Red Wine75cl,£9,£9.00 per 75cl,"Buy 6, Save 25%"
Campo Viejo Rioja Tempranillo Red Wine,Campo Viejo Rioja Tempranillo Red Wine75cl,£8.25,£8.25 per 75cl,"Buy 6, Save 25%"
Campo Viejo Rioja Tempranillo Red Wine ,Campo Viejo Rioja Tempranillo Red Wine 187ml,£2.50,£10.03 per 75cl,Buy 4 for the Price of 3
Canadou Sugar Syrup      ,Canadou Sugar Syrup      70cl,£5,£7.14 per litre,
Canti Prosecco Spumante Brut ,Canti Prosecco Spumante Brut 75cl,£8.50,£8.50 per 75cl,"Buy 6, Save 25%"
Caorunn Gin ,Caorunn Gin 70cl,£28,£40.00 per litre,
Caorunn Scottish Raspberry Gin,Caorunn Scottish Raspberry Gin70cl,£28,£40.00 per litre,
Caorunn Small Batch Scottish Gin Scottish Raspberry,Caorunn Small Batch Scottish…50cl,£14,£28.00 per litre,
Cape Shadow Sauvignon Blanc,Cape Shadow Sauvignon Blanc75cl,£4.99,£4.99 per 75cl,
Captain Morgan Original Rum ,Captain Morgan Original Rum 70cl,£17.50,£25.00 per litre,
Captain Morgan Original Spiced Gold & Cola (Abv 5%),Captain Morgan Original Spice…330ml,£2.35,£7.12 per litre,Buy 4 for £6
Captain Morgan Sliced Apple,Captain Morgan Sliced Apple70cl,£15,£21.43 per litre,"Offer price £15, was £17.50"
Captain Morgan's Spiced Gold,Captain Morgan's Spiced Gold70cl,£18,£25.71 per litre,
Captain Morgan's Spiced Gold,Captain Morgan's Spiced Gold1L,£17,£17.00 per litre,
Captain Morgan Tiki Pineapple & Mango,Captain Morgan Tiki Pineapple & Mango70cl,£17.50,£25.00 per litre,
Cardhu Gold Reserve Single Malt ,Cardhu Gold Reserve Single Malt 70cl,£25,£35.72 per litre,"Offer price £25, was £44"
Carling Original Lager,Carling Original Lager4 x 440ml,£3.85,£2.19 per litre,
Carling Original Lager,Carling Original Lager10 x 440ml,£9.50,£2.16 per litre,Buy 2 for £16
Carling Original Lager,Carling Original Lager18 x 440ml,£11,£1.39 per litre,
Carlsberg Export Lager Beer,Carlsberg Export Lager Beer10 x 440ml,£10,£2.27 per litre,
Carlsberg Export Lager Beer,Carlsberg Export Lager Beer4 x 568ml,£5.50,£2.42 per litre,
Carlsberg Lager Beer,Carlsberg Lager Beer18 x 440ml,£13,£1.64 per litre,
Carlsberg Lager Beer,Carlsberg Lager Beer4 x 568ml,£4.50,£1.98 per litre,"Offer price £4.50, was £5"
Carlsberg Lager Beer,Carlsberg Lager Beer10 x 440ml,£11,£2.50 per litre,Buy 2 for £16
Carlsberg Special Brew Lager Beer,Carlsberg Special Brew Lager Beer4 x 440ml,£7,£3.98 per litre,"Offer price £7, was £8"
Carlton Bright Cigarettes,Carlton Bright Cigarettes20 per pack,£10.65,53.3p each,
Carlton Bright Superkings Cigarettes,Carlton Bright Superkings Cigarettes20 per pack,£10.65,53.3p each,
Carlton Bright Superkings Cigarettes Multipack,Carlton Bright Superkings Cigarettes Multipack5 x 20 per pack,£53.20,53.2p each,
Carlton Green Filter Superkings Cigarettes,Carlton Green Filter Superkings Cigarettes20 per pack,£10.65,53.3p each,
Carlton Original Cigarettes,Carlton Original Cigarettes20 per pack,£10.65,53.3p each,
Carlton Original Cigarettes Multipack,Carlton Original Cigarettes Multipack5 x 20 per pack,£53.20,53.2p each,
Carlton Original Superkings Cigarettes,Carlton Original Superkings Cigarettes20 per pack,£10.65,53.3p each,
Carlton Original Superkings Cigarettes Multipack,Carlton Original Superkings…5 x 20 per pack,£53.20,53.2p each,
Carnivor Zinfandel Red Wine ,Carnivor Zinfandel Red Wine 75cl,£9,£9.00 per 75cl,"Buy 6, Save 25%"
Carta Roja Pura Jumilla Organic Wine,Carta Roja Pura Jumilla Organic Wine75cl,£7.75,£7.75 per 75cl,"Buy 6, Save 25%"
Carte Rouge Vin de France ,Carte Rouge Vin de France 75cl,£5.50,£5.50 per 75cl,"Buy 6, Save 25%"
Carthy's Country Cream ,Carthy's Country Cream 70cl,£6,£8.57 per litre,
Casillero Del Diablo Reserva Cabernet Sauvignon,Casillero Del Diablo Rese…75cl,£6.50,£6.50 per 75cl,"Buy 6, Save 25%"
Casillero del Diablo Reserva Chardonnay,Casillero del Diablo Reserva Chardonnay75cl,£7.50,£7.50 per 75cl,"Buy 6, Save 25%"
Casillero del Diablo Reserva Sauvignon Blanc,Casillero del Diablo Reserva Sauvignon Blanc75cl,£6.50,£6.50 per 75cl,"Buy 6, Save 25%"
Casillero Del Diablo Tempranillo,Casillero Del Diablo Tempranillo75cl,£7.50,£7.50 per 75cl,"Buy 6, Save 25%"
Casilliero del Diablo Reserva Merlot,Casilliero del Diablo Reserva Merlot75cl,£7.50,£7.50 per 75cl,"Buy 6, Save 25%"
Castella Classic Fine Cigars ,Castella Classic Fine Cigars 10 per pack,£16.35,£1.64 each,
Castella Classic Fine Cigars ,Castella Classic Fine Cigars 5 per pack,£8.20,£1.64 each,
Castillo De Sierra Brut ,Castillo De Sierra Brut 75cl,£5.85,£5.85 per 75cl,
Castillo De Sierra Rosado ,Castillo De Sierra Rosado 75cl,£5.99,£5.99 per 75cl,
Castillo De Sierra Semi Seco Cava,Castillo De Sierra Semi Seco Cava75cl,£5.85,£5.85 per 75cl,
Chambord Black Raspberry Liqueur ,Chambord Black Raspberry Liqueur 20cl,£6,£30.00 per litre,
Champagne Charles Clement Cuvee Des Vignerons,Champagne Charles Clement…750ml,£18,£18.00 per 75cl,"Offer price £18, was £24"
Champagne Veuve Devanlay Nv Rose ,Champagne Veuve Devanlay Nv Rose 75cl,£23,£23.00 per 75cl,
Chaplin & Corks Somerset Vintage Cider ,Chaplin & Corks Somerset Vintage Cider 500ml,£2.15,£4.30 per litre,Buy 3 for £5.50
Chapmans Bay Sauvignon Blanc,Chapmans Bay Sauvignon Blanc75cl,£6.49,£6.49 per 75cl,"Buy 6, Save 25%"
Charles De Villers Champagne Brut,Charles De Villers Champagne Brut75cl,£18,£18.00 per 75cl,"Offer price £18, was £24"
Charles Rousseau Sauvignon Blanc ,Charles Rousseau Sauvignon Blanc 75cl,£7,£7.00 per 75cl,"Buy 6, Save 25%"
Chateau Mauriac Bordeaux ,Chateau Mauriac Bordeaux 75cl,£7,£7.00 per 75cl,"Buy 6, Save 25%"
Chateauneuf Du Pape,Chateauneuf Du Pape75cl,£18,£18.00 per 75cl,"Buy 6, Save 25%"
Chesterfield Blue Cigarettes,Chesterfield Blue Cigarettes20 per pack,£9.50,47.5p each,
Chesterfield Bright Superking Cigarettes,Chesterfield Bright Superking Cigarettes20 per pack,£9.50,47.5p each,
Chesterfield Red Cigarettes,Chesterfield Red Cigarettes20 per pack,£9.50,47.5p each,
Chesterfield Red Superking Cigarettes,Chesterfield Red Superking Cigarettes20 per pack,£9.50,47.5p each,
Chevaliers St Martin Aop Bordeaux ,Chevaliers St Martin Aop Bordeaux 75cl,£5.49,£5.49 per 75cl,"Buy 6, Save 25%"
Chief Of Vapes Blue Raspberry Ice 2ML,Chief Of Vapes Blue Raspberry Ice 2ML,£5.99,,
Chief Of Vapes Cola 2ML,Chief Of Vapes Cola 2ML,£5.99,,
Chief Of Vapes Mango Ice 2ML,Chief Of Vapes Mango Ice 2ML,£5.99,,
Chief Of Vapes Mixed Berries 2ML,Chief Of Vapes Mixed Berries 2ML,£5.99,,
Chief Of Vapes Strawberry Ice Cream 2ML,Chief Of Vapes Strawb…,£5.99,,
Chief Of Vapes Watermelon Ice 2ML,Chief Of Vapes Watermelon Ice 2ML,£5.99,,
Chivas Regal 12 Year Old Blended Scotch Whisky,Chivas Regal 12 Year Old Blended Scotch Whisky70cl,£29,£41.43 per litre,
Cidade Branca Alentejo,Cidade Branca Alentejo75cl,£7,£7.00 per 75cl,"Buy 6, Save 25%"
Cidade Branca White,Cidade Branca White75cl,£8,£8.00 per 75cl,"Buy 6, Save 25%"
Cidersmiths Six Point Six Vintage Cider (Abv 6.6%),Cidersmiths Six Point Six Vintage Cider (Abv 6.6%)500ml,£2,40p per 100ml,
Cinzano Bianco (ABV 15%),Cinzano Bianco (ABV 15%)1L,£8.50,£8.50 per litre,"Offer price £8.50, was £9.50"
Cirro Blueberry E-Liquid 12mg,Cirro Blueberry E-Liquid 12mg,£4.50,,
Cirro Cherry Bomb E-Liquid 12mg,Cirro Cherry Bomb E-Liquid 12mg,£4,,
Clan Original Pipe Tobacco,Clan Original Pipe Tobacco50g,£20.55,£41.10 per 100g,
Classic Ales Mixed Pack Beers,Classic Ales Mixed Pack Beers6 x 500ml,£9.50,£3.17 per litre,Buy 2 for £16
CleanCo Clean G Non-Alcoholic Gin Replacement,CleanCo Clean G Non-Alcoholic Gin Replacement70cl,£12,£17.15 per litre,"Offer price £12, was £16"
CleanCo Clean R Non-Alcoholic Rum Replacement,CleanCo Clean R Non-Alcoh…70cl,£12,£17.15 per litre,"Offer price £12, was £16"
Clogwyn Gold 4%,Clogwyn Gold 4%500ml,£2.25,£4.50 per litre,Buy 4 for the Price of 3
Coach House Blueberry Classic Bitter 5.0%,Coach House Blueberry Classic Bitter 5.0%500ml,£2.25,£4.50 per litre,Buy 4 for the Price of 3
Cobra Premium Lager ,Cobra Premium Lager 620ml,£2.35,£3.79 per litre,Buy 4 for the Price of 3
Coca-Cola Original Taste ,Coca-Cola Original Taste 24 x 330ml,£12.50,15.8p per 100ml,"Offer price £12.50, was £13"
Coca-Cola Original Taste ,Coca-Cola Original Taste 4 x 250ml,£3,30p per 100ml,"Offer price £3, was £4.25"
Coca-Cola Zero Sugar ,Coca-Cola Zero Sugar 30 x 330ml,£10,10.1p per 100ml,"Offer price £10, was £14 - Online Exclusive"
Cockburn's Fine Ruby Port,Cockburn's Fine Ruby Port75cl,£10.50,£10.50 per 75cl,
Cockburns Special Reserve,Cockburns Special Reserve75cl,£12,£12.00 per 75cl,
Cockburn's Special Reserve Port,Cockburn's Special Reserve Port1L,£11.50,£8.63 per 75cl,"Offer price £11.50, was £16"
Codorniu Vintage Cava Brut,Codorniu Vintage Cava Brut75cl,£11,£14.67 per litre,"Buy 6, Save 25%"
Cointreau Triple Sec Orange Liqueur,Cointreau Triple Sec Orange Liqueur50cl,£13.50,£27.00 per litre,
Colpasso Nero D'Avola Appassimento,Colpasso Nero D'Avola Appassimento75cl,£9,£9.00 per 75cl,"Buy 6, Save 25%"
Compton Orchard Cider,Compton Orchard Cider4 x 550ml,£3,13.6p per 100ml,
Comte De Saint Emmanuel,Comte De Saint Emmanuel75cl,£6,£6.00 per 75cl,"Buy 6, Save 25%"
Cono Sur Bicicleta Malbec,Cono Sur Bicicleta Malbec75cl,£7.50,£7.50 per 75cl,"Buy 6, Save 25%"
Cono Sur Bicicleta Pinot Noir,Cono Sur Bicicleta Pinot Noir75cl,£5.99,£5.99 per 75cl,"Buy 6, Save 25%"
Cono Sur Bicicleta  Sauvignon Blanc  ,Cono Sur Bicicleta  Sauvignon Blanc  75cl,£7,£7.00 per 75cl,"Buy 6, Save 25%"
Cono Sur Bicicleta Viognier,Cono Sur Bicicleta Viognier75cl,£6,£6.00 per 75cl,"Buy 6, Save 25%"
Contino Reserva Rioja ,Contino Reserva Rioja 75cl,£22,£22.00 per 75cl,"Buy 6, Save 25%"
Coors,Coors4 x 440ml,£4,£2.27 per litre,
Coors,Coors10 x 440ml,£10.50,£2.39 per litre,Buy 2 for £16
Coors,Coors12 x 330ml,£10,£2.53 per litre,Buy 2 for £16
Coors,Coors15 x 440ml,£11,£1.67 per litre,
Cornish Blackberry Mead,Cornish Blackberry Mead75cl,£8.75,£11.67 per litre,
Cornish Gold Cyder,Cornish Gold Cyder500ml,£2.25,45p per 100ml,Buy 3 for £5.50
Corona ,Corona 620ml,£2.50,£4.03 per litre,Buy 4 for the Price of 3
Corona Cero 0.0% ,Corona Cero 0.0% 4 x 330ml,£4.05,£3.07 per litre,"Offer price £4.05, was £4.50"
Corona Cero Bottle,Corona Cero Bottle12 x 330ml,£11.99,30.3p per 100ml,Buy 2 for £16
Corona Extra Premium Lager Beer bottles,Corona Extra Premium Lager Beer bottles4 x 330ml,£5.50,£4.17 per litre,
Corona Extra Premium Lager Beer bottles,Corona Extra Premium Lager Beer bottles12 x 330ml,£10,£2.53 per litre,
Corona Extra Premium Lager Beer bottles,Corona Extra Premium Lager Beer bottles18 x 330ml,£20,£3.37 per litre,
Corona Extra Premium Lager Beer Cans,Corona Extra Premium Lager Beer Cans6 x 330ml,£6.50,£3.28 per litre,Buy 2 for £10
Corona Extra Premium Lager Beer Cans,Corona Extra Premium Lager Beer Cans10 x 330ml,£10,£3.03 per litre,Buy 2 for £16
Costa Di Bussia Barolo ,Costa Di Bussia Barolo 75cl,£37,£37.00 per 75cl,"Buy 6, Save 25%"
Country Manor Medium Sweet,Country Manor Medium Sweet3L,£6,£1.50 per 75cl,
Cour Rastignac Medoc ,Cour Rastignac Medoc 75cl,£10,£10.00 per 75cl,"Buy 6, Save 25%"
Courvoisier VS Cognac,Courvoisier VS Cognac70cl,£26,£37.15 per litre,"Offer price £26, was £30"
Courvoisier VS Cognac,Courvoisier VS Cognac1L,£39,£39.00 per litre,
Courvoisier VS Cognac ,Courvoisier VS Cognac 35cl,£16,£45.71 per litre,
Courvoisier VSOP Cognac,Courvoisier VSOP Cognac70cl,£37,£52.86 per litre,
Crabbies Ginger Beer,Crabbies Ginger Beer500ml,£1.80,£3.60 per litre,Buy 4 for £6
Crabbies Green Ginger Wine,Crabbies Green Ginger Wine70cl,£6.25,£6.70 per 75cl,
Crabbie's Rhubarb Alcoholic Ginger Beer,Crabbie's Rhubarb Alcoholic Ginger Beer500ml,£1.65,£3.30 per litre,Buy 4 for £6
Crabbie's Yardhead Single Malt Scotch Whisky ,Crabbie's Yardhead Single Malt Scotch Whisky 70cl,£26,£37.14 per litre,
Cricket Child Resistant Lighters,Cricket Child Resistant Lighters3 per pack,£1.55,51.7p each,
Crocodile Diamante Rose ,Crocodile Diamante Rose 75cl,£8,£8.00 per 75cl,"Buy 6, Save 25%"
Croft Original Sherry Fine Pale Cream,Croft Original Sherry Fine Pale Cream1L,£11.50,£8.63 per 75cl,"Offer price £11.50, was £12.50"
Crossing The Rubicon India Pale Ale (Abv 6.9%),Crossing The Rubicon India Pale Ale (Abv 6.9%)330ml,£2,£6.06 per litre,Buy 4 for the Price of 3
Cune Mencia,Cune Mencia75cl,£10,£1.33 per 100ml,"Buy 6, Save 25%"
Cutters Choice Extra Fine Includes Cigarette Papers ,Cutters Choice Extra Fine Includes Cigarette Papers 30g,£19.20,£64.00 per 100g,
Cutters Choice Original Includes Cigarette Papers ,Cutters Choice Original Includes Cigarette Papers 30g,£21,£70.00 per 100g,
Cuvee Mistral De Provenc,Cuvee Mistral De Provenc75cl,£12,£12.00 per 75cl,"Buy 6, Save 25%"
Dark Horse Chardonnay White Wine ,Dark Horse Chardonnay White Wine 75cl,£7,£7.00 per 75cl,"Buy 6, Save 25%"
Dark Star Brewing Co Hophead,Dark Star Brewing Co Hophead500ml,£2.25,£4.50 per litre,
Dartmoor Brewery Ipa ,Dartmoor Brewery Ipa 500ml,£2.25,£4.50 per litre,Buy 4 for the Price of 3
Dartmoor Jail Ale 4.8%,Dartmoor Jail Ale 4.8%500ml,£2.25,£4.50 per litre,Buy 4 for the Price of 3
Dartmoor Legend Ale (Abv 4.4%),Dartmoor Legend Ale (Abv 4.4%)500ml,£2,£4.00 per litre,Buy 4 for the Price of 3
Daybreak Sauvignon Blanc,Daybreak Sauvignon Blanc75cl,£8,£10.67 per litre,"Buy 6, Save 25%"
Dead Man's Fingers Banana Rum,Dead Man's Fingers Banana Rum70cl,£18.50,£26.43 per litre,
Dead Mans Fingers Raspberry Rum Cream Liqueur ,Dead Mans Fingers Raspber…70cl,£12,£17.14 per litre,
Dead Man's Fingers Spiced Rum ,Dead Man's Fingers Spiced Rum 70cl,£18.50,£26.43 per litre,
Dead Mans Fingers White Rum,Dead Mans Fingers White Rum70cl,£16,£22.86 per litre,"Offer price £16, was £20"
De Kuyper Blue Curacao Liqueur,De Kuyper Blue Curacao Liqueur50cl,£10.50,£21.00 per litre,
De Kuyper Crème de Cassis Liqueur,De Kuyper Crème de Cassis Liqueur50cl,£8.75,£17.50 per litre,"Offer price £8.75, was £10.50"
De Kuyper Curacao Triple Sec (Abv 20%),De Kuyper Curacao Triple Sec (Abv 20%)50cl,£9,£18.00 per litre,"Offer price £9, was £10.75"
Desperados Tequila Lager Beer Bottle,Desperados Tequila Lager Beer Bottle650ml,£3.10,£4.77 per litre,Buy 4 for the Price of 3
Desperados Tequila Lager Beer Bottles,Desperados Tequila Lager Beer Bottles3 x 330ml,£5.50,£5.56 per litre,
Desperados Tequila Lager Beer Bottles,Desperados Tequila Lager Beer Bottles12 x 250ml,£15,£5.00 per litre,
Dewar's Caribbean Smooth Blended Scotch Whisky,Dewar's Caribbean Smooth…70cl,£23,£32.86 per litre,"Offer price £23, was £28"
Diablo Black Cabernet Sauvignon,Diablo Black Cabernet Sauvignon75cl,£8.50,£8.50 per 75cl,"Buy 6, Save 25%"
Diablo Dark Red ,Diablo Dark Red 75cl,£8.50,£8.50 per 75cl,"Buy 6, Save 25%"
Diablo Golden Chardonnay,Diablo Golden Chardonnay75cl,£8,£8.00 per 75cl,"Buy 6, Save 25%"
Diet Pepsi Cans,Diet Pepsi Cans24 x 330ml,£9.50,12p per 100ml,
Disaronno Amaretto ,Disaronno Amaretto 70cl,£18.50,£26.43 per litre,
Disaronno Originale Amaretto,Disaronno Originale Amaretto50cl,£12,£24.00 per litre,"Offer price £12, was £16.50"
Disaronno Velvet Liqueur ,Disaronno Velvet Liqueur 500ml,£16,£32.00 per litre,
Disco Fork Lift Truck Mango Pale Ale (Abv 5.1%),Disco Fork Lift Truck Man…330ml,£2,£6.06 per litre,Buy 4 for the Price of 3
Dom Benedictine Liqueur,Dom Benedictine Liqueur500ml,£18,£36.00 per litre,
Don Simon Nature Sauvignon Blanc,Don Simon Nature Sauvignon Blanc75cl,£4.99,£4.99 per 75cl,
Doom Bar Amber Ale,Doom Bar Amber Ale10 x 440ml,£10,£2.27 per litre,"Offer price £10, was £11.50"
Double Drip Double Menthol 12mg,Double Drip Double Menthol 12mg10ml,£3.99,£3.99 per 10ml,
Double Drip Double Menthol 3mg,Double Drip Double Menthol 3mg10ml,£3.99,£3.99 per 10ml,
Double Drip Double Menthol 6mg,Double Drip Double Menthol 6mg10ml,£3.99,£3.99 per 10ml,
Double Drip Fizzy Cherry Cola Bottles 12mg,Double Drip Fizzy Cherry Cola Bottles 12mg10ml,£3.99,£3.99 per 10ml,
Double Drip Fizzy Cherry Cola Bottles 3mg,Double Drip Fizzy Cherry Cola Bottles 3mg10ml,£3.99,£3.99 per 10ml,
Double Drip Fizzy Cherry Cola Bottles 6mg,Double Drip Fizzy Cherry Cola Bottles 6mg,£3.99,,
Double Drip Raspberry 12Mg,Double Drip Raspberry 12Mg,£3.99,,
Double Drip Raspberry Apple 12mg,Double Drip Raspberry Apple 12mg,£3.99,,
Double Drip Raspberryapple 3Mg,Double Drip Raspberryapple 3Mg,£3.99,,
Double Drip Raspberry Apple 6mg,Double Drip Raspberry Apple 6mg,£3.99,,
Double Drip Raspberry Sherbet 3mg,Double Drip Raspberry Sherbet 3mg,£3.99,,
Double Drip Raspberry Sherbet 6mg,Double Drip Raspberry Sherbet 6mg,£3.99,,
Double Drip Super Berry Sherbet 3mg,Double Drip Super Berry Sherbet 3mg,£3.99,,
Double Drip Super Berry Sherbet 6mg,Double Drip Super Berry Sherbet 6mg,£3.99,,
Double Maxim Premium Brown Ale,Double Maxim Premium Brown Ale500ml,£2,£4.00 per litre,Buy 4 for the Price of 3
Dow's Renown Port,Dow's Renown Port75cl,£8.50,£8.50 per 75cl,"Offer price £8.50, was £10"
Dragbar 600 Banana Ice 20mg,Dragbar 600 Banana Ice 20mg,£5.99,,
Dragbar 600 Grape Ice 20mg,Dragbar 600 Grape Ice 20mg,£5.99,,
Dragbar 600 Green Apple Ice 20mg,Dragbar 600 Green Apple Ice 20mg,£5.99,,
Dragbar 600 Lush Ice 20mg,Dragbar 600 Lush Ice 20mg,£5.99,,
Dragbar 600 Mango Ice 20mg,Dragbar 600 Mango Ice 20mg,£5.99,,
Dragbar 600 Menthol 20mg,Dragbar 600 Menthol 20mg,£5.99,,
Dragbar 600 OMG 20mg,Dragbar 600 OMG 20mg,£5.99,,
Dragbar 600 Peach Ice 20mg,Dragbar 600 Peach Ice 20mg,£5.99,,
Dragbar Z700 Gt Pineapple Lime Soda,Dragbar Z700 Gt Pineapple Lime Soda,£5.99,,
Drambuie,Drambuie50cl,£19,£38.00 per litre,
Drum Gold Tobacco,Drum Gold Tobacco30g,£20.80,£69.33 per 100g,
Drum The Original Blue Tobacco,Drum The Original Blue Tobacco30g,£20.80,£69.33 per 100g,
Drum The Original Blue Tobacco,Drum The Original Blue Tobacco50g,£34.50,£69.00 per 100g,
Dunhill International Cigarettes,Dunhill International Cigarettes20 per pack,£16.40,82p each,
Dunhill Red Cigarettes,Dunhill Red Cigarettes20 per pack,£16.10,80.5p each,
Duralex Conical Pint Tumbler,Duralex Conical Pint Tumbler,£2.85,£2.85 each,
Duvel Belgian Strong Golden Ale Bottle,Duvel Belgian Strong Golden Ale Bottle330ml,£2.50,£7.58 per litre,Buy 4 for the Price of 3
Duvel Tripel Hop Citra (Abv 9.5%),Duvel Tripel Hop Citra (Abv 9.5%)330ml,£3,90.9p per 100ml,Buy 4 for the Price of 3
Dynamite Factory Sauvignon Blanc,Dynamite Factory Sauvignon Blanc75cl,£9,£1.20 per 100ml,"Buy 6, Save 25%"
Dynamite Factory Shiraz,Dynamite Factory Shiraz75cl,£7,93.3p per 100ml,"Offer price £7, was £9"
Echo Falls 5.5% Summer Berries,Echo Falls 5.5% Summer Berries75cl,£3.99,£3.99 per 75cl,
Echo Falls 9% Summer Berries,Echo Falls 9% Summer Berries75cl,£5.75,£5.75 per 75cl,"Buy 6, Save 25%"
 Echo Falls Merlot, Echo Falls Merlot187ml,£1,£4.01 per 75cl,
Echo Falls Pinot Grigio Rose ,Echo Falls Pinot Grigio Rose 75cl,£6.50,£6.50 per 75cl,"Buy 6, Save 25%"
Echo Falls White,Echo Falls White75cl,£5,£5.00 per 75cl,"Buy 6, Save 25%"
Echo Falls White Zinfandel,Echo Falls White Zinfandel75cl,£5.50,£5.50 per 75cl,"Buy 6, Save 25%"
Edge Blackcurrant E-Liquid 12mg,Edge Blackcurrant E-Liquid 12mg,£2.85,,
Edge Blackcurrant E-Liquid 18mg,Edge Blackcurrant E-Liquid 18mg,£2.85,,
Edge Blackcurrant E-Liquid 3mg,Edge Blackcurrant E-Liquid 3mg,£2.85,,
Edge Blackcurrant E-Liquid 6mg,Edge Blackcurrant E-Liquid 6mg,£2.85,,
Edge Blueberry E-Liquid 12mg,Edge Blueberry E-Liquid 12mg,£2.85,,
Edge Blueberry E-Liquid 18mg,Edge Blueberry E-Liquid 18mg,£2.85,,
Edge Blueberry E-Liquid 6mg,Edge Blueberry E-Liquid 6mg,£2.85,,
Edge British Tobacco E-Liquid 12mg,Edge British Tobacco E-Liquid 12mg,£2.85,,
Edge British Tobacco E-Liquid 18mg,Edge British Tobacco E-Liquid 18mg,£2.85,,
Edge British Tobacco E-Liquid 6mg,Edge British Tobacco E-Liquid 6mg,£2.85,,
Edge Cherry Menthol E-Liquid 12mg,Edge Cherry Menthol E-Liquid 12mg,£2.85,,
Edge Cherry Menthol E-Liquid 6mg,Edge Cherry Menthol E-Liquid 6mg,£2.85,,
Edge Forest Fruits E-Liquid 12mg,Edge Forest Fruits E-Liquid 12mg,£2.85,,
Edge Forest Fruits E-Liquid 18mg,Edge Forest Fruits E-Liquid 18mg,£2.85,,
Edge Forest Fruits E-Liquid 6mg,Edge Forest Fruits E-Liquid 6mg,£2.85,,
Edge Heizen E-Liquid 12mg,Edge Heizen E-Liquid 12mg,£2.85,,
Edge Heizen E-Liquid 18mg,Edge Heizen E-Liquid 18mg,£2.85,,
Edge Heizen E-Liquid 6mg,Edge Heizen E-Liquid 6mg,£2.85,,
Edge Max Blue Raspberry E-Liquid 3mg,Edge Max Blue Raspberry E-Liquid 3mg,£2.85,,
Edge Max Heizen E-Liquid 3mg,Edge Max Heizen E-Liquid 3mg,£2.85,,
Edge Max Mango Ice Menthol E-Liquid 3mg,Edge Max Mango Ice Menthol E-Liquid 3mg,£2.85,,
Edge Menthol Tobacco E-Liquid 12mg,Edge Menthol Tobacco E-Liquid 12mg,£2.85,,
Edge Menthol Tobacco E-Liquid 18mg,Edge Menthol Tobacco E-Liquid 18mg,£2.85,,
Edge Pro Coils,Edge Pro Coils,£2.85,,
Edge Pro Vaping Device,Edge Pro Vaping Device,£25,,
Edge Strawberry & Lime E-Liquid 12mg,Edge Strawberry & Lime E-Liquid 12mg,£2.85,,
Edge Strawberry & Lime E-Liquid 18mg,Edge Strawberry & Lime E-Liquid 18mg,£2.85,,
Edge Strawberry & Lime E-Liquid 6mg,Edge Strawberry & Lime E-Liquid 6mg,£2.85,,
Edge Strawberry E-Liquid 3mg,Edge Strawberry E-Liquid 3mg,£2.85,,
Edge Strawberry E-Liquid 6mg,Edge Strawberry E-Liquid 6mg,£2.85,,
Edge Very Menthol E-Liquid 12mg,Edge Very Menthol E-Liquid 12mg,£2.85,,
Edge Very Menthol E-Liquid 18mg,Edge Very Menthol E-Liquid 18mg,£2.85,,
Edge Very Menthol E-Liquid 3mg,Edge Very Menthol E-Liquid 3mg,£2.85,,
Edge Very Menthol E-Liquid 6mg,Edge Very Menthol E-Liquid 6mg,£2.85,,
Edge Virginia Tobacco E-Liquid 12mg,Edge Virginia Tobacco E-Liquid 12mg,£2.85,,
Edge Virginia Tobacco E-Liquid 18mg,Edge Virginia Tobacco E-Liquid 18mg,£2.85,,
Edge Virginia Tobacco E-Liquid 6mg,Edge Virginia Tobacco E-Liquid 6mg,£2.85,,
Edinburgh Gin Elderflower Liqueur (Abv 20%),Edinburgh Gin Elderflower Liqueur (Abv 20%)50cl,£11,£22.00 per litre,"Offer price £11, was £16.50"
Edinburgh Gin Raspberry Liqueur ,Edinburgh Gin Raspberry Liqueur 50cl,£11,£22.00 per litre,"Offer price £11, was £16.50"
Edinburgh Gin Rhubarb & Ginger Gin Liqueur ,Edinburgh Gin Rhubarb & Ginger Gin Liqueur 250ml,£2,80p per 100ml,Buy 4 for £6
Edinburgh Gin Rhubarb & Ginger Liqueur,Edinburgh Gin Rhubarb & Ginger Liqueur50cl,£11,£22.00 per litre,"Offer price £11, was £16.50"
Edinburgh Gin Small Batch Distilled ,Edinburgh Gin Small Batch Distilled 70cl,£21,£30.00 per litre,"Offer price £21, was £26"
Eisberg Alcohol Free Rose Wine,Eisberg Alcohol Free Rose Wine75cl,£2.75,£2.75 per 75cl,
Eisberg Alcohol Free Wine Chardonnay,Eisberg Alcohol Free Wine Chardonnay75cl,£2.75,£2.75 per 75cl,
Eisberg Alcohol Free Wine Sauvignon Blanc ,Eisberg Alcohol Free Wine Sauvignon Blanc 75cl,£2.75,£3.67 per litre,
Eisberg Cabernet Sauvignon Alcohol Free Wine ,Eisberg Cabernet Sauvigno…75cl,£2.75,£2.75 per 75cl,
Eleanor La Reine Piquepoul - Terret Cotes De Thau IGP,Eleanor La Reine Piquepoul…75cl,£6.99,£6.99 per 75cl,"Buy 6, Save 25%"
Elfbar 600 Pink Lemonade 20Mg,Elfbar 600 Pink Lemonade 20Mg,£5.99,,
Elf Bar Elfa Pod Blue Razz Lemonade 20mg,Elf Bar Elfa Pod Blue Razz Lemonade 20mg,£5.99,,
Elfbar Elfa Pod Elfbull 20mg,Elfbar Elfa Pod Elfbull 20mg,£5.99,,
Elf Bar Elfa Pod Kit Aurora Purple 20mg,Elf Bar Elfa Pod Kit Aurora Purple 20mg,£8.99,,
Elf Bar Elfa Pod Kit Black 20mg,Elf Bar Elfa Pod Kit Black 20mg,£8.99,,
Elfbar Elfa Pod Kiwi Passion Fruit Guava 20mg/,Elfbar Elfa Pod Kiwi Pass…,£5.99,,
Elsie Mo      ,Elsie Mo      500ml,£2.25,£4.50 per litre,Buy 4 for the Price of 3
Embassy Filter Cigarettes,Embassy Filter Cigarettes20 per pack,£15.15,75.8p each,
Embassy Signature Gold Cigarettes,Embassy Signature Gold Cigarettes20 per pack,£10.65,53.3p each,
Embassy Signature Gold Cigarettes Multipack,Embassy Signature Gold Cigarettes Multipack5 x 20 per pack,£53.20,53.2p each,
Embassy Signature Silver Cigarettes,Embassy Signature Silver Cigarettes20 per pack,£10.65,53.3p each,
Erdinger Alkoholfrei Alcohol Free Wheat Beer,Erdinger Alkoholfrei Alcohol Free Wheat Beer500ml,£1.75,£3.50 per litre,Buy 4 for the Price of 3
Erdinger Weissbier Wheat Beer,Erdinger Weissbier Wheat Beer50cl,£2.25,£4.50 per litre,Buy 4 for the Price of 3
Erinmore Mixture Pipe Tobacco,Erinmore Mixture Pipe Tobacco50g,£20.50,£41.00 per 100g,
Errazuriz Cabernet Sauvignon ,Errazuriz Cabernet Sauvignon 75cl,£9,£9.00 per 75cl,"Buy 6, Save 25%"
Errazuriz Sauvignon Blanc      ,Errazuriz Sauvignon Blanc      75cl,£7,£7.00 per 75cl,"Buy 6, Save 25%"
Estrella Damm Premium Lager Beer,Estrella Damm Premium Lager Beer660ml,£2.50,£3.79 per litre,Buy 4 for the Price of 3
Estrella Damm Premium Lager Beer,Estrella Damm Premium Lager Beer6 x 330ml,£7,£3.54 per litre,Buy 2 for £10
Estrella Damm Premium Lager Beer,Estrella Damm Premium Lager Beer12 x 330ml,£11,£2.78 per litre,"Offer price £11, was £15"
Evan Evans CWRW,Evan Evans CWRW500ml,£2.25,£4.50 per litre,Buy 4 for the Price of 3
Evo Tobacco Sticks Amber,Evo Tobacco Sticks Amber,£4.50,,
Evo Tobacco Sticks Bronze,Evo Tobacco Sticks Bronze,£4.50,,
Evo Tobacco Sticks Green,Evo Tobacco Sticks Green,£4.50,,
Evo Tobacco Sticks Purple,Evo Tobacco Sticks Purple,£4.50,,
Exmoor Gold,Exmoor Gold500ml,£2.25,£4.50 per litre,Buy 4 for the Price of 3
Exmoor Stag,Exmoor Stag500ml,£2.25,£4.50 per litre,Buy 4 for the Price of 3
Fairbank Sauvignon Blanc Rose ,Fairbank Sauvignon Blanc Rose 75cl,£7,£7.00 per 75cl,"Buy 6, Save 25%"
Fairbank Wines Sauvignon Blanc ,Fairbank Wines Sauvignon Blanc 75cl,£5.50,£5.50 per 75cl,"Buy 6, Save 25%"
Felinfoel Double Dragon    ,Felinfoel Double Dragon    500ml,£2,£4.00 per litre,Buy 4 for the Price of 3
Felix Solis Sol de Espana Red Wine,Felix Solis Sol de Espana Red Wine1L,£5.25,£3.94 per 75cl,
Felix Solis Sol de Espana White Wine,Felix Solis Sol de Espana White Wine1L,£5.25,£3.94 per 75cl,"Buy 6, Save 25%"
Fentimans Dandelion & Burdock ,Fentimans Dandelion & Burdock 750ml,£2.50,33.4p per 100ml,"Offer price £2.50, was £3.50"
Fentimans Traditional Curiosity Cola,Fentimans Traditional Curiosity Cola750ml,£2.50,33.4p per 100ml,"Offer price £2.50, was £3.50"
Ferrari Brut Nv ,Ferrari Brut Nv 75cl,£19,£19.00 per 75cl,"Buy 6, Save 25%"
Fever-Tree Light Aromatic Tonic,Fever-Tree Light Aromatic Tonic8 x 150ml,£4.75,39.6p per 100ml,Buy 2 for £8.50
Fever-Tree Light Aromatic Tonic,Fever-Tree Light Aromatic Tonic500ml,£1.70,34p per 100ml,"Offer price £1.70, was £2"
Fever-Tree Light Elderflower Tonic,Fever-Tree Light Elderflower Tonic500ml,£1.70,34p per 100ml,"Offer price £1.70, was £2"
Fever-Tree Light Elderflower Tonic,Fever-Tree Light Elderflower Tonic8 x 150ml,£4.75,39.6p per 100ml,Buy 2 for £8.50
Fever-Tree Light Mediterranean Tonic,Fever-Tree Light Mediterranean Tonic500ml,£1.70,34p per 100ml,"Offer price £1.70, was £2"
Fever-Tree Light Mediterranean Tonic,Fever-Tree Light Mediterranean Tonic8 x 150ml,£4.75,39.6p per 100ml,Buy 2 for £8.50
Fever-Tree Mediterranean Tonic Water,Fever-Tree Mediterranean Tonic Water500ml,£1.70,34p per 100ml,"Offer price £1.70, was £2.20"
Fever-Tree Premium Indian Tonic Water,Fever-Tree Premium Indian Tonic Water500ml,£1.70,34p per 100ml,"Offer price £1.70, was £2.20"
Fever-Tree Premium Indian Tonic Water,Fever-Tree Premium Indian Tonic Water8 x 150ml,£4.95,41.3p per 100ml,Buy 2 for £8.50
Fever-Tree Refreshingly Light Ginger Ale,Fever-Tree Refreshingly Light Ginger Ale500ml,£2,40p per 100ml,
Fever-Tree Refreshingly Light Ginger Ale ,Fever-Tree Refreshingly Light Ginger Ale 8 x 150ml,£4.75,39.6p per 100ml,Buy 2 for £8.50
Fever-Tree Refreshingly Light Ginger Beer,Fever-Tree Refreshingly Light Ginger Beer4 x 250ml,£4,40p per 100ml,
Fever-Tree Refreshingly Light Indian Tonic Water,Fever-Tree Refreshingly Light Indian Tonic Water500ml,£1.70,34p per 100ml,"Offer price £1.70, was £2"
Fever-Tree Refreshingly Light Indian Tonic Water,Fever-Tree Refreshingly Light Indian Tonic Water8 x 150ml,£4.75,39.6p per 100ml,Buy 2 for £8.50
Fever-Tree Refreshingly Light Sicilian Lemonade,Fever-Tree Refreshingly Light Sicilian Lemonade500ml,£1.70,34p per 100ml,"Offer price £1.70, was £2"
Fever-Tree Refreshingly Light Sicilian Lemonade,Fever-Tree Refreshingly Light Sicilian Lemonade4 x 250ml,£4,40p per 100ml,
Fireball Cinnamon Whisky Liqueur,Fireball Cinnamon Whisky Liqueur70cl,£15,£21.43 per litre,"Offer price £15, was £18"
Fireball Liqueur (Abv 33%),Fireball Liqueur (Abv 33%)50cl,£12,£24.00 per litre,
Fire Catcher Golden Beer,Fire Catcher Golden Beer500ml,£1.09,£2.18 per litre,
Fleurs De Prairie Luberon,Fleurs De Prairie Luberon75cl,£8,£8.00 per 75cl,"Buy 6, Save 25%"
Fleurs De Prairie Luberon Rose,Fleurs De Prairie Luberon Rose187ml,£2.49,£13.32 per litre,Buy 4 for the Price of 3
Fleurs De Prairie Sparkling Rose,Fleurs De Prairie Sparkling Rose75cl,£8,£8.00 per 75cl,"Buy 6, Save 25%"
Florio Vecchioflorio Marsala Superiore Dolce,Florio Vecchioflorio Marsala Superiore Dolce75cl,£10,£10.00 per 75cl,"Offer price £10, was £11"
Foster's Lager Beer Cans,Foster's Lager Beer Cans18 x 440ml,£12,£1.52 per litre,
Fosters Lager Cans,Fosters Lager Cans15 x 440ml,£16.50,25p per 100ml,
Fosters Lager Cans,Fosters Lager Cans18 x 440ml,£11,13.9p per 100ml,
Fosters Lager Cans,Fosters Lager Cans10 x 440ml,£9.50,21.6p per 100ml,Buy 2 for £16
Fosters Lager Cans,Fosters Lager Cans4 x 568ml,£5.75,25.3p per 100ml,
Fosters Lager Cans,Fosters Lager Cans4 x 440ml,£3.85,21.9p per 100ml,
Free Damm 0% Lager,Free Damm 0% Lager4 x 330ml,£3.50,26.5p per 100ml,"Offer price £3.50, was £4"
Freixenet Cordon Negro Brut Cava ,Freixenet Cordon Negro Brut Cava 75cl,£9,£9.00 per 75cl,"Buy 6, Save 25%"
Freixenet  Cordon Rosado    Seco ,Freixenet  Cordon Rosado    Seco 75cl,£11,£11.00 per 75cl,"Buy 6, Save 25%"
Freixenet Italian Rose ,Freixenet Italian Rose 75cl,£8,£8.00 per 75cl,"Buy 6, Save 25%"
Freixenet Italian Rose Sparkling Wine ,Freixenet Italian Rose Sparkling Wine 20cl,£4.25,£15.94 per 75cl,Buy 4 for the Price of 3
Freixenet Italian Sparkling Rose,Freixenet Italian Sparkling Rose75cl,£10,£10.00 per 75cl,"Buy 6, Save 25%"
Freixenet Pinot Grigio ,Freixenet Pinot Grigio 75cl,£10,£10.00 per 75cl,"Buy 6, Save 25%"
Freixenet Prosecco ,Freixenet Prosecco 20cl,£4.25,£15.94 per 75cl,Buy 4 for the Price of 3
Freixenet Prosecco,Freixenet Prosecco1.5L,£18,£12.00 per litre,"Buy 6, Save 25%"
Freixenet Prosecco D. O. C.,Freixenet Prosecco D. O. C.75cl,£10,£10.00 per 75cl,"Buy 6, Save 25%"
Freixenet Rioja ,Freixenet Rioja 75cl,£9,£9.00 per 75cl,"Buy 6, Save 25%"
Freixenet Sauvignon Blanc ,Freixenet Sauvignon Blanc 75cl,£7.50,£7.50 per 75cl,"Buy 6, Save 25%"
Freixenet Vintage Brut Cava,Freixenet Vintage Brut Cava75cl,£8.50,£8.50 per 75cl,"Buy 6, Save 25%"
Frome Valley Henney's Dry Cider ,Frome Valley Henney's Dry Cider 500ml,£2.50,£5.00 per litre,Buy 3 for £5.50
Fruh Kolsch,Fruh Kolsch500ml,£3.25,£6.50 per litre,Buy 4 for the Price of 3
Fullers Black Cab Stout ,Fullers Black Cab Stout 500ml,£2,£4.00 per litre,Buy 4 for the Price of 3
Fuller's London Pride,Fuller's London Pride4 x 500ml,£5.49,27.5p per 100ml,
Fuller's London Pride Bottle,Fuller's London Pride Bottle500ml,£2.25,£4.50 per litre,Buy 4 for the Price of 3
Fullers Organic Honey Dew        ,Fullers Organic Honey Dew        500ml,£2.25,£4.50 per litre,Buy 4 for the Price of 3
Funkin Cocktails Mix Pack,Funkin Cocktails Mix Pack8 x 200ml,£11,£6.88 per litre,"Offer price £11, was £13"
Funkin Cocktails Passion Fruit Martini ,Funkin Cocktails Passion Fruit Martini 700ml,£7.50,£10.72 per litre,"Offer price £7.50, was £9"
Funkin Cocktails Pina Colada ,Funkin Cocktails Pina Colada 70cl,£7.50,£1.08 per 100ml,"Offer price £7.50, was £9"
Funkin Cocktails Salted Caramel Espresso Martini ,Funkin Cocktails Salted Caramel Espresso Martini 70cl,£7.50,£8.03 per 75cl,"Offer price £7.50, was £9"
Funkin Cocktails Strawberry Daiquiri ,Funkin Cocktails Strawberry Daiquiri 700ml,£7.50,£10.72 per litre,"Offer price £7.50, was £9"
Funkin Nitro Cocktails Espresso Martini ,Funkin Nitro Cocktails Espresso Martini 200ml,£2.25,£11.25 per litre,Buy 4 for £6
Funkin Nitro Cocktails Passion Fruit Martini ,Funkin Nitro Cocktails Passion Fruit Martini 200ml,£2.25,£11.25 per litre,Buy 4 for £6
Funkin Nitro Cocktails Peach On The Beach ,Funkin Nitro Cocktails Peach On The Beach 200ml,£2.25,£11.25 per litre,Buy 4 for £6
Funkin Nitro Cocktails Pina Colada ,Funkin Nitro Cocktails Pina Colada 200ml,£2.25,£11.25 per litre,Buy 4 for £6
Funkin Nitro Cocktails Spiced Rum Zombie ,Funkin Nitro Cocktails Spiced Rum Zombie 200ml,£2.25,£1.13 per 100ml,Buy 4 for £6
Funkin Nitro Cocktails Strawberry Daiquiri ,Funkin Nitro Cocktails Strawberry Daiquiri 200ml,£2.25,£11.25 per litre,Buy 4 for £6
Funkin Passion Fruit Martini Cocktail Mixer,Funkin Passion Fruit Martini Cocktail Mixer400ml,£3,£7.50 per litre,
Funkin Pina Colada Cocktail Mixer ,Funkin Pina Colada Cocktail Mixer 400ml,£3,75p per 100ml,
Funkin Sparkling Cocktails Long Island Iced Tea,Funkin Sparkling Cocktails Long Island Iced Tea250ml,£2.25,£9.00 per litre,Buy 4 for £6
Galipette Cidre Brut,Galipette Cidre Brut500ml,£2.35,47p per 100ml,Buy 3 for £5.50
Gallo Family Vineyards Chardonnay White Wine ,Gallo Family Vineyards Chardonnay White Wine 75cl,£5.75,£5.75 per 75cl,"Buy 6, Save 25%"
Gallo Family Vineyards Merlot Red Wine ,Gallo Family Vineyards Merlot Red Wine 75cl,£6.50,£6.50 per 75cl,"Buy 6, Save 25%"
Gallo Family Vineyards Moscato White Wine ,Gallo Family Vineyards Moscato White Wine 75cl,£5.75,£5.75 per 75cl,"Buy 6, Save 25%"
Gallo Family Vineyards Pinot Grigio White Wine,Gallo Family Vineyards Pinot Grigio White Wine75cl,£5.75,£5.75 per 75cl,"Buy 6, Save 25%"
Gallo Family Vineyards Spritz Raspberry & Lime,Gallo Family Vineyards Spritz Raspberry & Lime75cl,£4.19,£4.19 per 75cl,"Offer price £4.19, was £4.79"
Gallo Family Vineyards Summer Rose Wine ,Gallo Family Vineyards Summer Rose Wine 75cl,£5,£5.00 per 75cl,"Buy 6, Save 25%"
Gallo Family Vineyards White Grenache Rose Wine ,Gallo Family Vineyards Whit…75cl,£6.50,£6.50 per 75cl,"Buy 6, Save 25%"
Gallo Family Vineyards White Zinfandel Rose Wine ,Gallo Family Vineyards Whit…75cl,£6.50,£6.50 per 75cl,"Buy 6, Save 25%"
Gary Barlow Organic Red Wine,Gary Barlow Organic Red Wine75cl,£6.50,£6.50 per 75cl,"Buy 6, Save 25%"
Gary Barlow Organic Rose ,Gary Barlow Organic Rose 75cl,£6,£8.00 per litre,"Buy 6, Save 25%"
Gary Barlow Organic White Wine,Gary Barlow Organic White Wine75cl,£6,£6.00 per 75cl,"Buy 6, Save 25%"
Geek Bar Banana Ice 20MG,Geek Bar Banana Ice 20MG,£5.99,,
Geek Bar Blueberry Ice 20Mg,Geek Bar Blueberry Ice 20Mg,£5.99,,
Geek Bar Blueberry Sour Raspberry 20mg,Geek Bar Blueberry Sour Raspberry 20mg,£5.99,,
Geek Bar Grape 20MG,Geek Bar Grape 20MG,£5.99,,
Geek Bar Lychee Ice 20MG,Geek Bar Lychee Ice 20MG,£5.99,,
Geek Bar Mango Ice 20MG,Geek Bar Mango Ice 20MG,£5.99,,
Geek Bar Menthol 20mg,Geek Bar Menthol 20mg,£5.99,,
Geek Bar Pink Lemonade 20MG,Geek Bar Pink Lemonade 20MG,£5.99,,
Geek Bar Sweet Strawberry 20Mg,Geek Bar Sweet Strawberry 20Mg,£5.99,,
Geek Bar Water Melon Ice 20Mg,Geek Bar Water Melon Ice 20Mg,£5.99,,
Gentleman Jack Whiskey,Gentleman Jack Whiskey70cl,£25,£35.71 per litre,"Offer price £25, was £33"
Georges Duboeuf Julienas,Georges Duboeuf Julienas75cl,£12,£12.00 per 75cl,"Buy 6, Save 25%"
Ginking Botanical Italia ,Ginking Botanical Italia 75cl,£4.80,£4.80 per 75cl,
Glamorgan Jemima's Pitchfork,Glamorgan Jemima's Pitchfork500ml,£2.25,£4.50 per litre,Buy 4 for the Price of 3
Glamorgan Welsh Pale Ale ,Glamorgan Welsh Pale Ale 500ml,£2,£4.00 per litre,Buy 4 for the Price of 3
Glayva Liqueur,Glayva Liqueur50cl,£14,£28.00 per litre,"Offer price £14, was £19"
Glenfiddich 12 Year Old Single Malt Scotch Whisky ,Glenfiddich 12 Year Old Single Malt Scotch Whisky 35cl,£20,£57.14 per litre,
Glenfiddich 15 Year Old Single Malt Scotch Whisky ,Glenfiddich 15 Year Old Single Malt Scotch Whisky 70cl,£50,£71.43 per litre,
Glenfiddich Single Malt Scotch Whisky ,Glenfiddich Single Malt Scotch Whisky 70cl,£40,£57.14 per litre,
Glen Keith Single Malt Scotch Whisky ,Glen Keith Single Malt Scotch Whisky 70cl,£30.50,£43.57 per litre,
Glenmorangie Original Single Malt Scotch Whisky ,Glenmorangie Original Single Malt Scotch Whisky 70cl,£27,£38.57 per litre,"Offer price £27, was £37"
Glen Moray 12 Year Old American Cask Single Malt Scotch Whisky ,Glen Moray 12 Year Old American Cask…70cl,£34,£48.57 per litre,
Glen Moray Peated Single Malt Scotch Whisky ,Glen Moray Peated Single Malt Scotch Whisky 70cl,£18,£25.72 per litre,"Offer price £18, was £24"
Glen Moray Single Malt Scotch Whisky,Glen Moray Single Malt Scotch Whisky70cl,£23,£32.86 per litre,
Glen Scotia Campbeltown Harbour Single Malt Whisky ,Glen Scotia Campbeltown Harbo…70cl,£37,£52.86 per litre,
Glen's Vodka 37.5%,Glen's Vodka 37.5%70cl,£13,£18.57 per litre,
Glen's Vodka Litre 37.5%,Glen's Vodka Litre 37.5%1L,£16.39,£16.39 per litre,
Golden Ales Mixed Pack Beers,Golden Ales Mixed Pack Beers6 x 500ml,£9.50,£3.17 per litre,Buy 2 for £16
Golden Virginia The Original Tobacco Includes Cigarette Papers,Golden Virginia The Original Tobacc…50g,£33.65,£67.30 per 100g,
Golden Virginia The Original Tobacco Includes Cigarette Papers,Golden Virginia The Original Tobacc…30g,£20.30,£67.67 per 100g,
Golden Virginia Yellow Tobacco Includes Cigarette Papers,Golden Virginia Yellow Tobacco…30g,£18.60,£62.00 per 100g,
Golden Virginia Yellow Tobacco Includes Cigarette Papers ,Golden Virginia Yellow Tobacco In…50g,£30.80,£61.60 per 100g,
Gold Label Very Strong Special Beer cans,Gold Label Very Strong Special Beer cans4 x 330ml,£6.75,£5.11 per litre,
Gold Leaf JPS Can 100,Gold Leaf JPS Can 100100g,£47.80,£47.80 per 100g,
Gold Leaf  Tobacco Includes Cigarette Papers,Gold Leaf  Tobacco Includes Cigarette Papers50g,£25.40,£50.80 per 100g,
Gold Leaf Tobacco Includes Cigarette Papers ,Gold Leaf Tobacco Includes Cigarette Papers 30g,£15.50,£51.67 per 100g,
Gonzalez Byass Tio Pepe Fino,Gonzalez Byass Tio Pepe Fino75cl,£10,£10.00 per 75cl,"Offer price £10, was £11"
Goose Island Ipa Cans ,Goose Island Ipa Cans 4 x 330ml,£6.50,£4.92 per litre,Buy 2 for £10
Gordon's Alcohol Free & Tonic,Gordon's Alcohol Free & Tonic4 x 250ml,£4,£4.00 per litre,"Offer price £4, was £5.49"
Gordon's Alcohol Free Gin,Gordon's Alcohol Free Gin70cl,£15,£21.43 per litre,
Gordon's Gin ,Gordon's Gin 1L,£17,£17.00 per litre,
Gordons Gin & Schweppes Tonic       ,Gordons Gin & Schweppes Tonic       250ml,£2.25,£9.00 per litre,Buy 4 for £6
Gordons Gin & Slimline Tonic,Gordons Gin & Slimline Tonic250ml,£2.25,£9.00 per litre,Buy 4 for £6
Gordon's Mediterranean Orange Distilled Gin ,Gordon's Mediterranean Orange Distilled Gin 70cl,£17.50,£25.00 per litre,
Gordons Pink Gin & Lemonade,Gordons Pink Gin & Lemonade250ml,£2.25,90p per 100ml,Buy 4 for £6
Gordon's Pink Gin & Tonic (Abv 5%),Gordon's Pink Gin & Tonic (Abv 5%)250ml,£2.25,£9.00 per litre,Buy 4 for £6
Gordon's Premium Pink 0.0% Alcohol Free,Gordon's Premium Pink 0.0% Alcohol Free70cl,£15.50,£22.14 per litre,
Gordon's Premium Pink Distilled Gin,Gordon's Premium Pink Distilled Gin70cl,£17.50,£25.00 per litre,
Gordon's Premium Pink Distilled Gin ,Gordon's Premium Pink Distilled Gin 1L,£20,£20.00 per litre,
Gordons Premium Pink Gin Cocktail Shaker Set,Gordons Premium Pink Gin Cocktail Shaker Set,£10,,
Gordon's Premium Pink Gin With Drink Shimmer & Glass,Gordon's Premium Pink Gin Wit…,£10,,
Gordon's Sicilian Lemon Distilled Gin ,Gordon's Sicilian Lemon Distilled Gin 70cl,£17.50,£25.00 per litre,
Gordon's Sloe Gin,Gordon's Sloe Gin70cl,£20,£28.57 per litre,
Gordon's Special Dry London Gin,Gordon's Special Dry London Gin35cl,£10,£28.57 per litre,
Gordon's Special Dry London Gin,Gordon's Special Dry London Gin70cl,£17,£24.29 per litre,
Gordons Tropical Passionfruit Gin,Gordons Tropical Passionfruit Gin70cl,£17.50,£25.00 per litre,
Gordon's White Peach Distilled Gin ,Gordon's White Peach Distilled Gin 70cl,£17.50,£25.00 per litre,
Graham Norton He Devil Rich Crafted Red,Graham Norton He Devil Rich Crafted Red75cl,£9.50,£9.50 per 75cl,"Buy 6, Save 25%"
Graham Norton Sauvignon Blanc,Graham Norton Sauvignon Blanc75cl,£6,£6.00 per 75cl,"Buy 6, Save 25%"
Granite Earth Red,Granite Earth Red75cl,£8.50,£8.50 per 75cl,"Buy 6, Save 25%"
Grant Burge Barossa Shiraz 5th Generation,Grant Burge Barossa Shiraz 5th Generation75cl,£13,£13.00 per 75cl,
Grant's Blended Scotch Whisky ,Grant's Blended Scotch Whisky 70cl,£15.50,£22.14 per litre,
Grant's Triple Wood Blended Scotch Whisky,Grant's Triple Wood Blended Scotch Whisky1L,£21,£21.00 per litre,
Great British Ales,Great British Ales6 x 500ml,£10,£3.33 per litre,Buy 2 for £16
Greenall's Blueberry Gin,Greenall's Blueberry Gin70cl,£14,£20.00 per litre,
Greenall's Gin ,Greenall's Gin 1L,£18,£18.00 per litre,
Greenall's Wild Berry Gin  ,Greenall's Wild Berry Gin  70cl,£14,£15.00 per 75cl,"Offer price £14, was £14.50"
Greene King Abbot Ale Bottle,Greene King Abbot Ale Bottle500ml,£2.25,£4.50 per litre,Buy 4 for the Price of 3
Greene King Brewery Level Head Session IPA,Greene King Brewery Level Head Session IPA4 x 330ml,£6,45.5p per 100ml,Buy 2 for £10
Greene King Icebreaker Pale Ale ,Greene King Icebreaker Pale Ale 4 x 440ml,£6.50,£3.69 per litre,Buy 2 for £9
Greene King IPA              ,Greene King IPA              500ml,£1.35,£2.70 per litre,Buy 4 for the Price of 3
Greene King IPA,Greene King IPA4 x 500ml,£5,£2.50 per litre,
Greene King IPA Reserve Bottle,Greene King IPA Reserve Bottle500ml,£2.25,£4.50 per litre,Buy 4 for the Price of 3
Grey Goose Vodka,Grey Goose Vodka70cl,£40,£57.14 per litre,
Grolsch Premium Lager ,Grolsch Premium Lager 450ml,£2.30,£5.11 per litre,Buy 4 for the Price of 3
Guinness Cold Brew Coffee Beer,Guinness Cold Brew Coffee Beer8 x 440ml,£12,34.1p per 100ml,
Guinness Cold Coffee Beer,Guinness Cold Coffee Beer4 x 440ml,£5.29,£3.01 per litre,"Offer price £5.29, was £6"
Guinness Draught Alcohol Free,Guinness Draught Alcohol Free4 x 440ml,£4.50,£2.56 per litre,
Guinness Draught Cans,Guinness Draught Cans4 x 440ml,£4.75,£2.70 per litre,
Guinness Draught Cans,Guinness Draught Cans15 x 440ml,£18,£2.73 per litre,
Guinness Draught Stout,Guinness Draught Stout4 x 538ml,£6.49,£3.02 per litre,
Guinness Draught Stout,Guinness Draught Stout8 x 440ml,£9.60,27.3p per 100ml,Buy 2 for £16
Guinness Foreign Extra Stout ,Guinness Foreign Extra Stout 4 x 325ml,£6.99,£5.38 per litre,
Guinness Foreign Extra Stout ,Guinness Foreign Extra Stout 600ml,£3.50,£5.83 per litre,
Guinness Original Bottle,Guinness Original Bottle500ml,£2.25,£4.50 per litre,Buy 4 for the Price of 3
Guinness Original Bottles,Guinness Original Bottles4 x 330ml,£4.49,£3.40 per litre,
Guinness Original Cans,Guinness Original Cans12 x 440ml,£12.99,£2.46 per litre,
Guinness Original Cans,Guinness Original Cans4 x 440ml,£4.99,£2.84 per litre,
Guinness West Indies Porter Bottle,Guinness West Indies Porter Bottle500ml,£2.25,£4.50 per litre,Buy 4 for the Price of 3
Haig Club Clubman Mediterranean Orange ,Haig Club Clubman Mediterranean Orange 70cl,£28,£40.00 per litre,
Haig Clubman Single Grain Whisky     ,Haig Clubman Single Grain Whisky     70cl,£28,£40.00 per litre,
Hamlet Fine Cigars,Hamlet Fine Cigars5 per pack,£7.85,£1.57 each,
Hamlet Miniature ,Hamlet Miniature 10 per pack,£7.80,78p each,
Harbour Brewing Company Helles Lager (Abv 4.3%),Harbour Brewing Company H…660ml,£2.20,33.3p per 100ml,Buy 4 for the Price of 3
Hardys Bankside Rose,Hardys Bankside Rose75cl,£6.50,£6.50 per 75cl,"Buy 6, Save 25%"
Hardys Crest Cabernet Shiraz Merlot,Hardys Crest Cabernet Shiraz Merlot75cl,£3.35,£3.35 per 75cl,
Hardys Crest Chardonnay Sauvignon Blanc ,Hardys Crest Chardonnay Sauvignon Blanc 75cl,£5.50,£5.50 per 75cl,"Buy 6, Save 25%"
Hardys Nottage Hill Cabernet Shiraz,Hardys Nottage Hill Cabernet Shiraz75cl,£6.75,£6.75 per 75cl,Buy 2 for £10
Hardys Nottage Hill Chardonnay,Hardys Nottage Hill Chardonnay75cl,£6.75,£6.75 per 75cl,Buy 2 for £10
Hardys Nottage Hill Merlot,Hardys Nottage Hill Merlot75cl,£6.75,£6.75 per 75cl,Buy 2 for £10
Hardys Nottage Hill Sauvignon Blanc,Hardys Nottage Hill Sauvignon Blanc75cl,£6.50,£6.50 per 75cl,Buy 2 for £10
Hardys Stamp Cabernet Merlot,Hardys Stamp Cabernet Merlot75cl,£6,80p per 100ml,Buy 2 for £10
Hardys Stamp Chardonnay,Hardys Stamp Chardonnay75cl,£6,80p per 100ml,Buy 2 for £10
Hardys Stamp Sauvignon Blanc,Hardys Stamp Sauvignon Blanc75cl,£6,80p per 100ml,Buy 2 for £10
Hardys Stamp Shiraz,Hardys Stamp Shiraz75cl,£6,80p per 100ml,Buy 2 for £10
Hardys Zero Chardonnay ,Hardys Zero Chardonnay 75cl,£3.50,£3.50 per 75cl,"Offer price £3.50, was £5"
Harveys Bristol Cream Sherry,Harveys Bristol Cream Sherry75cl,£11,£11.00 per 75cl,
Harveys Bristol Cream Sherry,Harveys Bristol Cream Sherry1L,£11.50,£8.63 per 75cl,
Havana Club 7 Year Old Dark Rum,Havana Club 7 Year Old Dark Rum70cl,£27,£38.57 per litre,
Havana Club Cuban Spiced Rum,Havana Club Cuban Spiced Rum70cl,£22,£31.43 per litre,
Havana Club Especial Golden Rum ,Havana Club Especial Golden Rum 70cl,£16.50,£23.57 per litre,"Offer price £16.50, was £21"
Head Honcho Cabernet Sauvignon ,Head Honcho Cabernet Sauvignon 75cl,£6,£6.00 per 75cl,Buy 2 for £10
Head Honcho Chardonnay       ,Head Honcho Chardonnay       75cl,£6,£6.00 per 75cl,Buy 2 for £10
Head Honcho Merlot          ,Head Honcho Merlot          75cl,£6,£6.00 per 75cl,Buy 2 for £10
Head Honcho Sauvignon Blanc  ,Head Honcho Sauvignon Blanc  75cl,£6,£6.00 per 75cl,Buy 2 for £10
Head Honcho Sauvignon Blanc,Head Honcho Sauvignon Blanc187ml,£2,£8.02 per 75cl,Buy 4 for the Price of 3
Healeys Cornish Rattler Cyder,Healeys Cornish Rattler Cyder500ml,£2.25,£4.50 per litre,Buy 3 for £5.50
Healeys Cyder Rattler Berry (Abv 4%),Healeys Cyder Rattler Berry (Abv 4%)500ml,£2.30,46p per 100ml,Buy 3 for £5.50
Heets Amber Selection,Heets Amber Selection20 per pack,£5.50,27.5p each,
Heets Blue Selection ,Heets Blue Selection 20 per pack,£5.50,27.5p each,
Heets Green Selection ,Heets Green Selection 20 per pack,£5.50,27.5p each,
Heets Mauve Wave,Heets Mauve Wave,£5.50,,
Heets Russet Selection,Heets Russet Selection,£5.50,,
Heets Sienna Caps,Heets Sienna Caps20 per pack,£5.50,27.5p each,
Heets Sienna Selection ,Heets Sienna Selection 20 per pack,£5.50,27.5p each,
Heets Teak Selection,Heets Teak Selection,£5.50,,
Heets Turquoise Selection,Heets Turquoise Selection20 per pack,£5.50,27.5p each,
Heets Yellow Selection,Heets Yellow Selection20 per pack,£5.50,27.5p each,
Heidsieck & Co Monopole Blue Top Brut Champagne ,Heidsieck & Co Monopole Blue Top Brut Champagne 75cl,£24,£24.00 per 75cl,
Heidsieck Monopole Rose Champagne ,Heidsieck Monopole Rose Champagne 75cl,£28,£37.33 per litre,
Heineken 0.0 Alcohol Free ,Heineken 0.0 Alcohol Free 12 x 330ml,£9,£2.27 per litre,"Offer price £9, was £11.50"
Heineken 0.0 Alcohol Free Lager Beer Bottles,Heineken 0.0 Alcohol Free Lager Beer Bottles4 x 330ml,£4.50,£3.41 per litre,
Heineken Premium Lager Beer Bottle,Heineken Premium Lager Beer Bottle650ml,£2.55,£3.92 per litre,Buy 4 for the Price of 3
Heineken Premium Lager Beer Bottles,Heineken Premium Lager Beer Bottles4 x 330ml,£4,£3.03 per litre,
Heineken Premium Lager Beer Bottles,Heineken Premium Lager Beer Bottles12 x 330ml,£10,£2.53 per litre,
Heineken Premium Lager Beer Cans,Heineken Premium Lager Beer Cans6 x 330ml,£7,£3.54 per litre,Buy 2 for £10
Heineken Premium Lager Beer Cans,Heineken Premium Lager Beer Cans15 x 440ml,£15,22.7p per 100ml,
Heineken Premium Lager Beer Cans,Heineken Premium Lager Beer Cans4 x 568ml,£6,£2.64 per litre,"Offer price £6, was £6.50"
Heineken Silver Beer Lager Bottles,Heineken Silver Beer Lager Bottles12 x 330ml,£12.50,£3.16 per litre,
Heineken Silver Beer Lager Bottles,Heineken Silver Beer Lager Bottles4 x 330ml,£5.50,£4.17 per litre,
Hendrick's Gin,Hendrick's Gin70cl,£31,£44.29 per litre,
Hendricks Neptunia Gin,Hendricks Neptunia Gin70cl,£30,£42.86 per litre,
Henri Wintermans Half Corona Cigars,Henri Wintermans Half Corona Cigars5 per pack,£14.20,£2.84 each,
Henri Wintermans Slim Panatellas ,Henri Wintermans Slim Panatellas 5 per pack,£7.60,£1.52 each,
Henry Westons Aged Finish ,Henry Westons Aged Finish 500ml,£2.35,£4.70 per litre,Buy 3 for £5.50
Henry Westons British Vintage Cider,Henry Westons British Vintage Cider500ml,£2.35,£4.70 per litre,Buy 3 for £5.50
Henry Westons Cloudy Vintage Cider ,Henry Westons Cloudy Vintage Cider 500ml,£2.35,£4.70 per litre,Buy 3 for £5.50
Henry Westons Organic Cider ,Henry Westons Organic Cider 500ml,£2.35,£4.70 per litre,Buy 3 for £5.50
Henry Westons Vintage Cider Bottle,Henry Westons Vintage Cider Bottle500ml,£2.35,£4.70 per litre,Buy 3 for £5.50
Henry Westons Vintage Oak Aged Herefordshire Cider,Henry Westons Vintage Oak A…6 x 500ml,£10,£3.33 per litre,
Heverlee Belgian Lager ,Heverlee Belgian Lager 4 x 440ml,£5.25,£2.98 per litre,
Highland Park 10 Year Old Viking Scars ,Highland Park 10 Year Old Viking Scars 70cl,£30,£42.86 per litre,
Highland Park Dragon Legend Single Malt Scotch Whisky,Highland Park Dragon Legend S…70cl,£32,£45.71 per litre,"Offer price £32, was £40"
Hobgoblin Bottle & Branded Glass Gift Pack,Hobgoblin Bottle & Branded Glass Gift Pack500ml,£5,£10.00 per litre,
Hobgoblin Gold Ale Beer,Hobgoblin Gold Ale Beer500ml,£2,£4.00 per litre,Buy 4 for the Price of 3
Hobgoblin Gold Ale Beer,Hobgoblin Gold Ale Beer4 x 500ml,£5,£2.50 per litre,
Hobgoblin IPA,Hobgoblin IPA4 x 440ml,£5,£2.84 per litre,
Hobgoblin IPA Ale Beer,Hobgoblin IPA Ale Beer500ml,£2.25,£4.50 per litre,Buy 4 for the Price of 3
Hobgoblin Ruby Ale Beer,Hobgoblin Ruby Ale Beer500ml,£2,£4.00 per litre,Buy 4 for the Price of 3
Hobgoblin Ruby Ale Beer,Hobgoblin Ruby Ale Beer4 x 500ml,£5,£2.50 per litre,
Hoegaarden Belgian Wheat Beer bottle,Hoegaarden Belgian Wheat Beer bottle750ml,£3.25,£4.33 per litre,
Hofbrau Original,Hofbrau Original500ml,£3.25,£6.50 per litre,Buy 4 for the Price of 3
Holborn Yellow 3 In 1 Includes Cigarette Papers And Filters,Holborn Yellow 3 In 1 Includes Ci…30g,£17.60,£58.67 per 100g,
Holborn Yellow Includes Cigarette Papers,Holborn Yellow Includes Cigarette Papers50g,£28.60,£57.20 per 100g,
Holsten Pils Lager Beer,Holsten Pils Lager Beer4 x 440ml,£4.49,£2.55 per litre,"Offer price £4.49, was £5"
Hook Norton Brewery Old Hooky ,Hook Norton Brewery Old Hooky 500ml,£2.25,£4.50 per litre,Buy 4 for the Price of 3
Hopnik Citra Ipa ,Hopnik Citra Ipa 500ml,£2,£4.00 per litre,Buy 4 for the Price of 3
Ice Club Classic Ice Cubes,Ice Club Classic Ice Cubes1.8kg,£1.15,63.9p per kg,"Offer price £1.15, was £1.25"
Ice Club Crushed Ice,Ice Club Crushed Ice1.8kg,£1.15,63.9p per kg,"Offer price £1.15, was £1.25"
I Heart Malbec ,I Heart Malbec 75cl,£6,£6.00 per 75cl,Buy 2 for £10
I Heart Merlot ,I Heart Merlot 75cl,£6,£6.00 per 75cl,Buy 2 for £10
I Heart Pinot Grigio ,I Heart Pinot Grigio 75cl,£6,£6.00 per 75cl,Buy 2 for £10
I Heart Pinot Grigio,I Heart Pinot Grigio187ml,£2.25,£12.03 per litre,Buy 4 for the Price of 3
I Heart Prosecco,I Heart Prosecco75cl,£8,£10.67 per litre,"Buy 6, Save 25%"
I Heart Prosecco Rose,I Heart Prosecco Rose75cl,£8,£8.00 per 75cl,"Buy 6, Save 25%"
I Heart Rose ,I Heart Rose 75cl,£6,£6.00 per 75cl,"Buy 6, Save 25%"
I Heart Sauvignon Blanc ,I Heart Sauvignon Blanc 75cl,£6,£6.00 per 75cl,Buy 2 for £10
Ilkley Mary Jane 3.5%,Ilkley Mary Jane 3.5%500ml,£2.25,£4.50 per litre,Buy 4 for the Price of 3
Ilkley Pale Ale,Ilkley Pale Ale500ml,£2.25,£4.50 per litre,Buy 4 for the Price of 3
Illy Espresso Ground Coffee,Illy Espresso Ground Coffee250g,£6.79,£2.72 per 100g,
Inch's Medium Apple ,Inch's Medium Apple 4 x 440ml,£5,£2.84 per litre,
Inch's Medium Apple,Inch's Medium Apple10 x 440ml,£9.50,£2.16 per litre,
Inch's Medium Apple Cider ,Inch's Medium Apple Cider 500ml,£2.50,£5.00 per litre,Buy 3 for £5.50
Innis & Gunn Blood Red Sky,Innis & Gunn Blood Red Sky330ml,£2.25,£6.82 per litre,Buy 4 for the Price of 3
Innis & Gunn Lager Beer (Abv 4.6%),Innis & Gunn Lager Beer (Abv 4.6%)660ml,£2.25,34.1p per 100ml,Buy 4 for the Price of 3
Innis & Gunn Oak Aged Beer Bottle,Innis & Gunn Oak Aged Beer Bottle330ml,£2.25,£6.82 per litre,Buy 4 for the Price of 3
Innis & Gun Original ,Innis & Gun Original 660ml,£2.75,£4.17 per litre,Buy 4 for the Price of 3
Iqos 3 Duo Starter Kits,Iqos 3 Duo Starter Kits,£29,,
Isle Of Skye Blended Scotch Whisky Aged 8 Years ,Isle Of Skye Blended Scotch…70cl,£16.50,£23.57 per litre,"Offer price £16.50, was £19"
Isle of Wight Distillery Mermaid Gin,Isle of Wight Distillery Mermaid Gin70cl,£38,£54.29 per litre,
Isoletta Catarratto Pinot Grigio,Isoletta Catarratto Pinot Grigio75cl,£5.49,£7.32 per litre,
Isoletta Nero D'Avola,Isoletta Nero D'Avola75cl,£5.50,£5.50 per 75cl,"Buy 6, Save 25%"
Italia Pinot Grigio,Italia Pinot Grigio75cl,£8.25,£8.25 per 75cl,"Buy 6, Save 25%"
IVG Bar Diamond Blackcurrant Menthol 20mg,IVG Bar Diamond Black…2ml,£5.99,£3.00 per 1ml,
IVG Bar Diamond Blueberry Pomegranate 20mg,IVG Bar Diamond Blueber…2ml,£5.99,£3.00 per 1ml,
IVG Bar Diamond Blueberry Sour Raspberry 20mg,IVG Bar Diamond Blueberry…2ml,£5.99,£3.00 per 1ml,
IVG Bar Diamond Blue Slush Ice 20mg,IVG Bar Diamond Blue Slush Ice 20mg2ml,£5.99,£3.00 per 1ml,
IVG Bar Diamond Kiwi Passion Fruit Guava 20mg,IVG Bar Diamond Kiwi Passion Fruit Guava 20mg2ml,£5.99,£3.00 per 1ml,
IVG Bar Diamond Pink Fizz 20mg,IVG Bar Diamond Pink Fizz 20mg2ml,£5.99,£3.00 per 1ml,
IVG Bar Diamond Red Apple Ice 20mg,IVG Bar Diamond Red Apple Ice 20mg2ml,£5.99,£3.00 per 1ml,
IVG Bar Diamond Watermelon 20mg,IVG Bar Diamond Watermelon 20mg2ml,£5.99,£3.00 per 1ml,
IVG Bar Plus Aloe Grape Ice 20mg,IVG Bar Plus Aloe Grape Ice 20mg2ml,£5.99,£3.00 per 1ml,
IVG Bar Plus Berry Lemonade Ice 20mg,IVG Bar Plus Berry Lemonade Ice 20mg2ml,£5.99,£3.00 per 1ml,
IVG Bar Plus Blue Raspberry Ice 20mg,IVG Bar Plus Blue Raspberry Ice 20mg2ml,£5.99,£3.00 per 1ml,
IVG Bar Plus Cola Ice 20mg,IVG Bar Plus Cola Ice 20mg2ml,£5.99,£3.00 per 1ml,
IVG Bar Plus Passion Fruit 20mg,IVG Bar Plus Passion Fruit 20mg2ml,£5.99,£3.00 per 1ml,
IVG Bar Plus Polar Mint 20mg,IVG Bar Plus Polar Mint 20mg2ml,£5.99,£3.00 per 1ml,
IVG Bar Plus Raspberry Lemonade 20mg,IVG Bar Plus Raspberry Lemonade 20mg2ml,£5.99,£3.00 per 1ml,
IVG Bar Plus Strawberry Watermelon 20mg,IVG Bar Plus Strawberry Watermelon 20mg2ml,£5.99,£3.00 per 1ml,
IVG Salts Forest Berries Ice E-Liquid 10mg,IVG Salts Forest Berries Ice E-Liquid 10mg10ml,£3.99,£3.99 per 10ml,
IVG Salts Forest Berries Ice E-Liquid 20mg,IVG Salts Forest Berries Ice E-Liquid 20mg10ml,£3.99,£3.99 per 10ml,
IVG Salts Frozen Cherries 10mg,IVG Salts Frozen Cherries 10mg10ml,£3.99,£3.99 per 10ml,
IVG Salts Frozen Cherries 20mg,IVG Salts Frozen Cherries 20mg10ml,£3.99,£3.99 per 10ml,
IVG Salts Iced Melonade 10mg,IVG Salts Iced Melonade 10mg10ml,£3.99,£3.99 per 10ml,
IVG Salts Iced Melonade 20mg,IVG Salts Iced Melonade 20mg10ml,£3.99,£3.99 per 10ml,
IVG Salts Paradise Lagoon 10mg,IVG Salts Paradise Lagoon 10mg10ml,£3.99,£3.99 per 10ml,
IVG Salts Paradise Lagoon 20mg,IVG Salts Paradise Lagoon 20mg10ml,£3.99,£3.99 per 10ml,
IVG Salts Riberry Lemonade 10mg,IVG Salts Riberry Lemonade 10mg10ml,£3.99,£3.99 per 10ml,
IVG Salts Riberry Lemonade 20mg,IVG Salts Riberry Lemonade 20mg10ml,£3.99,£3.99 per 10ml,
IVG Salts Strawberry Watermelon 10mg,IVG Salts Strawberry Watermelon 10mg10L,£3.99,0.4p per 10ml,
IVG Salts Strawberry Watermelon 20mg,IVG Salts Strawberry Watermelon 20mg10ml,£3.99,£3.99 per 10ml,
IVG Salts Summer Blaze 10mg,IVG Salts Summer Blaze 10mg10ml,£3.99,£3.99 per 10ml,
IVG Salts Summer Blaze 20mg,IVG Salts Summer Blaze 20mg10ml,£3.99,£3.99 per 10ml,
IVG Salts Tropical Ice Blast 10mg,IVG Salts Tropical Ice Blast 10mg10ml,£3.99,£3.99 per 10ml,
IVG Salts Tropical Ice Blast 20mg,IVG Salts Tropical Ice Blast 20mg10ml,£3.99,£3.99 per 10ml,
Jack Daniel's & Coca-Cola,Jack Daniel's & Coca-Cola330ml,£2.20,66.7p per 100ml,
Jack Daniel's & Coca-Cola Zero Sugar,Jack Daniel's & Coca-Cola Zero Sugar330ml,£2.20,66.7p per 100ml,
Jack Daniel's & Cola,Jack Daniel's & Cola330ml,£2.20,£6.67 per litre,Buy 4 for £6
Jack Daniels & Light Cola,Jack Daniels & Light Cola330ml,£2.20,£6.67 per litre,Buy 4 for £6
Jack Daniel's Single Barrel,Jack Daniel's Single Barrel70cl,£35,£50.00 per litre,"Offer price £35, was £45"
Jack Daniels Tennessee Fire   ,Jack Daniels Tennessee Fire   70cl,£17,£24.28 per litre,"Offer price £17, was £26"
Jack Daniel's Tennessee Honey & Lemonade,Jack Daniel's Tennessee Honey & Lemonade250ml,£2.20,£8.80 per litre,Buy 4 for £6
Jack Daniels Tennessee Whiskey ,Jack Daniels Tennessee Whiskey 35cl,£15,£42.86 per litre,
Jack Daniel's Tennessee Whiskey,Jack Daniel's Tennessee Whiskey70cl,£17,£24.28 per litre,"Offer price £17, was £26"
Jack Daniel's Tennessee Whiskey,Jack Daniel's Tennessee Whiskey1L,£25,£25.00 per litre,
Jack Daniels Tennessee Whiskey Apple ,Jack Daniels Tennessee Whiskey Apple 70cl,£17,£24.28 per litre,"Offer price £17, was £26"
Jack Daniel's Tennessee Whiskey Honey ,Jack Daniel's Tennessee Whiskey Honey 70cl,£17,£24.28 per litre,"Offer price £17, was £26"
Jack Daniel's Tennessee Whiskey Honey ,Jack Daniel's Tennessee Whiskey Honey 1L,£25,£25.00 per litre,
Jacob's Creek Double Barrel Matured Shiraz Red Wine ,Jacob's Creek Double Barrel M…75cl,£10,£10.00 per 75cl,"Buy 6, Save 25%"
Jaffa Cake Gin ,Jaffa Cake Gin 70cl,£25,£26.79 per 75cl,
Jagermeister,Jagermeister70cl,£17,£24.28 per litre,"Offer price £17, was £19"
Jameson Black Barrel Triple Distilled Irish Whiskey,Jameson Black Barrel Triple D…70cl,£38,£54.29 per litre,
Jameson Orange Flavoured Irish Whiskey ,Jameson Orange Flavoured Irish Whiskey 70cl,£27.50,£39.29 per litre,
Jameson Triple Distilled Blended Irish Whiskey,Jameson Triple Distilled Blended Irish Whiskey70cl,£24,£34.29 per litre,
Jameson Triple Distilled Blended Irish Whiskey ,Jameson Triple Distilled Blended Irish Whiskey 1L,£31,£31.00 per litre,
Jam Shed Chardonnay Australia,Jam Shed Chardonnay Australia75cl,£6,£6.00 per 75cl,"Buy 6, Save 25%"
Jam Shed Malbec Argentina,Jam Shed Malbec Argentina75cl,£8,£8.00 per 75cl,"Buy 6, Save 25%"
Jam Shed Red Blend,Jam Shed Red Blend75cl,£7.75,£1.03 per 100ml,"Buy 6, Save 25%"
Jam Shed Rose California,Jam Shed Rose California75cl,£6,£6.00 per 75cl,"Buy 6, Save 25%"
Jam Shed Shiraz,Jam Shed Shiraz75cl,£6,£6.00 per 75cl,"Buy 6, Save 25%"
Jam Shed Shiraz Australia,Jam Shed Shiraz Australia1.5L,£13,£6.50 per 75cl,
Jaume Serra Bouquet Cava Brut,Jaume Serra Bouquet Cava Brut75cl,£9,£9.00 per 75cl,"Buy 6, Save 25%"
Jennings Cumberland Ale ,Jennings Cumberland Ale 500ml,£2,£4.00 per litre,Buy 4 for the Price of 3
Jim Barry Wines Single Vineyard Watervale Shiraz,Jim Barry Wines Single Vine…75cl,£21,£21.00 per 75cl,"Buy 6, Save 25%"
Jim Beam Kentucky Straight Bourbon Whiskey,Jim Beam Kentucky Straight Bourbon Whiskey70cl,£18,£25.71 per litre,
Jim Beam Kentucky Straight Bourbon Whiskey ,Jim Beam Kentucky Straight Bourbon Whiskey 1L,£20,£20.00 per litre,"Offer price £20, was £25"
J.J. Whitley Artisanal Vodka ,J.J. Whitley Artisanal Vodka 1L,£17,£17.00 per litre,
J.J Whitley Artisanal Vodka (Abv 38%),J.J Whitley Artisanal Vodka (Abv 38%)70cl,£16,£17.14 per 75cl,
J.J. Whitley Blood Orange Vodka,J.J. Whitley Blood Orange Vodka1L,£17,£17.00 per litre,
J.J Whitley Blue Raspberry,J.J Whitley Blue Raspberry70cl,£17,£24.29 per litre,
J.J. Whitley Gold Artisanal Vodka ,J.J. Whitley Gold Artisanal Vodka 70cl,£16,£22.86 per litre,
J.J. Whitley London Dry Gin,J.J. Whitley London Dry Gin1L,£17,£17.00 per litre,"Offer price £17, was £20"
J.J. Whitley Passionfruit Vodka,J.J. Whitley Passionfruit Vodka1L,£17,£17.00 per litre,
J.J Whitley Raspberry Vodka 1L (Abv 38%),J.J Whitley Raspberry Vodka 1L (Abv 38%)1L,£17,£17.00 per litre,
Johnnie Walker Black Label Blended Scotch Whisky ,Johnnie Walker Black Label…70cl,£32,£45.71 per litre,
Johnnie Walker Red Label Blended Scotch Whiskey,Johnnie Walker Red Label Blended Scotch Whiskey1L,£25.50,£25.50 per litre,
John Player Special Legendary Black Cigarettes,John Player Special Legen…20 per pack,£14.20,71p each,
John Player Special Legendary Black Cigarettes Multipack,John Player Special Legendary B…5 x 20 per pack,£71,71p each,
John Smith's Extra Smooth Ale Can,John Smith's Extra Smooth Ale Can4 x 440ml,£4.80,£2.73 per litre,
John Smith's Extra Smooth Ale Cans,John Smith's Extra Smooth Ale Cans10 x 440ml,£11,£2.50 per litre,
John Smith's Extra Smooth Ale Cans,John Smith's Extra Smooth Ale Cans18 x 440ml,£17.50,£2.21 per litre,
John Smith's Original Bitter Ale Cans,John Smith's Original Bitter Ale Cans4 x 440ml,£4.60,26.1p per 100ml,
Jose Cuervo Especial Reposado Tequila,Jose Cuervo Especial Reposado Tequila70cl,£21,£30.00 per litre,
J.P. Chenet Cabernet Syrah,J.P. Chenet Cabernet Syrah187ml,£2.25,£9.02 per 75cl,Buy 4 for the Price of 3
J.P. Chenet Cabernet Syrah,J.P. Chenet Cabernet Syrah75cl,£5.75,£5.75 per 75cl,"Buy 6, Save 25%"
JPS Bright Cigarettes,JPS Bright Cigarettes20 per pack,£12.65,63.3p each,
JPS Make Your Own Cigarette Tube Filters,JPS Make Your Own Cigarette Tube Filters100 per pack,£1.25,1.3p each,
Jps Players Crushball Cigarillo,Jps Players Crushball Cigarillo10 per pack,£5.80,58p each,
JPS Real Blue Cigarettes,JPS Real Blue Cigarettes20 per pack,£12.65,63.3p each,
JPS Real Blue Cigarettes Multipack,JPS Real Blue Cigarettes Multipack10 x 20 per pack,£125.80,62.9p each,
JPS Real Blue Cigarettes Multipack,JPS Real Blue Cigarettes Multipack5 x 20 per pack,£63,63p each,
JPS Real Blue Superkings Cigarettes,JPS Real Blue Superkings Cigarettes20 per pack,£12.65,63.3p each,
JPS Real Blue Superkings Cigarettes Multipack,JPS Real Blue Superkings Cigarettes Multipack5 x 20 per pack,£63,63p each,
JPS Silver Stream Cigarettes,JPS Silver Stream Cigarettes20 per pack,£12.65,63.3p each,
Jura Aged 10 Years Single Malt Scotch Whisky (Abv 40%),Jura Aged 10 Years Single Malt…70cl,£26,£37.14 per litre,
Jura Journey Single Malt Scotch Whisky (Abv 40%),Jura Journey Single Malt Scotch Whisky (Abv 40%)70cl,£34,£48.57 per litre,
Jura Seven Wood Single Malt Scotch Whisky (Abv 40%),Jura Seven Wood Single Malt S…70cl,£59,£84.29 per litre,
Jura Winter Edition,Jura Winter Edition70cl,£39,£55.71 per litre,
Juul 2 Pods UK Autumn Tobacco 18MG,Juul 2 Pods UK Autumn Tobacco 18MG2 per pack,£5.99,£3.00 each,
Juul 2 Pods UK Crisp Menthol 18MG,Juul 2 Pods UK Crisp Menthol 18MG2 per pack,£5.99,£3.00 each,
Juul 2 Pods UK Polar Menthol 18MG,Juul 2 Pods UK Polar Menthol 18MG2 per pack,£5.99,£3.00 each,
Juul 2 Pods UK Ruby Menthol 18MG,Juul 2 Pods UK Ruby Menthol 18MG2 per pack,£5.99,£3.00 each,
Juul 2 Pods UK Summer Menthol 18MG,Juul 2 Pods UK Summer Menthol 18MG2 per pack,£5.99,£3.00 each,
Juul 2 Pods UK Virginia Tobacco 18MG,Juul 2 Pods UK Virginia Tobacco 18MG2 per pack,£5.99,£3.00 each,
Juul 2 UK Slate Device Kit,Juul 2 UK Slate Device Kit,£6.99,,
Juul Starter Kit 18mg,Juul Starter Kit 18mg4 per pack,£9.99,£2.50 each,
"Juul Starter Kit In Tobacco, Mint, Menthol And Mango 18mg","Juul Starter Kit In Tobacco, Mint…",£7.99,,
Kahlua Coffee Liqueur ,Kahlua Coffee Liqueur 70cl,£12,£17.14 per litre,
Kendermanns Riesling Spatlese,Kendermanns Riesling Spatlese75cl,£8.50,£8.50 per 75cl,"Buy 6, Save 25%"
Kensitas Club Cigarettes,Kensitas Club Cigarettes20 per pack,£11.10,55.5p each,
Kensitas Club King Size Cigarettes Multipack,Kensitas Club King Size Cigarettes Multipack5 x 20 per pack,£55.25,55.3p each,
Kensitas Club Rolling Tobacco Includes Cigarette Papers ,Kensitas Club Rolling Tobacco I…50g,£25.80,£51.60 per 100g,
Kensitas Club Rolling Tobacco Includes Cigarette Papers,Kensitas Club Rolling Tobacco I…30g,£15.50,£51.67 per 100g,
Kensitas Club Superkings Cigarettes,Kensitas Club Superkings Cigarettes20 per pack,£11.10,55.5p each,
Kensitas Club Superkings Cigarettes Multipack,Kensitas Club Superkings Cigarettes Multipack5 x 20 per pack,£55.25,55.3p each,
Keo      ,Keo      630ml,£2.40,£3.81 per litre,Buy 4 for the Price of 3
King Edward Coronets Premium Blend Cigars,King Edward Coronets Premium Blend Cigars5 per pack,£7.90,£1.58 each,
Kingfisher,Kingfisher650ml,£2.35,£3.62 per litre,Buy 4 for the Price of 3
King Goblin Ale Beer,King Goblin Ale Beer500ml,£2.25,£4.50 per litre,Buy 4 for the Price of 3
Kingsland Portuguese Rose ,Kingsland Portuguese Rose 75cl,£4.69,£4.69 per 75cl,
Kirkstall Brewery Providence New England Pale Ale ,Kirkstall Brewery Providenc…440ml,£2.50,56.8p per 100ml,Buy 4 for the Price of 3
Kirkstall Brewery Spokane West Coast Ipa ,Kirkstall Brewery Spokane West Coast Ipa 440ml,£3.50,£7.95 per litre,Buy 4 for the Price of 3
Kirkstall Three Swords ,Kirkstall Three Swords 4 x 440ml,£5,28.4p per 100ml,
Kirkstall Virtuous Ipa,Kirkstall Virtuous Ipa440ml,£2.50,56.8p per 100ml,Buy 4 for the Price of 3
Kite Cwrw Gorslas ,Kite Cwrw Gorslas 500ml,£2,£4.00 per litre,Buy 4 for the Price of 3
Klein St Sauvignon Blanc,Klein St Sauvignon Blanc75cl,£6,£6.00 per 75cl,Buy 2 for £10
Kopparberg Alcohol-Free With Strawberry & Lime Fridge Pack (Abv 0%),Kopparberg Alcohol-Free With Strawberry…10 x 330ml,£7,21.3p per 100ml,"Offer price £7, was £8.50"
Kopparberg Alcohol Free Mixed Fruit Bottle,Kopparberg Alcohol Free Mixed Fruit Bottle500ml,£1.45,£2.90 per litre,Buy 4 for the Price of 3
Kopparberg Alcohol Free Strawberry & Lime ,Kopparberg Alcohol Free Strawberry & Lime 500ml,£1.50,£3.00 per litre,Buy 4 for the Price of 3
Kopparberg Alcohol Free With Mixed Fruit ,Kopparberg Alcohol Free With Mixed Fruit 4 x 330ml,£3.50,£2.65 per litre,
Kopparberg Cherry Rum & Cola,Kopparberg Cherry Rum & Cola250ml,£2,£8.00 per litre,Buy 4 for £6
Kopparberg Cherry Storm ,Kopparberg Cherry Storm 250ml,£2.10,£8.40 per litre,Buy 4 for £6
Kopparberg Gin Strawberry & Lime Alcohol Free,Kopparberg Gin Strawberry…250ml,£1.10,£4.40 per litre,
Kopparberg Lemon Collins ,Kopparberg Lemon Collins 250ml,£1.25,£5.00 per litre,
Kopparberg Mixed Fruit Cider Cans,Kopparberg Mixed Fruit Cider Cans12 x 330ml,£10,£2.52 per litre,"Offer price £10, was £14.50"
Kopparberg Mixed Fruit Gin & Lemonade ,Kopparberg Mixed Fruit Gin & Lemonade 250ml,£2,£8.00 per litre,Buy 4 for £6
Kopparberg Mixed Fruits ,Kopparberg Mixed Fruits 4 x 330ml,£4.50,£3.41 per litre,"Offer price £4.50, was £5.50"
Kopparberg Mixed Fruits Cider Bottle,Kopparberg Mixed Fruits Cider Bottle500ml,£2.35,£4.70 per litre,Buy 3 for £5.50
Kopparberg Mixed Fruit Tropical ,Kopparberg Mixed Fruit Tropical 4 x 330ml,£4.50,£3.41 per litre,"Offer price £4.50, was £5.50"
Kopparberg Mixed Fruit Tropical,Kopparberg Mixed Fruit Tropical12 x 330ml,£10,£2.52 per litre,"Offer price £10, was £14.50"
Kopparberg Mixed Fruit Tropical Cider,Kopparberg Mixed Fruit Tropical Cider500ml,£2.35,£4.70 per litre,Buy 3 for £5.50
Kopparberg Passion Fruit & Orange Gin & Lemonade,Kopparberg Passion Fruit & Orange Gin & Lemonade250ml,£2,£8.00 per litre,Buy 4 for £6
Kopparberg Passionfruit Vodka ,Kopparberg Passionfruit Vodka 70cl,£20,£28.57 per litre,
Kopparberg Pear Alcohol Free Cider Bottle,Kopparberg Pear Alcohol Free Cider Bottle500ml,£1.45,£2.90 per litre,Buy 4 for the Price of 3
Kopparberg Pear Cider ,Kopparberg Pear Cider 4 x 440ml,£4.50,£2.56 per litre,"Offer price £4.50, was £5.50"
Kopparberg Pear Cider Bottle,Kopparberg Pear Cider Bottle500ml,£2.35,£4.70 per litre,Buy 3 for £5.50
Kopparberg Premium Cider Cherry ,Kopparberg Premium Cider Cherry 500ml,£2.35,£4.70 per litre,Buy 3 for £5.50
Kopparberg Premium Gin Mixed Fruit,Kopparberg Premium Gin Mixed Fruit70cl,£20,£28.57 per litre,
Kopparberg Raspberry    ,Kopparberg Raspberry    500ml,£2.35,£4.70 per litre,Buy 3 for £5.50
Kopparberg Spiced Apple,Kopparberg Spiced Apple500ml,£2.35,£4.70 per litre,Buy 3 for £5.50
Kopparberg Strawberry & Lime Cider Bottle,Kopparberg Strawberry & Lime Cider Bottle500ml,£2.35,£4.70 per litre,Buy 3 for £5.50
Kopparberg Strawberry & Lime Cider Cans,Kopparberg Strawberry & Lime Cider Cans12 x 330ml,£10,£2.52 per litre,"Offer price £10, was £14.50"
Kopparberg Strawberry & Lime Gin & Lemonade,Kopparberg Strawberry & Lime Gin & Lemonade8 x 250ml,£10,£5.00 per litre,"Offer price £10, was £12"
Kopparberg Strawberry & Lime Premium Gin,Kopparberg Strawberry & Lime Premium Gin70cl,£20,£28.57 per litre,
Kopparberg Strawberry Cosmo ,Kopparberg Strawberry Cosmo 250ml,£2.10,£8.40 per litre,Buy 4 for £6
Kopparberg Strawberry Gin & Lemonade ,Kopparberg Strawberry Gin & Lemonade 250ml,£2,80p per 100ml,Buy 4 for £6
Kopparberg With Strawberry & Lime,Kopparberg With Strawberry & Lime4 x 330ml,£4.50,£3.41 per litre,"Offer price £4.50, was £5.50"
Korev Cornish Lager ,Korev Cornish Lager 6 x 330ml,£6,£3.03 per litre,Buy 2 for £10
Kraken Black Spiced Rum ,Kraken Black Spiced Rum 70cl,£20,£28.57 per litre,"Offer price £20, was £23.50"
Krombacher Pils,Krombacher Pils660ml,£2.20,£3.33 per litre,Buy 4 for the Price of 3
Kronenbourg 1664 Lager Beer Bottles,Kronenbourg 1664 Lager Beer Bottles12 x 275ml,£11.50,£3.48 per litre,
Kronenbourg 1664 Lager Beer Cans,Kronenbourg 1664 Lager Beer Cans4 x 440ml,£4.50,£2.56 per litre,"Offer price £4.50, was £5.50"
Kronenbourg 1664 Lager Beer Cans,Kronenbourg 1664 Lager Beer Cans10 x 440ml,£9,£2.05 per litre,"Offer price £9, was £12"
Kumala Chenin Blanc,Kumala Chenin Blanc75cl,£6.25,£6.25 per 75cl,Buy 2 for £10
Kumala Core Pinotage,Kumala Core Pinotage75cl,£6.25,83.3p per 100ml,Buy 2 for £10
Kumala Rose,Kumala Rose75cl,£5.49,£5.49 per 75cl,"Buy 6, Save 25%"
Kumala Sauvignon Blanc ,Kumala Sauvignon Blanc 75cl,£6.25,£6.25 per 75cl,Buy 2 for £10
Kumala Shiraz ,Kumala Shiraz 75cl,£6.25,£6.25 per 75cl,Buy 2 for £10
Kylie Minogue  Alcohol Free 0% Rose Wine,Kylie Minogue  Alcohol Free 0% Rose Wine75cl,£4.99,£4.99 per 75cl,
Kylie Minogue Prosecco Rose,Kylie Minogue Prosecco Rose75cl,£9.50,£9.50 per 75cl,"Buy 6, Save 25%"
Kylie Minogue Rose,Kylie Minogue Rose75cl,£7.50,£7.50 per 75cl,"Buy 6, Save 25%"
Kylie Minogue Sauvignon Blanc,Kylie Minogue Sauvignon Blanc75cl,£7,£7.00 per 75cl,"Buy 6, Save 25%"
L&B Blue Bright,L&B Blue Bright20 per pack,£10.90,54.5p each,
L&B Blue Bright Superkings Cigarettes,L&B Blue Bright Superkings Cigarettes20 per pack,£10.90,54.5p each,
L&B Blue New Crush Cigarettes,L&B Blue New Crush Cigarettes20 per pack,£10.90,54.5p each,
L&B Blue Original,L&B Blue Original20 per pack,£10.90,54.5p each,
L&B Blue Real Blue Superkings Cigarettes,L&B Blue Real Blue Superkings Cigarettes20 per pack,£10.90,54.5p each,
L&B Blue Tobacco,L&B Blue Tobacco50g,£25.40,£50.80 per 100g,
L&B Blue Tobacco,L&B Blue Tobacco30g,£15.50,£51.67 per 100g,
Label 5 Blended Scotch Whisky ,Label 5 Blended Scotch Whisky 1L,£17,£17.00 per litre,"Offer price £17, was £20"
La Bellamente Pinot Grigio Rose,La Bellamente Pinot Grigio Rose75cl,£5.49,£5.49 per 75cl,"Buy 6, Save 25%"
La Chouffe Strong Blonde Golden Ale,La Chouffe Strong Blonde Golden Ale330ml,£2.50,75.8p per 100ml,Buy 4 for the Price of 3
La Gioiosa Prosecco Brut ,La Gioiosa Prosecco Brut 75cl,£9,£9.00 per 75cl,"Buy 6, Save 25%"
La Gioiosa Rosea Brut ,La Gioiosa Rosea Brut 75cl,£8,£8.00 per 75cl,"Buy 6, Save 25%"
La Gioiosa Sparkling Alcohol Free,La Gioiosa Sparkling Alcohol Free75cl,£4,£4.00 per 75cl,"Offer price £4, was £4.99"
La Goudale ,La Goudale 33cl,£2,£6.06 per litre,Buy 4 for the Price of 3
Lambert & Butler Bright Cigarettes,Lambert & Butler Bright Cigarettes20 per pack,£12.65,63.3p each,
Lambert & Butler Bright Cigarettes Multipack,Lambert & Butler Bright Cigarettes Multipack5 x 20 per pack,£63,63p each,
Lambert & Butler Green Filter,Lambert & Butler Green Filter20 per pack,£11.70,58.5p each,
Lambert & Butler Original Silver Cigarettes,Lambert & Butler Original Silver Cigarettes20 per pack,£12.65,63.3p each,
Lambert & Butler Original Silver Cigarettes Multipack,Lambert & Butler Original Silver Cigarettes Multipack5 x 20 per pack,£63,63p each,
Lambert & Butler Original Silver Cigarettes Multipack,Lambert & Butler Original Silver Cigarettes Multipack10 x 20 per pack,£126,63p each,
Lamb's Dark Navy Rum,Lamb's Dark Navy Rum70cl,£14.50,£20.71 per litre,"Offer price £14.50, was £18"
Lamb's Pineapple Rum ,Lamb's Pineapple Rum 70cl,£15.50,£22.14 per litre,
Lamb's Spiced Rum,Lamb's Spiced Rum1L,£21,£21.00 per litre,
Lancaster Bomber 4.4%,Lancaster Bomber 4.4%500ml,£1.09,£2.18 per litre,Buy 4 for the Price of 3
Lanson Black Label Brut NV,Lanson Black Label Brut NV75cl,£37,£37.00 per 75cl,
Lanson Rose Label Champagne Rose NV,Lanson Rose Label Champagne Rose NV75cl,£35,£35.00 per 75cl,
Laphroaig Islay Select Single Malt Whisky,Laphroaig Islay Select Single Malt Whisky70cl,£25,£35.71 per litre,"Offer price £25, was £33"
Laphroaig Islay Single Malt Scotch Whisky  - 10 Year Old ,Laphroaig Islay Single Malt Scotc…70cl,£40,£57.14 per litre,
La Vieille Ferme,La Vieille Ferme75cl,£8,£8.00 per 75cl,"Buy 6, Save 25%"
La Vieille Ferme Rose,La Vieille Ferme Rose75cl,£7,£7.00 per 75cl,"Buy 6, Save 25%"
Leffe Brune Abbey Beer Bottle,Leffe Brune Abbey Beer Bottle750ml,£3.50,£4.67 per litre,
Leopards Leap Shiraz ,Leopards Leap Shiraz 75cl,£7,£7.00 per 75cl,"Buy 6, Save 25%"
Lervig Brewery Konrad's,Lervig Brewery Konrad's330ml,£4.50,£13.64 per litre,Buy 4 for the Price of 3
L'Escarpe Coteaux D'Aix En Provence Rose,L'Escarpe Coteaux D'Aix En Provence Rose75cl,£7.50,£7.50 per 75cl,"Buy 6, Save 25%"
Le Verdier Cairanne Cotes Durhone Village 75,Le Verdier Cairanne Cotes Durhone Village 7575cl,£8.49,£8.49 per 75cl,"Buy 6, Save 25%"
Lilley's Bee Sting Perry Lightly Sparkled ,Lilley's Bee Sting Perry Lightly Sparkled 500ml,£2.25,£4.50 per litre,Buy 3 for £5.50
Lilley's Mango Cider Lightly Sparkled,Lilley's Mango Cider Lightly Sparkled500ml,£2.25,£4.50 per litre,Buy 3 for £5.50
Lindemans Alcohol Free Cabernet Sauvignon ,Lindemans Alcohol Free Cabernet Sauvignon 75cl,£4,£5.33 per litre,
Lindemans Alcohol Free Semillon Chardonnay ,Lindemans Alcohol Free Semillon Chardonnay 75cl,£4,£5.33 per litre,
Lindeman's Bin 50 Shiraz,Lindeman's Bin 50 Shiraz75cl,£7.25,£7.25 per 75cl,"Buy 6, Save 25%"
Lindeman's Bin 65 Chardonnay,Lindeman's Bin 65 Chardonnay75cl,£6.50,£6.50 per 75cl,"Buy 6, Save 25%"
Lindemans Gentlemans Collection Cabernet Sauvignon,Lindemans Gentlemans Collec…75cl,£8.50,£8.50 per 75cl,"Buy 6, Save 25%"
Little Valley Tods Blonde ,Little Valley Tods Blonde 500ml,£2.25,£4.50 per litre,Buy 4 for the Price of 3
Loch Lomond Aged 10 Years Single Malt Scotch Whisky ,Loch Lomond Aged 10 Years Sin…70cl,£37,£52.86 per litre,
Loch Lomond Classic Single Malt Scotch Whisky ,Loch Lomond Classic Single Malt Scotch Whisky 70cl,£22,£31.43 per litre,"Offer price £22, was £26"
Logic Charcoal Compact Electronic Cigarette,Logic Charcoal Compact Electronic Cigarette,£10,,
Logic Cherry Flavour Pro E-Liquid Capsules 6mg,Logic Cherry Flavour Pro E-Liquid Capsules 6mg3 per pack,£5,£1.67 each,
Logic Compact Berry Mint Pods 12mg,Logic Compact Berry Mint Pods 12mg,£5.99,,
Logic Compact Cantaloupe Melon Pods 12mg,Logic Compact Cantalo…2 per pack,£5,£2.50 each,
Logic Compact Cherry Pods 12mg,Logic Compact Cherry Pods 12mg,£5.99,,
Logic Compact Intense Amber Tobacco E - Liquid Pods 18 Mg,Logic Compact Intense Amber Tobac…2 per pack,£5.99,£3.00 each,
Logic Compact Intense Berry Mint Pods 18mg,Logic Compact Intense Berry Mint Pods 18mg2 per pack,£5.99,£3.00 each,
Logic Compact Intense Berry Ripple E-Liquid Pods 18mg,Logic Compact Intense Berry R…2 per pack,£5.99,£3.00 each,
Logic Compact Intense Peppermint E-Liquid Pods 18mg,Logic Compact Intense Pepperm…2 per pack,£5.99,£3.00 each,
Logic Compact Intense Polar Method E-Liquid Pods 18mg,Logic Compact Intense Polar M…2 per pack,£5.99,£3.00 each,
Logic Compact Intense Spearmint E-Liquid Pods 18mg,Logic Compact Intense Spear…2 per pack,£5.99,£3.00 each,
Logic Compact Tobacco Pods 18mg,Logic Compact Tobacco Pods 18mg,£5.99,,
Logic Compact Wild Blueberry Pods 12mg,Logic Compact Wild Blueberry Pods 12mg2 per pack,£5.99,£3.00 each,
Logic Curv E - Tips Tobacco 18Mg,Logic Curv E - Tips Tobacco 18Mg2 per pack,£9,£4.50 each,
Logic Lqd E - Liquid Blueberry 6Mg / Ml 50Vg / 50Pg 10Ml,Logic Lqd E - Liquid Blueberry…10ml,£4,£40.00 per 100ml,
Logic Lqd E - Liquid Pear Mint 6Mg / Ml 50Vg / 50Pg 10Ml,Logic Lqd E - Liquid Pear Mint…10ml,£4,£40.00 per 100ml,
Logic Menthol Compact Pods 18mg,Logic Menthol Compact Pods 18mg,£5.99,,
Logic Pro Berry Mint Flavour E-Liquid Capsules 12mg,Logic Pro Berry Mint Flavour…,£5,,
Logic Pro Blueberry Flavour E-Liquid Capsules 12mg,Logic Pro Blueberry Flavour…3 per pack,£5,£1.67 each,
Logic Pro Cherry Flavour E-Liquid Capsules 12mg,Logic Pro Cherry Flavour E-Liquid Capsules 12mg,£5,,
Louis Alexandre Sauvignon Blanc,Louis Alexandre Sauvignon Blanc75cl,£8,£8.00 per 75cl,"Buy 6, Save 25%"
Louis Couturier Cremant De Bordeaux ,Louis Couturier Cremant De Bordeaux 75cl,£11,£11.00 per 75cl,"Buy 6, Save 25%"
Louis Jadot Bourgogne Pinot Noir ,Louis Jadot Bourgogne Pinot Noir 75cl,£18,£18.00 per 75cl,"Buy 6, Save 25%"
Louis Jadot Macon Villages,Louis Jadot Macon Villages75cl,£12,£12.00 per 75cl,"Buy 6, Save 25%"
Louis Raynald Cotes Du Rhone ,Louis Raynald Cotes Du Rhone 75cl,£5.19,£6.92 per litre,"Buy 6, Save 25%"
 Lucky Saint Unfiltered Alcohol Free Lager, Lucky Saint Unfiltered Alcohol Free Lager330ml,£2,£6.06 per litre,Buy 4 for the Price of 3
Mackeson Stout Beer Cans,Mackeson Stout Beer Cans4 x 330ml,£4,£3.03 per litre,
Mad Fish Sauvignon Blanc,Mad Fish Sauvignon Blanc75cl,£7,£7.00 per 75cl,"Buy 6, Save 25%"
Mad Fish Shiraz ,Mad Fish Shiraz 75cl,£9,£9.00 per 75cl,"Buy 6, Save 25%"
Madri Excepcional ,Madri Excepcional 12 x 330ml,£12,£3.03 per litre,
Madri Excepcional,Madri Excepcional660ml,£2.35,£3.56 per litre,Buy 4 for the Price of 3
Madri Excepcional ,Madri Excepcional 4 x 440ml,£5.50,£3.13 per litre,
Madri Excepcional Cans,Madri Excepcional Cans10 x 440ml,£10,22.7p per 100ml,"Offer price £10, was £13"
Mad Squirrel Roadkill Neipa ,Mad Squirrel Roadkill Neipa 440ml,£3,£6.82 per litre,Buy 4 for the Price of 3
Mad Squirrel Sumo American Pale Ale ,Mad Squirrel Sumo American Pale Ale 440ml,£3,£6.82 per litre,Buy 4 for the Price of 3
Magic Rock Cannonball,Magic Rock Cannonball440ml,£3.25,£7.39 per litre,Buy 4 for the Price of 3
Magic Rock High Wire Tropical,Magic Rock High Wire Tropical440ml,£3.25,£7.39 per litre,Buy 4 for the Price of 3
Magic Rock Saucery,Magic Rock Saucery4 x 330ml,£6.50,£4.92 per litre,Buy 2 for £10
Magic Rock The Fabulist Hazy Ipa ,Magic Rock The Fabulist Hazy Ipa 440ml,£3.25,£7.39 per litre,Buy 4 for the Price of 3
Magners Original Cider Bottle,Magners Original Cider Bottle568ml,£2.35,£4.14 per litre,Buy 3 for £5.50
Magners Original Cider Cans,Magners Original Cider Cans18 x 440ml,£10,£1.26 per litre,
Magners Original Cider Cans,Magners Original Cider Cans4 x 440ml,£4,£2.27 per litre,
Magners Original Cider Cans,Magners Original Cider Cans10 x 440ml,£10,£2.27 per litre,Buy 2 for £16
Magners Rose,Magners Rose4 x 440ml,£5.50,£3.13 per litre,Buy 2 for £10
Mahou,Mahou12 x 330ml,£10,£2.53 per litre,"Offer price £10, was £14"
Mahou,Mahou4 x 330ml,£5.50,£4.17 per litre,Buy 2 for £10
Maker's Mark Kentucky Straight Bourbon Whisky,Maker's Mark Kentucky Straight Bourbon Whisky70cl,£25,£35.71 per litre,"Offer price £25, was £32"
Malfy Con Arancia Blood Orange Flavoured Gin,Malfy Con Arancia Blood Orange Flavoured Gin70cl,£29,£41.43 per litre,
Malfy Rosa Pink Grapefruit Flavoured Gin,Malfy Rosa Pink Grapefruit Flavoured Gin70cl,£29,£41.43 per litre,
Malibu Coconut Rum & Cola Pre-Mixed Can,Malibu Coconut Rum & Cola Pre-Mixed Can250ml,£2.40,£9.60 per litre,Buy 4 for £6
Malibu Coconut Rum & Pineapple Pre-Mixed Can,Malibu Coconut Rum & Pineapple Pre-Mixed Can250ml,£2.40,£9.60 per litre,Buy 4 for £6
Malibu Original Caribbean White Rum with Coconut Flavour,Malibu Original Caribbean White…70cl,£13,£18.57 per litre,"Offer price £13, was £16"
Malibu Original Caribbean White Rum with Coconut Flavour,Malibu Original Caribbean White…1L,£21,£21.00 per litre,
Malibu Pina Colada Pre-Mixed Can,Malibu Pina Colada Pre-Mixed Can250ml,£2.40,£9.60 per litre,Buy 4 for £6
Malibu Watermelon Rum & Lemonade Pre-Mixed Can,Malibu Watermelon Rum & L…250ml,£2.40,£9.60 per litre,Buy 4 for £6
Manns Brown Ale Bottle,Manns Brown Ale Bottle500ml,99p,£1.98 per litre,"Offer price 99p, was £1.09"
Marlboro Bright King Size Cigarettes,Marlboro Bright King Size Cigarettes20 per pack,£14.40,72p each,
Marlboro Gold Cigarettes,Marlboro Gold Cigarettes20 per pack,£14.40,72p each,
Marlboro Gold Cigarettes Multipack,Marlboro Gold Cigarettes Multipack5 x 20 per pack,£72,72p each,
Marlboro Gold Fine Cut Tobacco ,Marlboro Gold Fine Cut Tobacco 30g,£12.90,£43.00 per 100g,
Marlboro Gold Superking Cigarettes,Marlboro Gold Superking Cigarettes20 per pack,£13.25,66.3p each,
Marlboro Red Cigarettes,Marlboro Red Cigarettes20 per pack,£14.40,72p each,
Marlboro Red Cigarettes Multipack,Marlboro Red Cigarettes Multipack5 x 20 per pack,£72,72p each,
Marlboro Silver Blue Cigarettes,Marlboro Silver Blue Cigarettes20 per pack,£14.40,72p each,
Marlboro Touch Cigarettes,Marlboro Touch Cigarettes20 per pack,£11.95,59.8p each,
Marston's English Pale Ale Bottle,Marston's English Pale Ale Bottle500ml,£1.09,£2.18 per litre,
Marstons Old Empire IPA Ale,Marstons Old Empire IPA Ale500ml,£2.25,£4.50 per litre,Buy 4 for the Price of 3
Marston's Pedigree Pale Ale Bottle,Marston's Pedigree Pale Ale Bottle500ml,£2,£4.00 per litre,Buy 4 for the Price of 3
Martell VS Fine Cognac,Martell VS Fine Cognac70cl,£31.50,£45.00 per litre,
Martini Asti Sparkling Wine,Martini Asti Sparkling Wine75cl,£7.50,£7.50 per 75cl,"Buy 6, Save 25%"
Martini Bianco Vermouth,Martini Bianco Vermouth75cl,£8,£8.00 per 75cl,"Offer price £8, was £10"
Martini Extra Dry Vermouth,Martini Extra Dry Vermouth75cl,£8,£8.00 per 75cl,"Offer price £8, was £10"
Martini Rosso Vermouth,Martini Rosso Vermouth75cl,£8,£8.00 per 75cl,"Offer price £8, was £10"
Martin Millers Gin,Martin Millers Gin70cl,£22,£31.43 per litre,
Maschio  Prosecco             ,Maschio  Prosecco             75cl,£8,£8.00 per 75cl,"Buy 6, Save 25%"
Maschio Prosecco              ,Maschio Prosecco              20cl,£3,£11.25 per 75cl,Buy 4 for the Price of 3
Masons Dry Yorkshire Gin,Masons Dry Yorkshire Gin70cl,£30,£42.86 per litre,
Masons Gin Orange & Lime Leaf,Masons Gin Orange & Lime Leaf70cl,£30,£42.86 per litre,
Masons Tea Edition Dry Yorkshire Gin ,Masons Tea Edition Dry Yorkshire Gin 70cl,£30,£42.86 per litre,
Mateus Rose,Mateus Rose750ml,£6,£6.00 per 75cl,"Buy 6, Save 25%"
Matsu El Picaro,Matsu El Picaro75cl,£10,£10.00 per 75cl,"Buy 6, Save 25%"
Mavrodaphne Of Patras Sweet Red Wine,Mavrodaphne Of Patras Sweet Red Wine75cl,£5.99,£7.99 per litre,"Buy 6, Save 25%"
Mayfair Green Cigarettes,Mayfair Green Cigarettes20 per pack,£14.10,70.5p each,
Mayfair King Size Cigarettes,Mayfair King Size Cigarettes5 x 20 per pack,£67,67p each,
Mayfair King Size Cigarettes,Mayfair King Size Cigarettes20 per pack,£14.10,70.5p each,
Mayfair Silver King Size Cigarettes,Mayfair Silver King Size Cigarettes20 per pack,£10.65,53.3p each,
Mayfair Silver Super King Size Cigarettes,Mayfair Silver Super King Size Cigarettes20 per pack,£10.65,53.3p each,
Mayfair Sky Blue Cigarettes,Mayfair Sky Blue Cigarettes20 per pack,£12,60p each,
Mayfair Superkings Cigarettes,Mayfair Superkings Cigarettes20 per pack,£14.10,70.5p each,
Mayfair Superkings Sky Blue Cigarettes,Mayfair Superkings Sky Blue Cigarettes20 per pack,£14.10,70.5p each,
Mayfair White Cigarettes,Mayfair White Cigarettes20 per pack,£14.10,70.5p each,
McEwan's Champion Premium Beer,McEwan's Champion Premium Beer500ml,£2.25,£4.50 per litre,Buy 4 for the Price of 3
McEwan's Export Original Scottish Export Ale Cans,McEwan's Export Original Scottish Export Ale Cans4 x 500ml,£4.75,£2.38 per litre,
McGuigan BIN 156 Chardonnay,McGuigan BIN 156 Chardonnay75cl,£5.19,£5.19 per 75cl,Buy 2 for £10
McGuigan Bin 578 Merlot,McGuigan Bin 578 Merlot75cl,£5.49,£5.49 per 75cl,Buy 2 for £10
McGuigan Black Label Chardonnay ,McGuigan Black Label Chardonnay 75cl,£6,£6.00 per 75cl,"Buy 6, Save 25%"
Mcguigan Black Label Chardonnay 187Ml,Mcguigan Black Label Chardonnay 187Ml187ml,£2.25,£9.02 per 75cl,Buy 4 for the Price of 3
McGuigan Black Label Merlot,McGuigan Black Label Merlot75cl,£6,£6.00 per 75cl,"Buy 6, Save 25%"
McGuigan Black Label Pinot Grigio ,McGuigan Black Label Pinot Grigio 75cl,£6.50,£6.50 per 75cl,"Buy 6, Save 25%"
McGuigan Black Label Red,McGuigan Black Label Red187ml,£2.25,£9.02 per 75cl,Buy 4 for the Price of 3
McGuigan Black Label Red ,McGuigan Black Label Red 75cl,£6,£6.00 per 75cl,"Buy 6, Save 25%"
McGuigan Black Label Sauvignon Blanc,McGuigan Black Label Sauvignon Blanc75cl,£6.50,£6.50 per 75cl,"Buy 6, Save 25%"
McGuigan Black Label Shiraz,McGuigan Black Label Shiraz75cl,£6.50,£6.50 per 75cl,"Buy 6, Save 25%"
Mcguigan Black Label Shiraz,Mcguigan Black Label Shiraz75cl,£7.50,£7.50 per 75cl,"Buy 6, Save 25%"
McGuigan Reserve Cabernet Sauvignon ,McGuigan Reserve Cabernet Sauvignon 75cl,£7.50,£7.50 per 75cl,"Buy 6, Save 25%"
McGuigan Reserve Sauv Blanc,McGuigan Reserve Sauv Blanc75cl,£7.50,£7.50 per 75cl,"Buy 6, Save 25%"
McGuigan Zero Chardonnay ,McGuigan Zero Chardonnay 75cl,£4.99,£4.99 per 75cl,
McGuigan Zero Rose ,McGuigan Zero Rose 75cl,£4.99,£4.99 per 75cl,
McGuigan Zero Shiraz ,McGuigan Zero Shiraz 75cl,£4.99,£4.99 per 75cl,
McGuigan Zero Sparkling Alcohol Free,McGuigan Zero Sparkling Alcohol Free75cl,£3.50,£3.50 per 75cl,
Meantime London Pale Ale,Meantime London Pale Ale330ml,£2,£6.06 per litre,Buy 4 for the Price of 3
Meantime London Pale Ale,Meantime London Pale Ale4 x 330ml,£6.50,£4.92 per litre,Buy 2 for £10
Menabrea Birra   ,Menabrea Birra   660ml,£2.60,£3.94 per litre,Buy 4 for the Price of 3
Menestrello Prosecco Spumante,Menestrello Prosecco Spumante75cl,£8,£8.00 per 75cl,"Buy 6, Save 25%"
Merlyn Welsh Cream Liqueur,Merlyn Welsh Cream Liqueur70cl,£15,£21.43 per litre,
Merrydown Original Vintage Apple Cider Bottle,Merrydown Original Vintage Apple Cider Bottle750ml,£2.25,£3.00 per litre,
Miami Cocktail Bellini ,Miami Cocktail Bellini 250ml,£1.75,70p per 100ml,Buy 4 for £6
Miami Cocktail Margarita ,Miami Cocktail Margarita 250ml,£1.75,70p per 100ml,Buy 4 for £6
Miami Cocktail Mimosa,Miami Cocktail Mimosa250ml,£1.75,70p per 100ml,Buy 4 for £6
Mike's Hard Seltzer Black Cherry,Mike's Hard Seltzer Black Cherry330ml,£2,£6.06 per litre,Buy 4 for £6
Mike's Hard Seltzer Lime ,Mike's Hard Seltzer Lime 330ml,£2,£6.06 per litre,Buy 4 for £6
Mike's Hard Seltzer Raspberry,Mike's Hard Seltzer Raspberry330ml,£2,£6.06 per litre,Buy 4 for £6
Mini Royal Dutch Double Filter Cigarillos,Mini Royal Dutch Double Filter Cigarillos10 per pack,£5.85,58.5p each,
Mionetto Prosecco Doc Treviso Brut ,Mionetto Prosecco Doc Treviso Brut 75cl,£9,£9.00 per 75cl,"Buy 6, Save 25%"
Mirabeau La Folie Sparkling Rose,Mirabeau La Folie Sparkling Rose75cl,£12,£12.00 per 75cl,"Buy 6, Save 25%"
Mirabeau X Rose,Mirabeau X Rose75cl,£12,£12.00 per 75cl,"Buy 6, Save 25%"
Moet & Chandon Brut ,Moet & Chandon Brut 37.5cl,£25,£50.00 per 75cl,
Moet & Chandon Imperial Brut Champagne ,Moet & Chandon Imperial Brut Champagne 75cl,£36,£36.00 per 75cl,
Moet Rose Imperial Champagne,Moet Rose Imperial Champagne75cl,£50,£50.00 per 75cl,
Moillard Chablis,Moillard Chablis75cl,£16,£16.00 per 75cl,"Buy 6, Save 25%"
Moments Blue Cigars,Moments Blue Cigars10 per pack,£6.10,61p each,
Moments Blue Cigars,Moments Blue Cigars20 per pack,£11.55,57.8p each,
Moments Original Cigars,Moments Original Cigars10 per pack,£6.10,61p each,
Moments Panatella Cigars,Moments Panatella Cigars,£5.75,,
Monkey Shoulder Blended Malt Whisky ,Monkey Shoulder Blended Malt Whisky 70cl,£24,£34.29 per litre,"Offer price £24, was £28"
Montelciego Rioja Reserva,Montelciego Rioja Reserva75cl,£7.50,£7.50 per 75cl,"Buy 6, Save 25%"
Montepulciano D'Abruzzo        ,Montepulciano D'Abruzzo        75cl,£5.49,£5.49 per 75cl,"Buy 6, Save 25%"
Monts & Vaux Malbec,Monts & Vaux Malbec75cl,£6.25,£6.25 per 75cl,Buy 2 for £10
Moorhouse's Blond Witch (Abv 4.4%),Moorhouse's Blond Witch (Abv 4.4%)500ml,£1.99,£3.98 per litre,Buy 4 for the Price of 3
Morland Old Speckled Hen Gluten - Free (Abv 5%),Morland Old Speckled Hen Gluten - Free (Abv 5%)500ml,£2.09,£4.18 per litre,
Morland's Old Crafty Hen Vintage Ale Bottle,Morland's Old Crafty Hen Vintage Ale Bottle500ml,£2.50,£5.00 per litre,Buy 4 for the Price of 3
Morland's Old Golden Hen Bottle,Morland's Old Golden Hen Bottle500ml,£2.25,£4.50 per litre,Buy 4 for the Price of 3
Morrisons 100% Pineapple Juice  ,Morrisons 100% Pineapple Juice  1L,£1.69,16.9p per 100ml,
Morrisons 3 Year Old French Brandy,Morrisons 3 Year Old French Brandy70cl,£11.75,£16.79 per litre,
Morrisons Amontillado Sherry,Morrisons Amontillado Sherry1L,£8.25,£6.19 per 75cl,
Morrisons Bitter 2.8%,Morrisons Bitter 2.8%4 x 440ml,£2,£1.14 per litre,
Morrisons Blackberries,Morrisons Blackberries150g,£2.29,£15.27 per kg,
Morrisons Blended Scotch Whisky ,Morrisons Blended Scotch Whisky 70cl,£12.75,£18.21 per litre,
Morrisons Caribbean Dark Rum,Morrisons Caribbean Dark Rum1L,£15.25,£15.25 per litre,
Morrisons Caribbean Dark Rum,Morrisons Caribbean Dark Rum70cl,£13,£13.93 per 75cl,
Morrisons Caribbean Spiced (Abv 35%),Morrisons Caribbean Spiced (Abv 35%)50cl,£8.75,£17.50 per litre,
Morrisons Caribbean Spiced Rum,Morrisons Caribbean Spiced Rum70cl,£12.50,£17.86 per litre,
Morrisons Caribbean White Rum ,Morrisons Caribbean White Rum 1L,£15,£15.00 per litre,
Morrisons Chardonnay,Morrisons Chardonnay2.25L,£13.25,£4.42 per 75cl,
Morrisons Chenin Blanc,Morrisons Chenin Blanc75cl,£4.79,£4.79 per 75cl,
Morrisons Chicken Liver Parfait And White Wine,Morrisons Chicken Liver Parfait And White Wine90g,£1.25,£1.39 per 100g,
Morrisons Chocolate Orange Gin Liqueur ,Morrisons Chocolate Orange Gin Liqueur 50cl,£12,£24.00 per litre,
Morrisons Cider Bottle,Morrisons Cider Bottle568ml,£1.50,£2.64 per litre,
Morrisons Cider Cans,Morrisons Cider Cans4 x 440ml,£2.39,£1.36 per litre,
Morrisons Continental Lager 3.5%,Morrisons Continental Lager 3.5%4 x 440ml,£2.59,£1.47 per litre,
Morrisons Cream Sherry,Morrisons Cream Sherry1L,£8.25,£6.19 per 75cl,
Morrisons Cucumber ,Morrisons Cucumber ,75p,,
Morrisons Dark Rum,Morrisons Dark Rum35cl,£5.75,£16.43 per litre,
Morrisons Diet Bitter Lemon,Morrisons Diet Bitter Lemon1L,70p,7p per 100ml,
Morrisons Fine Green Ginger Wine,Morrisons Fine Green Ginger Wine70cl,£4,£4.29 per 75cl,
Morrisons Fino Sherry,Morrisons Fino Sherry75cl,£5.75,£5.75 per 75cl,
Morrisons Fresh Mint,Morrisons Fresh Mint30g,89p,29.7p per 10g,"Offer price 89p, was 99p"
Morrisons Fresh Thyme,Morrisons Fresh Thyme20g,89p,44.5p per 10g,"Offer price 89p, was 99p"
Morrisons Gin & Tonic,Morrisons Gin & Tonic250ml,£1.29,£5.16 per litre,
Morrisons Golden Delicious Apples ,Morrisons Golden Delicious Apples 6 per pack,£1.69,28.2p each,
Morrisons Imperial Vodka,Morrisons Imperial Vodka50cl,£9.50,£14.25 per 75cl,
Morrisons Large Oranges,Morrisons Large Oranges4 per pack,£2.15,53.8p each,
Morrisons Living Mint,Morrisons Living Mint,£1.49,,
Morrisons Loose Red Grapefruit,Morrisons Loose Red Grapefruit,55p,,
Morrisons Low Alcohol Cider Bottle,Morrisons Low Alcohol Cider Bottle500ml,£1.29,£2.58 per litre,Buy 4 for the Price of 3
Morrisons Malbec ,Morrisons Malbec 2.25L,£13.50,£4.50 per 75cl,
Morrisons Malbec 75Cl,Morrisons Malbec 75Cl75cl,£4.99,£4.99 per 75cl,
Morrisons Manor Hall Fortified British Wine Cream,Morrisons Manor Hall Fortif…1L,£6.25,£4.69 per 75cl,
Morrisons Manor Hall Fortified British Wine Medium,Morrisons Manor Hall Fortif…1L,£6.25,£4.69 per 75cl,
Morrisons Market St Living Thyme,Morrisons Market St Living Thyme,£1.49,,
Morrisons Medium Dry Cider Bottle,Morrisons Medium Dry Cider Bottle2.5L,£3.29,£1.32 per litre,
Morrisons Merlot,Morrisons Merlot2.25L,£13.25,£4.42 per 75cl,
Morrisons Merlot,Morrisons Merlot75cl,£4.79,£4.79 per 75cl,
Morrisons Napoleon Brandy 50Cl Abv 36%,Morrisons Napoleon Brandy 50Cl Abv 36%50cl,£9,£13.50 per 75cl,
Morrisons Napoleon Brandy Oak Barrel Aged 3 Years,Morrisons Napoleon Brandy O…35cl,£6.50,£18.57 per litre,
Morrisons Organic Pinot Grigio ,Morrisons Organic Pinot Grigio 75cl,£7.25,£7.25 per 75cl,"Buy 6, Save 25%"
Morrisons Pale Cream Sherry,Morrisons Pale Cream Sherry1L,£8.25,£6.19 per 75cl,
Morrisons Passion Star Martini,Morrisons Passion Star Martini250ml,£1.95,£7.80 per litre,Buy 4 for £6
Morrisons Pina Colada,Morrisons Pina Colada250ml,£1.95,£7.80 per litre,Buy 4 for £6
Morrisons Pink Gin & Diet Lemonade,Morrisons Pink Gin & Diet Lemonade250ml,99p,£3.96 per litre,
Morrisons Pink Gin & Tonic,Morrisons Pink Gin & Tonic250ml,£1.29,£5.16 per litre,
Morrisons Pinotage,Morrisons Pinotage75cl,£4.79,£4.79 per 75cl,
Morrisons Pinot Grigio,Morrisons Pinot Grigio2.25L,£13.50,£4.50 per 75cl,
Morrisons Pinot Noir,Morrisons Pinot Noir75cl,£4.79,£4.79 per 75cl,
Morrisons Premium Lager 4.8%,Morrisons Premium Lager 4.8%4 x 440ml,£3.49,£1.98 per litre,
Morrisons Raspberry Mojito,Morrisons Raspberry Mojito250ml,£1.95,£7.80 per litre,Buy 4 for £6
Morrisons Ruby Port            ,Morrisons Ruby Port            75cl,£7.49,£7.49 per 75cl,
Morrisons Sauvignon Blanc,Morrisons Sauvignon Blanc75cl,£4.89,£4.89 per 75cl,
Morrisons Scotch Whisky,Morrisons Scotch Whisky35cl,£6.50,£18.57 per litre,
Morrisons Shiraz,Morrisons Shiraz75cl,£4.79,£4.79 per 75cl,
Morrisons Soave,Morrisons Soave75cl,£4.99,£4.99 per 75cl,
Morrisons Soda Water,Morrisons Soda Water1L,70p,7p per 100ml,
Morrisons Special Reserve Port,Morrisons Special Reserve Port75cl,£8.50,£8.50 per 75cl,
Morrisons Strawberry Daiquiri ,Morrisons Strawberry Daiquiri 250ml,£1.95,£7.80 per litre,Buy 4 for £6
Morrisons Tawny Port,Morrisons Tawny Port75cl,£7.49,£7.49 per 75cl,
Morrisons The Best Aged Tawny Port,Morrisons The Best Aged Tawny Port75cl,£12.50,£12.50 per 75cl,
Morrisons The Best Alsace Gewurztraminer ,Morrisons The Best Alsace Gewurztraminer 75cl,£8.50,£8.50 per 75cl,"Buy 6, Save 25%"
Morrisons The Best Alvarinho,Morrisons The Best Alvarinho75cl,£8,£8.00 per 75cl,"Buy 6, Save 25%"
Morrisons The Best Amarone ,Morrisons The Best Amarone 75cl,£16,£21.33 per litre,"Buy 6, Save 25%"
Morrisons The Best American Pale Ale (Abv 4.5%),Morrisons The Best Americ…500ml,£1.75,£3.50 per litre,Buy 4 for the Price of 3
Morrisons The Best Barbera D'Asti ,Morrisons The Best Barbera D'Asti 75cl,£6.50,£6.50 per 75cl,"Buy 6, Save 25%"
Morrisons The Best Barolo ,Morrisons The Best Barolo 75cl,£15,£15.00 per 75cl,"Buy 6, Save 25%"
Morrisons The Best Beaujolais Villages,Morrisons The Best Beaujolais Villages75cl,£9,£9.00 per 75cl,"Buy 6, Save 25%"
MORRISONS THE BEST BLENDED MALT WHISKY,MORRISONS THE BEST BLENDED MALT WHISKY70cl,£14,£15.00 per 75cl,
Morrisons The Best Bordeaux Superior,Morrisons The Best Bordeaux Superior75cl,£6.50,£6.50 per 75cl,"Buy 6, Save 25%"
Morrisons The Best Bortytis Semillon,Morrisons The Best Bortytis Semillon375ml,£6,£12.00 per 75cl,"Offer price £6, was £7.25"
Morrisons The Best Brut Premier Cru Champagne,Morrisons The Best Brut Premier Cru Champagne75cl,£25,£25.00 per 75cl,"Offer price £25, was £27"
Morrisons The Best Bush Vine Cinsault ,Morrisons The Best Bush Vine Cinsault 75cl,£6,£6.00 per 75cl,"Buy 6, Save 25%"
Morrisons The Best Cahors Malbec ,Morrisons The Best Cahors Malbec 75cl,£7,£7.00 per 75cl,"Buy 6, Save 25%"
Morrisons The Best Canto Real Rueda ,Morrisons The Best Canto Real Rueda 75cl,£7,£7.00 per 75cl,"Buy 6, Save 25%"
Morrisons The Best Chablis ,Morrisons The Best Chablis 75cl,£12,£12.00 per 75cl,"Buy 6, Save 25%"
Morrisons The Best Chablis Premier Cru ,Morrisons The Best Chablis Premier Cru 75cl,£18,£18.00 per 75cl,"Buy 6, Save 25%"
Morrisons The Best Chardonnay,Morrisons The Best Chardonnay75cl,£6,£6.00 per 75cl,"Buy 6, Save 25%"
Morrisons The Best Chardonnay,Morrisons The Best Chardonnay75cl,£7.49,£7.49 per 75cl,"Buy 6, Save 25%"
Morrisons The Best Chateauneuf Du Pape ,Morrisons The Best Chateauneuf Du Pape 75cl,£17,£17.00 per 75cl,"Buy 6, Save 25%"
Morrisons The Best Chenin Blanc,Morrisons The Best Chenin Blanc75cl,£8,£8.00 per 75cl,"Buy 6, Save 25%"
Morrisons The Best Chianti Classico,Morrisons The Best Chianti Classico75cl,£8.50,£8.50 per 75cl,"Buy 6, Save 25%"
Morrisons The Best Chilean Cabernet Sauvignon,Morrisons The Best Chilea…75cl,£8,£1.07 per 100ml,"Buy 6, Save 25%"
Morrisons The Best Chilean Carmenere ,Morrisons The Best Chilean Carmenere 75cl,£7,£7.00 per 75cl,"Buy 6, Save 25%"
Morrisons The Best Chilean Merlot ,Morrisons The Best Chilean Merlot 75cl,£6.99,£6.99 per 75cl,"Buy 6, Save 25%"
Morrisons The Best Citrus Crush And Mint Cordial ,Morrisons The Best Citrus Crush And Mint Cordial 500ml,£2.35,47p per 100ml,
Morrisons The Best Columbian Coffee Beans,Morrisons The Best Columbian Coffee Beans227g,£3.50,£1.54 per 100g,"Offer price £3.50, was £3.89"
Morrisons The Best Coonawarra Cabernet Sauvignon,Morrisons The Best Coonawar…75cl,£8,£8.00 per 75cl,"Buy 6, Save 25%"
Morrisons The Best Cotes du Rhone Villages,Morrisons The Best Cotes du Rhone Villages75cl,£7.49,£7.49 per 75cl,"Buy 6, Save 25%"
Morrisons The Best Cremant De Limoux Rose,Morrisons The Best Cremant De Limoux Rose75cl,£10,£10.00 per 75cl,"Buy 6, Save 25%"
Morrisons The Best Cremant De Limoux Sparkling Wine,Morrisons The Best Cremant De…75cl,£10,£10.00 per 75cl,"Buy 6, Save 25%"
Morrisons The Best Dao Red,Morrisons The Best Dao Red75cl,£6.99,£6.99 per 75cl,"Buy 6, Save 25%"
Morrisons The Best Douro Red ,Morrisons The Best Douro Red 75cl,£6.99,£6.99 per 75cl,"Buy 6, Save 25%"
Morrisons The Best Elderflower Cordial,Morrisons The Best Elderflower Cordial500ml,£2.35,47p per 100ml,
Morrisons The Best English Sparkling Brut Vintage 2010,Morrisons The Best English Spar…75cl,£20,£20.00 per 75cl,"Buy 6, Save 25%"
Morrisons The Best Etienne Leclair Brut Rose Champagne,Morrisons The Best Etienne Lecl…75cl,£24,£24.00 per 75cl,
Morrisons The Best Falanghina,Morrisons The Best Falanghina75cl,£7.50,£7.50 per 75cl,"Buy 6, Save 25%"
Morrisons The Best Fleurie ,Morrisons The Best Fleurie 75cl,£9.50,£9.50 per 75cl,"Buy 6, Save 25%"
Morrisons The Best Garda Pinot Rose ,Morrisons The Best Garda Pinot Rose 2.25L,£16,£7.11 per litre,
Morrisons The Best Gavi ,Morrisons The Best Gavi 75cl,£8,£8.00 per 75cl,"Buy 6, Save 25%"
Morrisons The Best Gavi Di Gavi 75Cl,Morrisons The Best Gavi Di Gavi 75Cl75cl,£13,£13.00 per 75cl,"Buy 6, Save 25%"
Morrisons The Best Gran Montana Malbec,Morrisons The Best Gran Montana Malbec75cl,£6.49,£6.49 per 75cl,"Buy 6, Save 25%"
Morrisons The Best Gran Montana Malbec,Morrisons The Best Gran Montana Malbec2.5L,£18,72p per 100ml,"Buy 6, Save 25%"
Morrisons The Best Grenache Blanc ,Morrisons The Best Grenache Blanc 75cl,£6,£6.00 per 75cl,"Buy 6, Save 25%"
Morrisons The Best Gruner Veltliner,Morrisons The Best Gruner Veltliner75cl,£9,£9.00 per 75cl,"Buy 6, Save 25%"
Morrisons The Best Irish Cream Liqueur ,Morrisons The Best Irish Cream Liqueur 1L,£14.50,£14.50 per litre,
Morrisons The Best LBV Port ,Morrisons The Best LBV Port 75cl,£11.50,£11.50 per 75cl,
Morrisons The Best London Dry Gin,Morrisons The Best London Dry Gin70cl,£18,£25.71 per litre,
Morrisons The Best Marlborough Sauvignon Blanc ,Morrisons The Best Marlbo…75cl,£7,£7.00 per 75cl,"Buy 6, Save 25%"
Morrisons The Best Marques de los Rios Cava Brut ,Morrisons The Best Marques…75cl,£7.49,£7.49 per 75cl,"Buy 6, Save 25%"
Morrisons The Best Marques De Los Rios Garnacha ,Morrisons The Best Marques…75cl,£6.50,£6.50 per 75cl,"Buy 6, Save 25%"
Morrisons The Best Marques de los Rios Rioja Blanco ,Morrisons The Best Marques de…75cl,£6.49,£6.49 per 75cl,"Buy 6, Save 25%"
Morrisons The Best Marques de los Rios Rioja Crianza,Morrisons The Best Marques de…75cl,£7,£7.00 per 75cl,"Buy 6, Save 25%"
Morrisons The Best Marques de los Rios Rioja Gran Reserva ,Morrisons The Best Marques de los…75cl,£12,£16.00 per litre,"Buy 6, Save 25%"
Morrisons The Best Marques De Los Rios Rioja Joven ,Morrisons The Best Marques De…187ml,£2.50,£10.03 per 75cl,Buy 4 for the Price of 3
Morrisons The Best Marques de los Rios Rioja Reserva ,Morrisons The Best Marques de…75cl,£7.50,£7.50 per 75cl,"Buy 6, Save 25%"
Morrisons The Best Mulled Gin,Morrisons The Best Mulled Gin70cl,£16,£22.86 per litre,
Morrisons The Best Muscadet Serve Et Maine Sur Lie,Morrisons The Best Muscadet…75cl,£7.99,£7.99 per 75cl,"Buy 6, Save 25%"
Morrisons The Best Napoleon Brandy ,Morrisons The Best Napoleon Brandy 70cl,£16.50,£23.57 per litre,
Morrisons The Best Negroamaro,Morrisons The Best Negroamaro75cl,£7,£7.00 per 75cl,"Buy 6, Save 25%"
Morrisons The Best Oloroso Sherry,Morrisons The Best Oloroso Sherry37.5cl,£5.50,£11.00 per 75cl,"Offer price £5.50, was £6.50"
Morrisons The Best Organic Montepulciano D'Abruzzo,Morrisons The Best Organic…75cl,£6.50,£6.50 per 75cl,"Buy 6, Save 25%"
Morrisons The Best Peach & Orange Gin,Morrisons The Best Peach & Orange Gin70cl,£18,£25.71 per litre,
Morrisons The Best Pecorino ,Morrisons The Best Pecorino 75cl,£6,£6.00 per 75cl,"Buy 6, Save 25%"
Morrisons The Best Pedro Ximenez ,Morrisons The Best Pedro Ximenez 37.5cl,£5.50,£11.00 per 75cl,"Offer price £5.50, was £6.50"
Morrisons The Best Petit Chablis ,Morrisons The Best Petit Chablis 75cl,£14,£18.67 per litre,"Buy 6, Save 25%"
Morrisons The Best Pineapple & Coconut Gin ,Morrisons The Best Pineapple & Coconut Gin 70cl,£18,£25.71 per litre,
Morrisons The Best Pinotage ,Morrisons The Best Pinotage 75cl,£5.99,£5.99 per 75cl,"Buy 6, Save 25%"
Morrisons The Best Pinot Grigio,Morrisons The Best Pinot Grigio2.25L,£18,£8.00 per litre,
Morrisons The Best Pinot Grigio Alto Adige Doc ,Morrisons The Best Pinot Grigio Alto Adige Doc 75cl,£10,£10.00 per 75cl,"Buy 6, Save 25%"
Morrisons The Best Pinot Grigio Rose,Morrisons The Best Pinot Grigio Rose75cl,£6.99,£6.99 per 75cl,"Buy 6, Save 25%"
Morrisons The Best Pinot Gris ,Morrisons The Best Pinot Gris 75cl,£7.99,£7.99 per 75cl,"Buy 6, Save 25%"
Morrisons The Best Pouilly Fume,Morrisons The Best Pouilly Fume75cl,£17,£17.00 per 75cl,"Buy 6, Save 25%"
Morrisons The Best Primitivo ,Morrisons The Best Primitivo 75cl,£6.49,£6.49 per 75cl,"Buy 6, Save 25%"
Morrisons The Best Prosecco DOC,Morrisons The Best Prosecco DOC75cl,£8,£8.00 per 75cl,"Buy 6, Save 25%"
Morrisons The Best Prosecco Rose DOC ,Morrisons The Best Prosecco Rose DOC 75cl,£8,£8.00 per 75cl,"Buy 6, Save 25%"
Morrisons The Best Prosecco Valdobbiadene DOCG ,Morrisons The Best Prosec…75cl,£8.99,£8.99 per 75cl,"Buy 6, Save 25%"
Morrisons The Best Provence Rose ,Morrisons The Best Provence Rose 75cl,£7.99,£7.99 per 75cl,"Buy 6, Save 25%"
Morrisons The Best Raspberries ,Morrisons The Best Raspberries 150g,£2.49,£16.60 per kg,Buy 2 for £4
Morrisons The Best Ribera Del Duero,Morrisons The Best Ribera Del Duero75cl,£8,£8.00 per 75cl,"Buy 6, Save 25%"
Morrisons The Best Riesling,Morrisons The Best Riesling75cl,£8.50,£8.50 per 75cl,"Buy 6, Save 25%"
Morrisons The Best Saint Emilion,Morrisons The Best Saint Emilion75cl,£14,£18.67 per litre,"Buy 6, Save 25%"
Morrisons The Best Sancerre ,Morrisons The Best Sancerre 75cl,£17,£17.00 per 75cl,"Buy 6, Save 25%"
Morrisons The Best Sauternes,Morrisons The Best Sauternes37.5cl,£12,£32.00 per litre,
Morrisons The Best Sauvignon Blanc,Morrisons The Best Sauvignon Blanc187ml,£2.50,£10.03 per 75cl,Buy 4 for the Price of 3
Morrisons The Best Scottish Raspberry & Rhubarb Gin,Morrisons The Best Scottish R…70cl,£18,£25.71 per litre,
Morrisons The Best Shiraz,Morrisons The Best Shiraz75cl,£5.99,£5.99 per 75cl,"Buy 6, Save 25%"
Morrisons The Best Single Vineyard Pinot Noir,Morrisons The Best Single Vineyard Pinot Noir75cl,£8.99,£8.99 per 75cl,"Buy 6, Save 25%"
Morrisons The Best Soave Classico,Morrisons The Best Soave Classico75cl,£5.99,£5.99 per 75cl,"Buy 6, Save 25%"
Morrisons The Best South African Sauvignon Blanc,Morrisons The Best South African Sauvignon Blanc75cl,£6,£6.00 per 75cl,"Buy 6, Save 25%"
Morrisons The Best Toscana,Morrisons The Best Toscana75cl,£8,£8.00 per 75cl,"Buy 6, Save 25%"
Morrisons The Best Touraine Rose ,Morrisons The Best Touraine Rose 75cl,£6.99,£6.99 per 75cl,"Buy 6, Save 25%"
Morrisons The Best Touraine Sauvignon,Morrisons The Best Touraine Sauvignon75cl,£9,£9.00 per 75cl,"Buy 6, Save 25%"
Morrisons The Best Trentino Pinot Grigio,Morrisons The Best Trentino Pinot Grigio75cl,£6.49,£6.49 per 75cl,"Buy 6, Save 25%"
Morrisons The Best Trentino Pinot Grigio Rose,Morrisons The Best Trentino Pinot Grigio Rose187ml,£2.50,£10.03 per 75cl,Buy 4 for the Price of 3
Morrisons The Best Uco Valley Malbec ,Morrisons The Best Uco Valley Malbec 75cl,£10,£10.00 per 75cl,"Buy 6, Save 25%"
Morrisons The Best Valpolicella Ripasso,Morrisons The Best Valpolicella Ripasso75cl,£9,£9.00 per 75cl,"Buy 6, Save 25%"
Morrisons The Best Verdeca Igp 2021,Morrisons The Best Verdeca Igp 202175cl,£6.49,£6.49 per 75cl,"Buy 6, Save 25%"
Morrisons The Best Verdicchio ,Morrisons The Best Verdicchio 75cl,£7.25,£7.25 per 75cl,"Buy 6, Save 25%"
Morrisons The Best Vinho Verde 'Loureiro' Wine,Morrisons The Best Vinho Verde 'Loureiro' Wine75cl,£6.49,£6.49 per 75cl,"Buy 6, Save 25%"
Morrisons The Best Vinho Verde Rose,Morrisons The Best Vinho Verde Rose75cl,£8,£1.07 per 100ml,"Buy 6, Save 25%"
Morrisons The Best Vintage Still Cider ,Morrisons The Best Vintage Still Cider 2.25L,£5.75,£2.56 per litre,
Morrisons The Best Vodka ,Morrisons The Best Vodka 70cl,£16,£22.86 per litre,
Morrisons The Best Vouvray ,Morrisons The Best Vouvray 75cl,£10,£10.00 per 75cl,"Buy 6, Save 25%"
Morrisons The Best Western Australia Chardonnay ,Morrisons The Best Western…75cl,£7,£7.00 per 75cl,"Buy 6, Save 25%"
Morrisons Unwaxed Lemons ,Morrisons Unwaxed Lemons 4 per pack,£1.15,28.8p each,
Morrisons Vermouth Bianco,Morrisons Vermouth Bianco1L,£6.29,£4.72 per 75cl,
Morrisons Vermouth Extra Dry,Morrisons Vermouth Extra Dry1L,£6.29,£4.72 per 75cl,
Morrisons Vermouth Rosso,Morrisons Vermouth Rosso1L,£6.29,£4.72 per 75cl,
Morrisons White Rum,Morrisons White Rum35cl,£5.75,£16.43 per litre,
Morrisons White Rum 50Cl Abv 37.5%,Morrisons White Rum 50Cl Abv 37.5%50cl,£9.50,£19.00 per litre,
Morrisons White Zinfandel,Morrisons White Zinfandel75cl,£4.89,£4.89 per 75cl,
Morrisons Woo Woo Cocktail ,Morrisons Woo Woo Cocktail 250ml,£1.09,£4.36 per litre,
Mortons OVD Rum,Mortons OVD Rum1L,£24,£24.00 per litre,
Most Wanted Albarino White Wine,Most Wanted Albarino White Wine75cl,£10,£10.00 per 75cl,"Buy 6, Save 25%"
Most Wanted Chardonnay,Most Wanted Chardonnay75cl,£6,£8.00 per litre,"Buy 6, Save 25%"
Most Wanted Malbec 75Cl,Most Wanted Malbec 75Cl75cl,£7.75,£10.33 per litre,"Buy 6, Save 25%"
Most Wanted Pinot Grigio ,Most Wanted Pinot Grigio 75cl,£6,£6.00 per 75cl,"Buy 6, Save 25%"
Most Wanted Pinot Grigio Fizz Cans,Most Wanted Pinot Grigio Fizz Cans200ml,£2.50,£9.38 per 75cl,
Most Wanted Shiraz,Most Wanted Shiraz75cl,£6,£8.00 per litre,"Buy 6, Save 25%"
Mount Gay Eclipse Barbados Golden Rum,Mount Gay Eclipse Barbados Golden Rum70cl,£19,£27.14 per litre,"Offer price £19, was £21"
Mucho Mas Black Label Red,Mucho Mas Black Label Red75cl,£6.50,£6.50 per 75cl,"Buy 6, Save 25%"
Mucho Mas Rose ,Mucho Mas Rose 75cl,£7.50,£7.50 per 75cl,"Buy 6, Save 25%"
Mud House Chile Rose ,Mud House Chile Rose 75cl,£9.50,£12.67 per litre,"Buy 6, Save 25%"
Mud House Chile Sauvignon Blanc,Mud House Chile Sauvignon Blanc75cl,£9.50,£9.50 per 75cl,"Buy 6, Save 25%"
Mud House Marlborough Sauvignon Blanc  ,Mud House Marlborough Sauvignon Blanc  75cl,£7,£7.00 per 75cl,"Buy 6, Save 25%"
Mud House Sauvignon Blanc France,Mud House Sauvignon Blanc France75cl,£9,£1.20 per 100ml,"Buy 6, Save 25%"
"Mumm Cordon Rouge Champagne Brut, Non-Vintage",Mumm Cordon Rouge Champag…75cl,£36,£36.00 per 75cl,
My Blu Blue Ice Liquid Pods 9mg,My Blu Blue Ice Liquid Pods 9mg,£5.99,,
My Blu Intense Starter Kit 18mg,My Blu Intense Starter Kit 18mg,£19.99,,
My Blu Mango Apricot Liquid Pods 9mg,My Blu Mango Apricot Liquid Pods 9mg,£5.99,,
Myton Hill Merlot,Myton Hill Merlot75cl,£4.25,£4.25 per 75cl,
Myton Hill Rose,Myton Hill Rose75cl,£4.19,£4.19 per 75cl,
Newcastle Brown Ale Bottle,Newcastle Brown Ale Bottle550ml,£2.30,£4.18 per litre,Buy 4 for the Price of 3
Newcastle Brown Ale Cans,Newcastle Brown Ale Cans4 x 500ml,£6,£3.00 per litre,Buy 2 for £10
Nordic Spirit Bergamot Wildberry Extra Strong 11MG,Nordic Spirit Bergamot Wild…,£5.50,,
Nordic Spirit Bergamot Wildberry Regular Nicotine Pouches,Nordic Spirit Bergamot Wildberry…20g,£5.50,£27.50 per 100g,
Nordic Spirit Bergamot Wildberry Strong,Nordic Spirit Bergamot Wildberry Strong20g,£5.50,£27.50 per 100g,
Nordic Spirit Elderfower Strong Nicotine Pouches ,Nordic Spirit Elderfower Strong Nicotine Pouches 20g,£5.50,£27.50 per 100g,
Nordic Spirit Mint Extra Strong Nicotine Pouches,Nordic Spirit Mint Extra Strong Nicotine Pouches,£5.50,,
Nordic Spirit Mint Regular Nicotine Pouches,Nordic Spirit Mint Regular Nicotine Pouches20g,£5.50,£27.50 per 100g,
Nordic Spirit Mint Regular Nicotine Pouches,Nordic Spirit Mint Regular Nicotine Pouches20g,£5.50,£27.50 per 100g,
Nordic Spirit Mint Strong Nicotine Pouches ,Nordic Spirit Mint Strong Nicotine Pouches 20g,£5.50,£27.50 per 100g,
Nordic Spirit Spearmint Extra Strong 20 Nicotine Pouches,Nordic Spirit Spearmint Extra S…,£5.50,,
North Brewing Co. Open Space East Coast Ipa ,North Brewing Co. Open Space East Coast Ipa 440ml,£3,£6.82 per litre,Buy 4 for the Price of 3
North Brewing Co. Pinata Pale Ale,North Brewing Co. Pinata Pale Ale440ml,£2.50,£5.68 per litre,Buy 4 for the Price of 3
North Brewing Co. Sputnik Pale Ale ,North Brewing Co. Sputnik Pale Ale 4 x 330ml,£6,£4.55 per litre,Buy 2 for £10
North Brewing Co. Transmission Ipa ,North Brewing Co. Transmission Ipa 440ml,£3.50,£7.95 per litre,Buy 4 for the Price of 3
Northern Monk Alcohol Free Holy Faith Hazy Pale Ale ,Northern Monk Alcohol Free Ho…330ml,£2,£6.06 per litre,Buy 4 for the Price of 3
Northern Monk Chocolate Vanilla & Maple Imperial Stout,Northern Monk Chocolate Vanilla…440ml,£5,£1.14 per 100ml,Buy 4 for the Price of 3
Northern Monk Eternal Session IPA,Northern Monk Eternal Session IPA4 x 330ml,£6.75,£5.11 per litre,
Northern Monk Faith Hazy Pale Ale,Northern Monk Faith Hazy Pale Ale440ml,£2.75,£6.25 per litre,Buy 4 for the Price of 3
Northern Monk Faith Hazy Pale Ale,Northern Monk Faith Hazy Pale Ale12 x 330ml,£15,37.9p per 100ml,
Northern Monk Faith Modern Pale Ale,Northern Monk Faith Modern Pale Ale4 x 330ml,£6.75,£5.11 per litre,
Northern Monk Heathen Hazy IPA,Northern Monk Heathen Hazy IPA440ml,£4.25,96.6p per 100ml,Buy 4 for the Price of 3
Northern Monk Holy Faith Alcohol Free Hazy Pale Ale,Northern Monk Holy Faith Alco…4 x 330ml,£5.50,£4.17 per litre,Buy 2 for £10
Northern Monk Northern Star Chocolate Caramel Biscuit Porter,Northern Monk Northern Star Chocola…440ml,£3.25,73.9p per 100ml,Buy 4 for the Price of 3
Northern Monk Order Of The North Ddh ,Northern Monk Order Of The North Ddh 440ml,£4.25,£9.66 per litre,Buy 4 for the Price of 3
Northern Monk Sunrising Grapefruit IPA,Northern Monk Sunrising Grapefruit IPA330ml,£1,30.3p per 100ml,"Offer price £1, was £2.50"
Northern Monk Transient Hazy IPA,Northern Monk Transient Hazy IPA440ml,£3.75,£8.52 per litre,Buy 4 for the Price of 3
Northern Monk Tropical Faith Twist Edition,Northern Monk Tropical Faith Twist Edition440ml,£3.25,£7.39 per litre,Buy 4 for the Price of 3
Northern Monk Uprising Ipa,Northern Monk Uprising Ipa440ml,£3.25,£7.39 per litre,Buy 4 for the Price of 3
Nozeco Alcohol Free,Nozeco Alcohol Free75cl,£3,£3.00 per 75cl,
Nozeco Rose Spumante Alcohol Free,Nozeco Rose Spumante Alcohol Free75cl,£3,£3.00 per 75cl,
Nzo Blackcurnt Ice 6Mg,Nzo Blackcurnt Ice 6Mg,£2.50,,
Nzo Blackcurnt Lemon 12Mg,Nzo Blackcurnt Lemon 12Mg,£2.50,,
Nzo Blackcurrant Lemon 6Mg,Nzo Blackcurrant Lemon 6Mg,£2.50,,
Nzo Blakcurrant Ice 12Mg,Nzo Blakcurrant Ice 12Mg,£2.50,,
Nzo Blueberry 12Mg,Nzo Blueberry 12Mg,£2.50,,
Nzo Blueberry 6Mg,Nzo Blueberry 6Mg,£2.50,,
Nzo Menthol 12Mg,Nzo Menthol 12Mg,£2.50,,
Nzo Menthol E-Liquid 6Mg,Nzo Menthol E-Liquid 6Mg,£2.50,,
Nzo Mixed Berry Menthol 12Mg,Nzo Mixed Berry Menthol 12Mg,£2.50,,
Nzo Mixed Berry Menthol 6Mg,Nzo Mixed Berry Menthol 6Mg,£2.50,,
Nzo Novo Banana Ice 20Mg,Nzo Novo Banana Ice 20Mg,£5.49,,
Nzo Novo Blueberry 20Mg,Nzo Novo Blueberry 20Mg,£5.49,,
Nzo Novo Grape 20Mg,Nzo Novo Grape 20Mg,£5.49,,
Nzo Novo Mango 20Mg,Nzo Novo Mango 20Mg,£5.49,,
Nzo Novo Peach Ice 20Mg,Nzo Novo Peach Ice 20Mg,£5.49,,
Nzo Novo Pink Lemonade 20Mg,Nzo Novo Pink Lemonade 20Mg,£5.49,,
Nzo Novo Strawberry Ice 20Mg,Nzo Novo Strawberry Ice 20Mg,£5.49,,
Nzo Novo Watermelon Ice 20Mg,Nzo Novo Watermelon Ice 20Mg,£5.49,,
Oakham Citra ,Oakham Citra 500ml,£2,£4.00 per litre,Buy 4 for the Price of 3
Oakham Inferno Ale ,Oakham Inferno Ale 500ml,£2,£4.00 per litre,Buy 4 for the Price of 3
OCB Organic Hemp Slim Papers & Filters,OCB Organic Hemp Slim Papers & Filters32 per pack,£1.70,5.3p each,
OCB Virgin Unbleached Slim Papers & Filters,OCB Virgin Unbleached Slim Papers & Filters32 per pack,£1.75,5.5p each,
Odette Mediterrannee Rose,Odette Mediterrannee Rose75cl,£8.50,£8.50 per 75cl,"Buy 6, Save 25%"
Ogier Heritage Cotes Dr ,Ogier Heritage Cotes Dr 75cl,£8.50,£8.50 per 75cl,"Buy 6, Save 25%"
Ok E-Cig Rechargeable Starter Kit Tobacco Flavour,Ok E-Cig Rechargeable Start…,£7.40,,
Ok Vape Blackcurrant Premium E-Liquid 6mg,Ok Vape Blackcurrant Premium E-Liquid 6mg,£4,,
Ok Vape Iced Menthol Premium E-Liquid 3mg ,Ok Vape Iced Menthol Premium E-Liquid 3mg 10ml,£4,£40.00 per 100ml,
Ok Vape Menthol High E-Cigarette Refills 18mg ,Ok Vape Menthol High E-Cigarette Refills 18mg 5 per pack,£5.85,£1.17 each,
Ok Vape Menthol Medium E-Cigarette Refills 12mg ,Ok Vape Menthol Medium E-Cigarette Refills 12mg 5 per pack,£5.85,£1.17 each,
Ok Vape Pear Punch Premium E-Liquid 6mg,Ok Vape Pear Punch Premium E-Liquid 6mg,£4,,
Ok Vape Strawberry Splash Premium E-Liquid 6mg,Ok Vape Strawberry Splash…,£4,,
Ok Vape Sweet Anise & Menthol Premium E-Liquid 6mg,Ok Vape Sweet Anise & Menth…,£4,,
Ok Vape Tobacco High E-Cigarette Refills 18mg ,Ok Vape Tobacco High E-Cigarette Refills 18mg 5 per pack,£5.85,£1.17 each,
Ok Vape Tobacco Medium E-Cigarette Refills 12mg ,Ok Vape Tobacco Medium E-Cigarette Refills 12mg 5 per pack,£5.85,£1.17 each,
Old Holborn Original Rolling Tobacco,Old Holborn Original Rolling Tobacco30g,£21.70,£72.33 per 100g,
Old Holborn Origina Rolling Tobacco ,Old Holborn Origina Rolling Tobacco 50g,£36,£72.00 per 100g,
Old Moor Porter  ,Old Moor Porter  500ml,£2.25,£4.50 per litre,Buy 4 for the Price of 3
Old Mout Cider Berries & Cherries Bottle,Old Mout Cider Berries & Cherries Bottle500ml,£2.70,54p per 100ml,Buy 3 for £5.50
Old Mout Cider Kiwi & Lime Bottle,Old Mout Cider Kiwi & Lime Bottle500ml,£2.70,£5.40 per litre,Buy 3 for £5.50
Old Mout Cider Kiwi & Lime Cans,Old Mout Cider Kiwi & Lime Cans10 x 330ml,£12,£3.64 per litre,Buy 2 for £16
Old Mout Cider Pineapple & Raspberry,Old Mout Cider Pineapple & Raspberry500ml,£2.70,£5.40 per litre,Buy 3 for £5.50
Old Mout Cider Pineapple & Raspberry Alcohol Free,Old Mout Cider Pineapple & Raspberry Alcohol Free500ml,£2,£4.00 per litre,
Old Mout Cider Pineapple & Raspberry Cans,Old Mout Cider Pineapple & Raspberry Cans10 x 330ml,£12,£3.64 per litre,Buy 2 for £16
Old Mout Cider Strawberry & Apple,Old Mout Cider Strawberry & Apple10 x 330ml,£12,£3.64 per litre,Buy 2 for £16
Old Mout Cider Strawberry & Apple ,Old Mout Cider Strawberry & Apple 500ml,£2.70,£5.40 per litre,Buy 3 for £5.50
Old Mout Cider Watermelon & Lime,Old Mout Cider Watermelon & Lime500ml,£2.70,£5.40 per litre,Buy 3 for £5.50
Old Pulteney 12 Year Old Malt Single Malt Scotch Whisky ,Old Pulteney 12 Year Old Malt S…70cl,£25,£35.71 per litre,
Old Speckled Hen,Old Speckled Hen4 x 500ml,£5,25p per 100ml,
Old Speckled Hen,Old Speckled Hen500ml,£2,40p per 100ml,Buy 4 for the Price of 3
Old Speckled Hen,Old Speckled Hen10 x 440ml,£11,25p per 100ml,
Old Westminster Cream Fortified British Wine,Old Westminster Cream Fortified British Wine70cl,£4.25,£4.55 per 75cl,
Old Westminster Pale Cream ,Old Westminster Pale Cream 70cl,£4.25,£4.55 per 75cl,
Olmeca Altos 100% Agave Plata Tequila (Abv 38%),Olmeca Altos 100% Agave P…70cl,£23.50,£33.57 per litre,
Opihr Oriental Spiced London Dry Gin,Opihr Oriental Spiced London Dry Gin70cl,£19.50,£27.86 per litre,"Offer price £19.50, was £23"
Orchard Pig Reveller Cider,Orchard Pig Reveller Cider500ml,£2.35,£4.70 per litre,Buy 3 for £5.50
Orchard Pig Truffler Dry Cider ,Orchard Pig Truffler Dry Cider 500ml,£2.35,£4.70 per litre,Buy 3 for £5.50
Orchards Peach Schnapps,Orchards Peach Schnapps70cl,£7.75,£11.07 per litre,
Ortense Pinot Grigio Terre Di Chieti,Ortense Pinot Grigio Terre Di Chieti75cl,£5.25,£5.25 per 75cl,
Ortense Pinot Grigio Terre Di Chieti,Ortense Pinot Grigio Terre Di Chieti2.25L,£13,£5.78 per litre,"Offer price £13, was £13.50"
Otter Ale ,Otter Ale 500ml,£2,£4.00 per litre,Buy 4 for the Price of 3
Otter Bright   ,Otter Bright   500ml,£2,£4.00 per litre,Buy 4 for the Price of 3
Ouzo Pelagos,Ouzo Pelagos70cl,£17,£24.29 per litre,
Oxford Landing Chardonnay,Oxford Landing Chardonnay75cl,£6,£6.00 per 75cl,"Buy 6, Save 25%"
Oxford Landing Sauvignon Blanc,Oxford Landing Sauvignon Blanc75cl,£7,£7.00 per 75cl,"Buy 6, Save 25%"
Oyster Bay Chardonnay,Oyster Bay Chardonnay75cl,£10.50,£10.50 per 75cl,"Buy 6, Save 25%"
Oyster Bay Merlot,Oyster Bay Merlot75cl,£9,£9.00 per 75cl,"Buy 6, Save 25%"
Oyster Bay Sauvignon Blanc,Oyster Bay Sauvignon Blanc75cl,£8,£8.00 per 75cl,"Buy 6, Save 25%"
Paddy Irish Whiskey,Paddy Irish Whiskey70cl,£21,£30.00 per litre,
Pale Fox Single Estate Prosecco Gift Box ,Pale Fox Single Estate Prosecco Gift Box 75cl,£24,£24.00 per 75cl,"Buy 6, Save 25%"
Pallini Limoncello Liqueur ,Pallini Limoncello Liqueur 50cl,£12.50,£25.00 per litre,
Pall Mall Fine Cut Tobacco ,Pall Mall Fine Cut Tobacco 30g,£17.60,£58.67 per 100g,
Pall Mall Flow Blue King Size Cigarettes,Pall Mall Flow Blue King Size Cigarettes20 per pack,£10.65,53.3p each,
Pall Mall Flow Blue Superkings Cigarettes,Pall Mall Flow Blue Superkings Cigarettes20 per pack,£10.65,53.3p each,
Pall Mall Flow Red King Size Cigarettes,Pall Mall Flow Red King Size Cigarettes20 per pack,£10.65,53.3p each,
Pall Mall Flow Red Superkings Cigarettes,Pall Mall Flow Red Superkings Cigarettes20 per pack,£10.65,53.3p each,
Pall Mall Shift Blue King Size Cigarettes,Pall Mall Shift Blue King Size Cigarettes20 per pack,£12,60p each,
Pall Mall Shift Cigarettes,Pall Mall Shift Cigarettes20 per pack,£10.50,52.5p each,
Pall Mall Shift XL Cigarettes,Pall Mall Shift XL Cigarettes23 per pack,£11.50,50p each,
Panama Thin Panatellas Cigars,Panama Thin Panatellas Cigars6 per pack,£8.10,£1.35 each,
Parrilla By Vinalba Malbec ,Parrilla By Vinalba Malbec 75cl,£10,£10.00 per 75cl,"Buy 6, Save 25%"
Passoa Passion Fruit Liqueur,Passoa Passion Fruit Liqueur70cl,£12.50,£17.86 per litre,
Pata Negra Toro Roble,Pata Negra Toro Roble75cl,£7,£7.00 per 75cl,"Buy 6, Save 25%"
Paulaner Weissbier,Paulaner Weissbier500ml,£2.75,£5.50 per litre,Buy 4 for the Price of 3
Paul Mas Reserve Pinot Noir,Paul Mas Reserve Pinot Noir75cl,£7.50,£7.50 per 75cl,"Buy 6, Save 25%"
Penasol Sangria (Abv 5%),Penasol Sangria (Abv 5%)1L,£3.45,£3.45 per litre,
Penderyn Single Malt Legend,Penderyn Single Malt Legend70cl,£33,£47.14 per litre,
Penderyn Single Malt Welsh Whiskey ,Penderyn Single Malt Welsh Whiskey 70cl,£35,£50.00 per litre,
Penfolds Bin 8 Shiraz Cabernet,Penfolds Bin 8 Shiraz Cabernet75cl,£21,£21.00 per 75cl,"Buy 6, Save 25%"
Penfolds Koonunga Hill Chardonnay,Penfolds Koonunga Hill Chardonnay75cl,£8.50,£8.50 per 75cl,"Buy 6, Save 25%"
Penfolds Koonunga Hill Shiraz Cabernet,Penfolds Koonunga Hill Shiraz Cabernet75cl,£10,£13.33 per litre,"Buy 6, Save 25%"
Pepsi Max No Sugar,Pepsi Max No Sugar24 x 330ml,£9.50,12p per 100ml,
Pernod Aniseed Liqueur,Pernod Aniseed Liqueur70cl,£20.50,£29.29 per litre,
Peroni Bottles 5% Abv,Peroni Bottles 5% Abv18 x 330ml,£25,42.1p per 100ml,
Peroni Gran Riserva Birra Doppio Malto (Abv 6.6%),Peroni Gran Riserva Birra Doppio Malto (Abv 6.6%)500ml,£2.65,£5.30 per litre,Buy 4 for the Price of 3
Peroni Nastro Azzurro,Peroni Nastro Azzurro620ml,£2.60,£4.19 per litre,Buy 4 for the Price of 3
Peroni Nastro Azzurro,Peroni Nastro Azzurro10 x 330ml,£11,33.3p per 100ml,
Peroni Nastro Azzurro Alcohol Free,Peroni Nastro Azzurro Alcohol Free4 x 330ml,£3.99,£3.02 per litre,
Peroni Nastro Azzurro Bottles,Peroni Nastro Azzurro Bottles4 x 330ml,£6,£4.54 per litre,"Offer price £6, was £7"
Peroni Nastro Azzurro Gluten Free Bottles,Peroni Nastro Azzurro Gluten Free Bottles4 x 330ml,£6,£4.54 per litre,"Offer price £6, was £7"
Piccini Appassimento Leggero,Piccini Appassimento Leggero75cl,£6.50,£6.50 per 75cl,"Buy 6, Save 25%"
Piccini Costa Toscana Organic Rose,Piccini Costa Toscana Organic Rose75cl,£8,£10.67 per litre,"Buy 6, Save 25%"
Piccini Memoro Red              ,Piccini Memoro Red              75cl,£7,£7.00 per 75cl,"Buy 6, Save 25%"
Pilsner Urquell,Pilsner Urquell500ml,£2,£4.00 per litre,Buy 4 for the Price of 3
Pimms No1,Pimms No11L,£22,£22.00 per litre,
Pimm's No. 1 Original ,Pimm's No. 1 Original 70cl,£16.50,£23.57 per litre,
Pimm's No.1 Original & Lemonade,Pimm's No.1 Original & Lemonade250ml,£2.25,£9.00 per litre,Buy 4 for £6
Pink 47 Diamond Crystal Clear London Dry Gin ,Pink 47 Diamond Crystal Clear London Dry Gin 70cl,£22,£31.43 per litre,
Pinot Grigio,Pinot Grigio2.25L,£12.99,£5.77 per litre,
Players Bright Cigarettes,Players Bright Cigarettes20 per pack,£10.90,54.5p each,
Players Bright Superkings Cigarettes,Players Bright Superkings Cigarettes20 per pack,£10.90,54.5p each,
Players Easy Rolling Tobacco ,Players Easy Rolling Tobacco 50g,£23.85,£47.70 per 100g,
Players Easy Rolling Tobacco Includes Cigarette Papers,Players Easy Rolling Tobacco In…30g,£14.55,£48.50 per 100g,
Players Green Filter Superkings Cigarettes,Players Green Filter Superkings Cigarettes20 per pack,£10.90,54.5p each,
Players New Crush Cigarettes,Players New Crush Cigarettes20 per pack,£10.90,54.5p each,
Players Real Red Cigarettes,Players Real Red Cigarettes20 per pack,£10.90,54.5p each,
Players Real Red Cigarettes Multipack,Players Real Red Cigarettes Multipack5 x 20 per pack,£54.25,54.3p each,
Players Real Red Superkings Cigarettes,Players Real Red Superkings Cigarettes20 per pack,£10.90,54.5p each,
Players Real Red Superkings Cigarettes Multipack,Players Real Red Superkings…5 x 20 per pack,£54.25,54.3p each,
Players Volume Tobacco Can,Players Volume Tobacco Can50g,£31.70,£63.40 per 100g,
Ploom EVO Emerald Tobacco Sticks ,Ploom EVO Emerald Tobacco Sticks ,£4.50,,
Ploom Evo Fod Green,Ploom Evo Fod Green,£4.50,,
Ploom Evo Fod Purple,Ploom Evo Fod Purple,£4.50,,
Ploom EVO Sepia Tobacco Sticks ,Ploom EVO Sepia Tobacco Sticks ,£4.50,,
Ploom Gen3 EVO Sticks Magenta,Ploom Gen3 EVO Sticks Magenta3 per pack,£4.50,£1.50 each,
Ploom Refill Stick EVO Bronze,Ploom Refill Stick EVO Bronze,£4.50,,
Ploom X - Black Device,Ploom X - Black Device,£25,,
Plymouth The Original Strength English Gin,Plymouth The Original Strength English Gin70cl,£26.50,£37.86 per litre,
Pod Salt Go 600 Banana Ice 20mg,Pod Salt Go 600 Banana Ice 20mg,£5.49,,
Pod Salt Go 600 Energy 20mg,Pod Salt Go 600 Energy 20mg,£5.49,,
Pod Salt Go 600 Grape Ice 20mg,Pod Salt Go 600 Grape Ice 20mg,£5.49,,
Pod Salt Go 600 Orange Ice 20mg,Pod Salt Go 600 Orange Ice 20mg,£5.49,,
Pod Salt Go 600 Pink Lemonade 20mg,Pod Salt Go 600 Pink Lemonade 20mg,£5.49,,
Pollys Brew Co. DDH Pale Ale,Pollys Brew Co. DDH Pale Ale440ml,£3.50,79.5p per 100ml,Buy 4 for the Price of 3
Poppell Flint Lighter (CR),Poppell Flint Lighter (CR),£1.45,,
Porta 6 Red,Porta 6 Red75cl,£7,£7.00 per 75cl,"Buy 6, Save 25%"
Prestige de Calvet Cotes Du Rhone Grenache-Syrah,Prestige de Calvet Cotes Du…75cl,£7,£9.33 per litre,"Buy 6, Save 25%"
Primo Vere Pinot Grigio     ,Primo Vere Pinot Grigio     75cl,£6.75,£6.75 per 75cl,Buy 2 for £10
Purity Brewing Co. Mad Goose Pale Ale,Purity Brewing Co. Mad Goose Pale Ale500ml,£2.25,£4.50 per litre,Buy 4 for the Price of 3
Purity Brewing Co. Pure Gold Premium Golden Ale,Purity Brewing Co. Pure Gold Premium Golden Ale500ml,£2.25,£4.50 per litre,Buy 4 for the Price of 3
QBar Blue Burst 20mg,QBar Blue Burst 20mg,£5.99,,
QBar Cherry Fizz 20mg,QBar Cherry Fizz 20mg,£5.99,,
QBar Grape Ice 20mg,QBar Grape Ice 20mg,£5.99,,
QBar Strawberry & Blueberry Ice 20mg,QBar Strawberry & Blueberry Ice 20mg,£5.99,,
QBar Watermelon Ice 20mg,QBar Watermelon Ice 20mg,£5.99,,
QC Cream,QC Cream70cl,£4.79,£5.13 per 75cl,
Radacini Blanc De Noirs,Radacini Blanc De Noirs75cl,£6,£6.00 per 75cl,"Buy 6, Save 25%"
Rattler Cyder 6%,Rattler Cyder 6%8 x 330ml,£12,45.5p per 100ml,
Rattler Pear Cyder,Rattler Pear Cyder500ml,£2.30,£4.60 per litre,Buy 3 for £5.50
Red Leg Spiced Rum ,Red Leg Spiced Rum 70cl,£16,£22.86 per litre,"Offer price £16, was £20"
Regal Blue Cigarettes,Regal Blue Cigarettes20 per pack,£15.15,75.8p each,
Regal Blue Cigarettes Multipack,Regal Blue Cigarettes Multipack5 x 20 per pack,£75.75,75.8p each,
Regal Filter Cigarettes,Regal Filter Cigarettes20 per pack,£15.15,75.8p each,
Reino De La Vina Rioja,Reino De La Vina Rioja75cl,£6.75,£6.75 per 75cl,Buy 2 for £10
RELX Bubblemon Disposable Banana Coconut 19MG,RELX Bubblemon Disposable…2ml,£4.99,£24.95 per 10ml,
RELX Bubblemon Disposable Berry Ice 19MG,RELX Bubblemon Dispos…2ml,£4.99,£24.95 per 10ml,
RELX Bubblemon Disposable Black Currant Grape 19MG,RELX Bubblemon Disposable B…2ml,£4.99,£24.95 per 10ml,
RELX Bubblemon Disposable Bluecurrant 19MG,RELX Bubblemon Disposab…2ml,£4.99,£24.95 per 10ml,
RELX Bubblemon Disposable Green Apple Kiwi 19MG,RELX Bubblemon Disposable…2ml,£4.99,£24.95 per 10ml,
RELX Bubblemon Disposable Raspberry Grape 19MG,RELX Bubblemon Disposable…2ml,£4.99,£24.95 per 10ml,
RELX Bubblemon Disposable Strawberry Watermelon 19MG,RELX Bubblemon Disposable Str…2ml,£4.99,£24.95 per 10ml,
RELX Bubblemon Disposable Watermelon 19MG,RELX Bubblemon Dispos…2ml,£4.99,£24.95 per 10ml,
Relx Essential Device Blue Glow 18mg,Relx Essential Device Blue Glow 18mg,£9.99,,
Relx Essential Device White 18mg,Relx Essential Device White 18mg,£9.99,,
Relx Essential Starter Kit Blue Gems 18mg,Relx Essential Starter Kit Blue Gems 18mg,£8.99,,
Relx Essential Starter Kit Fresh Red 18mg,Relx Essential Starter Kit Fresh Red 18mg,£8.99,,
Relx Pod Black Twist 18mg,Relx Pod Black Twist 18mg,£5.99,,
Relx Pod Blue Gems 18mg,Relx Pod Blue Gems 18mg,£5.99,,
Relx Pod Double Peppermint 18mg,Relx Pod Double Peppermint 18mg,£5.99,,
Relx Pod Fresh Red 18mg,Relx Pod Fresh Red 18mg,£5.99,,
Relx Pod Gardens Heart 18mg,Relx Pod Gardens Heart 18mg,£5.99,,
Relx Pod Golden Tobacco 18mg,Relx Pod Golden Tobacco 18mg,£5.99,,
Relx Pod Raspy Ruby 18mg,Relx Pod Raspy Ruby 18mg,£5.99,,
Relx Pod Ruby Zest 18mg,Relx Pod Ruby Zest 18mg,£5.99,,
Relx Pod Tangy Purple 18mg,Relx Pod Tangy Purple 18mg,£5.99,,
Relx Pod Zesty Menthol 18mg,Relx Pod Zesty Menthol 18mg,£5.99,,
Remy Martin VSOP Cognac Fine Champagne,Remy Martin VSOP Cognac Fine Champagne70cl,£40,£57.14 per litre,
Richmond Bright Superkings Cigarettes,Richmond Bright Superkings Cigarettes20 per pack,£10.65,53.3p each,
Richmond Green Filter Superkings Cigarettes,Richmond Green Filter Superkings Cigarettes20 per pack,£10.65,53.3p each,
Richmond Green Filter Superkings Cigarettes Multipack,Richmond Green Filter Superki…5 x 20 per pack,£53.20,53.2p each,
Richmond Original Cigarettes,Richmond Original Cigarettes20 per pack,£10.65,53.3p each,
Richmond Original Cigarettes Multipack,Richmond Original Cigarettes Multipack5 x 20 per pack,£53.20,53.2p each,
Richmond Original Superkings Cigarettes,Richmond Original Superkings Cigarettes20 per pack,£10.65,53.3p each,
Riffle Thornbridge Collaboration West Coast Ipa ,Riffle Thornbridge Collabor…440ml,£3,£6.82 per litre,Buy 4 for the Price of 3
Rigal Vin Orange 75Cl,Rigal Vin Orange 75Cl75cl,£7,£7.00 per 75cl,"Buy 6, Save 25%"
Ringwood Boondoggle Craft Blonde Ale,Ringwood Boondoggle Craft Blonde Ale500ml,£2,£4.00 per litre,Buy 4 for the Price of 3
Riverstone Easy Rolling Tobacco Includes Cigarette Papers,Riverstone Easy Rolling Tobacco I…50g,£23.85,£47.70 per 100g,
Riverstone Easy Rolling Tobacco Includes Cigarette Papers,Riverstone Easy Rolling Tobacco I…30g,£14.55,£48.50 per 100g,
Rizla Blue Papers,Rizla Blue Papers50 per pack,50p,1p each,
Rizla Fresh Mint Flavour Infusion Card,Rizla Fresh Mint Flavour Infusion Card,75p,,
Rizla Green Papers,Rizla Green Papers,50p,,
Rizla Green Papers Multipack,Rizla Green Papers Multipack5 x 50 per pack,£1.80,0.7p each,
Rizla Kingsize Slim Blue,Rizla Kingsize Slim Blue32 per pack,£1.10,3.4p each,
Rizla Kingsize Slim Silver Papers,Rizla Kingsize Slim Silver Papers32 per pack,£1.10,3.4p each,
Rizla Liquorice Papers,Rizla Liquorice Papers50 per pack,60p,1.2p each,
Rizla Menthol Chill Flavour Infusion Card,Rizla Menthol Chill Flavour Infusion Card,75p,,
Rizla Silver Papers,Rizla Silver Papers50 per pack,60p,1.2p each,
Rizla Slim Thin Silver Kingsize Combi,Rizla Slim Thin Silver Kingsize Combi50 per pack,£1.30,2.6p each,
Robinsons Brewery Iron Maiden Trooper Premium British Beer Bottle,Robinsons Brewery Iron Maiden Trooper…500ml,£2.25,£4.50 per litre,Buy 4 for the Price of 3
Robinsons Old Tom Premium Ale,Robinsons Old Tom Premium Ale330ml,£2.35,71.2p per 100ml,Buy 4 for the Price of 3
Rockstar Pineapple Grenade Spiced Rum (65% ABV),Rockstar Pineapple Grenad…50cl,£32,£64.00 per litre,
Rockstar Two Swallows Cherry & Salted Caramel ,Rockstar Two Swallows Cherry & Salted Caramel 50cl,£25,£50.00 per litre,
Rockstar Two Swallows Citrus & Salted Caramel ,Rockstar Two Swallows Citrus & Salted Caramel 50cl,£25,£50.00 per litre,
Roku Gin The Japanese Craft Gin ,Roku Gin The Japanese Craft Gin 700ml,£25,£35.72 per litre,"Offer price £25, was £30"
Ron Flor De Cana Centenario Single Estate Rum 12 Slow Aged ,Ron Flor De Cana Centenario Singl…70cl,£40,£57.14 per litre,
Ron Flor De Cana Centenario Single Estate Rum 18 Slow Aged ,Ron Flor De Cana Centenario Singl…70cl,£55,£78.57 per litre,
Roosters Baby Faced Assassin India Pale Ale,Roosters Baby Faced Assassin India Pale Ale330ml,£2,£6.06 per litre,Buy 4 for the Price of 3
Rose Calvet Cap D' Adge Igp Cotes De Thau ,Rose Calvet Cap D' Adge Igp Cotes De Thau 75cl,£7.50,£7.50 per 75cl,"Buy 6, Save 25%"
Rosemount Diamond Selection Chardonnay,Rosemount Diamond Selection Chardonnay75cl,£5.50,£5.50 per 75cl,"Buy 6, Save 25%"
Rosemount Diamond Selection Shiraz,Rosemount Diamond Selection Shiraz75cl,£6.50,£6.50 per 75cl,"Buy 6, Save 25%"
Rose's Lime Juice Cordial ,Rose's Lime Juice Cordial 1L,£2.60,26p per 100ml,
Rothmans Blue Cigarettes,Rothmans Blue Cigarettes20 per pack,£10.90,54.5p each,
Rothmans Blue Superkings Cigarettes,Rothmans Blue Superkings Cigarettes20 per pack,£10.90,54.5p each,
Rothmans Blue XL Cigarettes,Rothmans Blue XL Cigarettes24 per pack,£12.20,50.8p each,
Rothmans Fine Tobacco ,Rothmans Fine Tobacco 30g,£17.60,£58.67 per 100g,
Rothmans Original Cigarettes,Rothmans Original Cigarettes20 per pack,£15.55,77.8p each,
Rothmans Silver Cigarettes,Rothmans Silver Cigarettes20 per pack,£10.90,54.5p each,
Royal Dutch Elite Slim Pan Cigars  ,Royal Dutch Elite Slim Pan Cigars  5 per pack,£7,£1.40 each,
Royal Dutch Flame,Royal Dutch Flame10 per pack,£6.99,69.9p each,
Royal Dutch Minature Blue Cigars ,Royal Dutch Minature Blue Cigars 20 per pack,£11.70,58.5p each,
Royal Dutch Miniature Blue Cigarillos   ,Royal Dutch Miniature Blue Cigarillos   10 per pack,£6.25,62.5p each,
Royal Dutch Miniature Cigarillos,Royal Dutch Miniature Cigarillos10 per pack,£6.25,62.5p each,
Royal Dutch Miniature Cigarillos,Royal Dutch Miniature Cigarillos20 per pack,£11.70,58.5p each,
Royals Blue Cigarettes,Royals Blue Cigarettes20 per pack,£14.60,73p each,
Royals Red Cigarettes,Royals Red Cigarettes20 per pack,£14.70,73.5p each,
Royals Red Cigarettes,Royals Red Cigarettes23 per pack,£16.10,70p each,
Ruddles Best                   ,Ruddles Best                   500ml,£1.25,£2.50 per litre,
Ruddles County Bottle,Ruddles County Bottle500ml,£2.25,£4.50 per litre,Buy 4 for the Price of 3
Rudgate Jorvik Flaxen Blonde Ale,Rudgate Jorvik Flaxen Blonde Ale500ml,£2.25,£4.50 per litre,Buy 4 for the Price of 3
Sailor Jerry Spiced Rum,Sailor Jerry Spiced Rum70cl,£20,£28.57 per litre,
Saltaire Blonde Premium Ale ,Saltaire Blonde Premium Ale 500ml,£2.25,£4.50 per litre,Buy 4 for the Price of 3
Saltaire Brewery Full Tilt ,Saltaire Brewery Full Tilt 330ml,£1.75,53p per 100ml,Buy 4 for the Price of 3
Saltaire Cascade Pale,Saltaire Cascade Pale500ml,£2.25,£4.50 per litre,Buy 4 for the Price of 3
Saltaire Pride   ,Saltaire Pride   500ml,£2.25,£4.50 per litre,Buy 4 for the Price of 3
Saltaire South Island Pale ,Saltaire South Island Pale 500ml,£2.25,£4.50 per litre,Buy 4 for the Price of 3
Salt Double New England Ipa,Salt Double New England Ipa440ml,£3.50,£7.95 per litre,Buy 4 for the Price of 3
Salt Huckaback ,Salt Huckaback 440ml,£2.35,£5.34 per litre,Buy 4 for the Price of 3
Salt Jute Session Ipa,Salt Jute Session Ipa4 x 330ml,£6,£4.55 per litre,Buy 2 for £10
Salt X Drop Project Neipa,Salt X Drop Project Neipa440ml,£3,£6.82 per litre,Buy 4 for the Price of 3
Sandford Orchards Devon Mist Cider ,Sandford Orchards Devon Mist Cider 500ml,£2.25,£4.50 per litre,Buy 3 for £5.50
Sandford Orchards Devon Red Cider,Sandford Orchards Devon Red Cider500ml,£2.25,£4.50 per litre,Buy 3 for £5.50
San Miguel Alcohol Free Lager Beer,San Miguel Alcohol Free Lager Beer4 x 330ml,£4,£3.03 per litre,
San Miguel Especial,San Miguel Especial6 x 330ml,£6.50,£3.28 per litre,Buy 2 for £10
San Miguel Premium Lager Beer,San Miguel Premium Lager Beer660ml,£2.50,£3.79 per litre,Buy 4 for the Price of 3
San Miguel Premium Lager Beer,San Miguel Premium Lager Beer4 x 330ml,£4.49,£3.40 per litre,"Offer price £4.49, was £5"
San Miguel Premium Lager Beer,San Miguel Premium Lager Beer4 x 440ml,£4.49,£2.55 per litre,"Offer price £4.49, was £5"
San Miguel Premium Lager Beer,San Miguel Premium Lager Beer12 x 330ml,£10,£2.53 per litre,"Offer price £10, was £12"
San Miguel Premium Lager Beer,San Miguel Premium Lager Beer10 x 440ml,£10,22.7p per 100ml,"Offer price £10, was £13"
San Miguel Premium Lager Beer,San Miguel Premium Lager Beer4 x 568ml,£6,£2.64 per litre,
San Pellegrino Blood Orange,San Pellegrino Blood Orange6 x 330ml,£4.75,24p per 100ml,
San Pellegrino Lemon ,San Pellegrino Lemon 6 x 330ml,£4.75,24p per 100ml,
Schmitt Hock,Schmitt Hock75cl,£4.49,£4.49 per 75cl,
Schmitt Liebfraumilch,Schmitt Liebfraumilch75cl,£4.49,£4.49 per 75cl,
Schofferhofer Grapefruit,Schofferhofer Grapefruit500ml,£2.25,£4.50 per litre,Buy 4 for the Price of 3
Schwartz Juniper Berries Jar,Schwartz Juniper Berries Jar28g,£2.15,76.8p per 10g,Buy 2 for £3.30
Schweppes Bitter Lemon ,Schweppes Bitter Lemon 1L,£1.90,19p per 100ml,
Schweppes Canada Dry Ginger Ale ,Schweppes Canada Dry Ginger Ale 12 x 150ml,£4,22.2p per 100ml,
Schweppes Canada Dry Ginger Ale ,Schweppes Canada Dry Ginger Ale 1L,£1.90,19p per 100ml,
Schweppes Diet Lemonade,Schweppes Diet Lemonade6 x 330ml,£2,10.1p per 100ml,"Offer price £2, was £3.60"
Schweppes Lemonade ,Schweppes Lemonade 6 x 330ml,£2,10.1p per 100ml,"Offer price £2, was £3.60"
Schweppes Original Soda Water ,Schweppes Original Soda Water 1L,£1.90,19p per 100ml,
Schweppes Slimline Bitter Lemon ,Schweppes Slimline Bitter Lemon 1L,£1.90,19p per 100ml,
Schweppes Slimline Bitter Lemon ,Schweppes Slimline Bitter Lemon 1L,£1.90,19p per 100ml,
Schweppes Slimline Elderflower Tonic Water ,Schweppes Slimline Elderflower Tonic Water 1L,£1.90,19p per 100ml,
Schweppes Slimline Tonic Water ,Schweppes Slimline Tonic Water 12 x 150ml,£4,22.2p per 100ml,
Schweppes Slimline Tonic Water ,Schweppes Slimline Tonic Water 1L,£1.90,19p per 100ml,
Schweppes Tonic Water ,Schweppes Tonic Water 12 x 150ml,£4,22.2p per 100ml,
Schweppes Tonic Water ,Schweppes Tonic Water 1L,£1.90,19p per 100ml,
Served Lime Hard Seltzer,Served Lime Hard Seltzer250ml,£2.20,88p per 100ml,Buy 4 for £6
Served Raspberry Hard Seltzer,Served Raspberry Hard Seltzer250ml,£2.20,88p per 100ml,Buy 4 for £6
Shackleton Blended Scotch Malt Whisky,Shackleton Blended Scotch Malt Whisky70cl,£19,£27.14 per litre,"Offer price £19, was £25"
Sharps Atlantic,Sharps Atlantic4 x 500ml,£6,30p per 100ml,
Sharp's Atlantic Pale Ale ,Sharp's Atlantic Pale Ale 500ml,£2.25,£4.50 per litre,Buy 4 for the Price of 3
Sharp's Doom Bar 0% Alcohol ,Sharp's Doom Bar 0% Alcohol 500ml,£2,£4.00 per litre,Buy 4 for the Price of 3
Sharp's Doom Bar Amber Ale ,Sharp's Doom Bar Amber Ale 500ml,£2.25,£4.50 per litre,Buy 4 for the Price of 3
Sharp's Doom Bar Exceptional Amber Ale,Sharp's Doom Bar Exceptional Amber Ale4 x 500ml,£6,£3.00 per litre,Buy 2 for £10
Shipyard American IPA Ale Beer,Shipyard American IPA Ale Beer500ml,£2.25,£4.50 per litre,Buy 4 for the Price of 3
Shipyard American Pale Ale Beer,Shipyard American Pale Ale Beer500ml,£2.25,£4.50 per litre,Buy 4 for the Price of 3
Shipyard American Pale Ale Beer,Shipyard American Pale Ale Beer4 x 440ml,£5,£2.84 per litre,
Shipyard Low Tide Alcohol Free American Pale Ale,Shipyard Low Tide Alcohol Free American Pale Ale500ml,£1.50,£3.00 per litre,Buy 4 for the Price of 3
Sierra Nevada Pale Ale ,Sierra Nevada Pale Ale 355ml,£2.50,£7.04 per litre,Buy 4 for the Price of 3
Sierra Reposado Tequila,Sierra Reposado Tequila50cl,£16,£32.00 per litre,
Sierra Tequila Silver,Sierra Tequila Silver50cl,£15.50,£31.00 per litre,
Signature Action Filter Cigarillos,Signature Action Filter Cigarillos10 per pack,£4.84,48.4p each,
Signature Blue Cigarillos,Signature Blue Cigarillos50 per pack,£37.45,74.9p each,
Signature Blue Cigars,Signature Blue Cigars10 per pack,£7.55,75.5p each,
Signature Original Cigarillos,Signature Original Cigarillos10 per pack,£7.40,74p each,
Signature Original Cigars Multipack,Signature Original Cigars Multipack50 per pack,£37.10,74.2p each,
Signature Red Filter Cigarillos,Signature Red Filter Cigarillos10 per pack,£6.65,66.5p each,
Silk Cut Blue Cigarettes,Silk Cut Blue Cigarettes20 per pack,£15.90,79.5p each,
Silk Cut Purple 100s Cigarettes,Silk Cut Purple 100s Cigarettes20 per pack,£15.90,79.5p each,
Silk Cut Purple Cigarettes,Silk Cut Purple Cigarettes20 per pack,£15.90,79.5p each,
Silk Cut Purple Cigarettes Multipack,Silk Cut Purple Cigarettes Multipack5 x 20 per pack,£79,79p each,
Silk Cut Silver Cigarettes,Silk Cut Silver Cigarettes5 x 20 per pack,£79,79p each,
Silk Cut Silver Cigarettes,Silk Cut Silver Cigarettes20 per pack,£15.90,79.5p each,
Silver Bay Point Rose,Silver Bay Point Rose75cl,£4.25,£4.25 per 75cl,
Silver Bay Point White,Silver Bay Point White75cl,£3.95,£3.95 per 75cl,
Silver Bay Point White,Silver Bay Point White2.25L,£9.99,£3.33 per 75cl,
Singha Premium Thai Beer,Singha Premium Thai Beer630ml,£2.50,£3.97 per litre,Buy 4 for the Price of 3
Sipsmith Lemon Drizzle Gin ,Sipsmith Lemon Drizzle Gin 70cl,£25,£35.71 per litre,
Sipsmith London Dry Gin 41.6%,Sipsmith London Dry Gin 41.6%70cl,£25,£35.71 per litre,
Sipsmith Premium Gin Experience Gin Tonic & Glass Set,Sipsmith Premium Gin Experien…,£18,,
Siren Craft Brew Pompelmocello,Siren Craft Brew Pompelmocello440ml,£3,£6.82 per litre,Buy 4 for the Price of 3
Siren Hard Pour Broken Dream Nitro Breakfast Stout,Siren Hard Pour Broken Drea…440ml,£3,68.2p per 100ml,Buy 4 for the Price of 3
Siren Jouska Neipa,Siren Jouska Neipa440ml,£3,68.2p per 100ml,Buy 4 for the Price of 3
Siren Scene Stealer California Ipa,Siren Scene Stealer California Ipa440ml,£3,68.2p per 100ml,Buy 4 for the Price of 3
Siren Soundwave Ipa,Siren Soundwave Ipa4 x 330ml,£6,£4.55 per litre,
Skinny Brands Lager,Skinny Brands Lager12 x 330ml,£15,£3.79 per litre,
Slingsby Rhubarb Gin,Slingsby Rhubarb Gin70cl,£28,£40.00 per litre,
Smirnoff & Diet Cola Vodka Mixed Drink ,Smirnoff & Diet Cola Vodka Mixed Drink 250ml,£2.25,£9.00 per litre,Buy 4 for £6
Smirnoff Berry Burst Flavoured Vodka,Smirnoff Berry Burst Flavoured Vodka70cl,£17.50,£25.00 per litre,
Smirnoff Ice,Smirnoff Ice10 x 250ml,£13,52p per 100ml,
Smirnoff Ice,Smirnoff Ice4 x 250ml,£4.50,45p per 100ml,"Offer price £4.50, was £5.50"
Smirnoff Ice Raspberry,Smirnoff Ice Raspberry70cl,£3.50,£5.00 per litre,Buy 2 for £6
Smirnoff Lime & Soda,Smirnoff Lime & Soda250ml,£2.25,£9.00 per litre,Buy 4 for £6
Smirnoff Mango & Passionfruit ,Smirnoff Mango & Passionfruit 70cl,£17.50,£25.00 per litre,
Smirnoff Mango & Passion Fruit Twist With Lemonade,Smirnoff Mango & Passion Fr…250ml,£2.25,£9.00 per litre,Buy 4 for £6
Smirnoff Premium Ice Triple Filtered Vodka Mixed Drink,Smirnoff Premium Ice Triple Fil…70cl,£3.79,£5.41 per litre,Buy 2 for £6
Smirnoff Premium Vodka,Smirnoff Premium Vodka1L,£17,£17.00 per litre,
Smirnoff Raspberry Crush,Smirnoff Raspberry Crush70cl,£17.50,£25.00 per litre,
Smirnoff Raspberry Crush & Lemonade,Smirnoff Raspberry Crush & Lemonade250ml,£2.25,£9.00 per litre,Buy 4 for £6
Smirnoff  Red Label Vodka,Smirnoff  Red Label Vodka35cl,£9,£25.71 per litre,"Offer price £9, was £10"
Smirnoff Red Label Vodka,Smirnoff Red Label Vodka70cl,£17,£24.29 per litre,
Smokehead Islay Single Malt Scotch Whisky,Smokehead Islay Single Malt Scotch Whisky70cl,£25,£26.78 per 75cl,"Offer price £25, was £38"
Smok Mbar Pro Blackcurrant Ice 20mg,Smok Mbar Pro Blackcurrant Ice 20mg,£5.49,,
SMOK Mbar Pro Blue Raspberry 20mg,SMOK Mbar Pro Blue Raspberry 20mg,£5.49,,
SMOK Mbar Pro Exotic Fruit 20mg,SMOK Mbar Pro Exotic Fruit 20mg,£5.49,,
SMOK Mbar Pro Grape Ice 20mg,SMOK Mbar Pro Grape Ice 20mg,£5.49,,
SMOK Mbar Pro Mango Ice 20mg,SMOK Mbar Pro Mango Ice 20mg,£5.49,,
SMOK Mbar Pro Menthol 20mg,SMOK Mbar Pro Menthol 20mg,£5.49,,
SMOK Mbar Pro Strawberry Ice 20mg,SMOK Mbar Pro Strawberry Ice 20mg,£5.49,,
SMOK Mbar Pro Watermelon Ice 20mg,SMOK Mbar Pro Watermelon Ice 20mg,£5.49,,
Soberano 5 Spanish Brandy   ,Soberano 5 Spanish Brandy   70cl,£15.50,£22.14 per litre,
Sobieski Vodka,Sobieski Vodka70cl,£16,£2.29 per 100ml,
Sol Cerveza,Sol Cerveza4 x 330ml,£4.50,£3.41 per litre,
Solo Plus Blueberry 20mg,Solo Plus Blueberry 20mg,£4.99,,
Solo Plus Blue Razz 20mg,Solo Plus Blue Razz 20mg20ml,£4.99,£2.50 per 10ml,
Solo Plus Blue Razz Lemonade 20mg,Solo Plus Blue Razz Lemonade 20mg20ml,£4.99,£2.50 per 10ml,
Solo Plus Cherry Ice 20mg,Solo Plus Cherry Ice 20mg,£4.99,,
Solo Plus Guava Ice 20mg,Solo Plus Guava Ice 20mg,£4.99,,
Solo Plus Mixed Berry 20mg,Solo Plus Mixed Berry 20mg20ml,£4.99,£2.50 per 10ml,
Solo Plus Pineapple 20mg,Solo Plus Pineapple 20mg,£4.99,,
Solo Plus Pink Lemonade 20mg,Solo Plus Pink Lemonade 20mg,£4.99,,
Soloplus Rainbow Candy 20mg,Soloplus Rainbow Candy 20mg20ml,£4.99,£2.50 per 10ml,
Solo Plus Strawberry Watermelon 20mg,Solo Plus Strawberry Watermelon 20mg,£4.99,,
Sol Original Beer Bottles,Sol Original Beer Bottles12 x 330ml,£10,£2.53 per litre,
Sorso Pinot Grigio           ,Sorso Pinot Grigio           75cl,£4.99,£4.99 per 75cl,
Sorso Prosecco Spumante ,Sorso Prosecco Spumante 75cl,£6.75,£6.75 per 75cl,"Buy 6, Save 25%"
Sourz Cherry Liqueur,Sourz Cherry Liqueur70cl,£8,£11.43 per litre,"Offer price £8, was £11"
Sourz Green Apple Liqueur,Sourz Green Apple Liqueur70cl,£8,£11.43 per litre,"Offer price £8, was £11"
Southern Comfort Lemonade & Lime (Abv 5%),Southern Comfort Lemo…330ml,£2.15,£6.52 per litre,Buy 4 for £6
Southern Comfort Original ,Southern Comfort Original 70cl,£15,£21.43 per litre,
Southern Comfort Original ,Southern Comfort Original 1L,£28,£28.00 per litre,
Sovereign Black Cigarettes,Sovereign Black Cigarettes20 per pack,£15,75p each,
Sovereign Blue King Size Cigarettes,Sovereign Blue King Size Cigarettes20 per pack,£11.10,55.5p each,
Sovereign Dual Cigarettes,Sovereign Dual Cigarettes20 per pack,£11.95,59.8p each,
Sovereign Sky Blue Cigarettes,Sovereign Sky Blue Cigarettes20 per pack,£11.10,55.5p each,
Sovereign Superkings Blue Cigarettes,Sovereign Superkings Blue Cigarettes20 per pack,£11.10,55.5p each,
Sovereign Superkings Blue Cigarettes Multipack,Sovereign Superkings Blue Cigarettes Multipack5 x 20 per pack,£55.25,55.3p each,
Special Virginia Ready Rubbed Tobacco,Special Virginia Ready Rubbed Tobacco50g,£20.10,£40.20 per 100g,
Spitfire Gold 500ml,Spitfire Gold 500ml500ml,£2,£4.00 per litre,Buy 4 for the Price of 3
Spitfire Premium Ale Bottle,Spitfire Premium Ale Bottle500ml,£1.75,£3.50 per litre,Buy 4 for the Price of 3
Squealing Pig Chardonnay ,Squealing Pig Chardonnay 75cl,£10,£10.00 per 75cl,"Buy 6, Save 25%"
Squealing Pig Pinot Grigio Rose,Squealing Pig Pinot Grigio Rose75cl,£10,£10.00 per 75cl,"Buy 6, Save 25%"
Squealing Pig Primitivo,Squealing Pig Primitivo75cl,£8,£8.00 per 75cl,"Buy 6, Save 25%"
Squealing Pig Sauvignon Blanc ,Squealing Pig Sauvignon Blanc 75cl,£8,£8.00 per 75cl,"Buy 6, Save 25%"
Staropramen,Staropramen12 x 330ml,£11,£2.78 per litre,"Offer price £11, was £14"
Staropramen,Staropramen6 x 330ml,£6.75,£3.41 per litre,Buy 2 for £10
Staropramen Premium Czech Lager,Staropramen Premium Czech Lager660ml,£2.35,£3.56 per litre,Buy 4 for the Price of 3
St Austell Brewery Korev Cornish Lager (Abv 4.8%),St Austell Brewery Korev Cornish Lager (Abv 4.8%)500ml,£2.20,44p per 100ml,Buy 4 for the Price of 3
St Austell Brewery Proper Job Cornish Ipa,St Austell Brewery Proper Job Cornish Ipa4 x 440ml,£5.75,£3.27 per litre,
St Austell Brewery Tribute Cornish Pale Ale ,St Austell Brewery Tribute Cornish Pale Ale 4 x 500ml,£5.50,£2.06 per 75cl,
St Austell Proper Job IPA,St Austell Proper Job IPA500ml,£2.25,£3.38 per 75cl,Buy 4 for the Price of 3
St Austell Tribute,St Austell Tribute500ml,£2.25,£4.50 per litre,Buy 4 for the Price of 3
St Austell Tribute Pale Ale,St Austell Tribute Pale Ale10 x 440ml,£11.50,26.1p per 100ml,
Stella Artois Gluten Free,Stella Artois Gluten Free4 x 330ml,£5.50,£4.17 per litre,
Stella Artois Premium Lager Beer Bottle,Stella Artois Premium Lager Beer Bottle660ml,£2.50,£3.79 per litre,Buy 4 for the Price of 3
Stella Artois Premium Lager Beer Bottles,Stella Artois Premium Lager Beer Bottles20 x 284ml,£16,£2.82 per litre,
Stella Artois Premium Lager Beer Bottles ,Stella Artois Premium Lager Beer Bottles 12 x 284ml,£11,32.3p per 100ml,Buy 2 for £16
Stella Artois Premium Lager Beer Bottles,Stella Artois Premium Lager Beer Bottles18 x 284ml,£11,21.6p per 100ml,"Offer price £11, was £17"
Stella Artois Premium Lager Beer Cans,Stella Artois Premium Lager Beer Cans4 x 568ml,£5.75,£2.53 per litre,
Stella Artois Premium Lager Beer Cans,Stella Artois Premium Lager Beer Cans4 x 440ml,£4.50,£2.56 per litre,
Stella Artois Premium Lager Beer Cans,Stella Artois Premium Lager Beer Cans18 x 440ml,£15,£1.90 per litre,"Offer price £15, was £17"
Stella Artois Premium Lager Beer Cans,Stella Artois Premium Lager Beer Cans10 x 440ml,£12.50,£2.84 per litre,Buy 2 for £16
Stella Artois Premium Lager Bottles,Stella Artois Premium Lager Bottles4 x 330ml,£5.50,£4.17 per litre,
Stella Artois Unfiltered,Stella Artois Unfiltered6 x 330ml,£6.50,£3.28 per litre,Buy 2 for £10
Stella Artois Unfiltered,Stella Artois Unfiltered12 x 330ml,£11,£2.78 per litre,"Offer price £11, was £15"
Stella Artois Unfiltered,Stella Artois Unfiltered620ml,£2.25,36.3p per 100ml,Buy 4 for the Price of 3
Sterling Blue Cigarettes,Sterling Blue Cigarettes20 per pack,£13.20,66p each,
Sterling Dual Capsule Leaf Wrapped,Sterling Dual Capsule Leaf Wrapped10 per pack,£7,70p each,
Sterling Dual Capsule Leaf Wrapped ,Sterling Dual Capsule Leaf Wrapped 20 per pack,£12.40,62p each,
Sterling Dual Cigarettes,Sterling Dual Cigarettes20 per pack,£13.20,66p each,
Sterling King Size Cigarettes,Sterling King Size Cigarettes20 per pack,£13.20,66p each,
Sterling King Size Cigarettes,Sterling King Size Cigarettes5 x 20 per pack,£66,66p each,
Sterling Original 3 In 1 Includes Cigarette Papers And Filters,Sterling Original 3 In 1 Includes C…30g,£17.35,£57.83 per 100g,
Sterling Rolling Tobacco Essential,Sterling Rolling Tobacco Essential30g,£15.50,£51.67 per 100g,
Sterling Rolling Tobacco Essential,Sterling Rolling Tobacco Essential50g,£25.80,£51.60 per 100g,
Sterling Rolling Tobacco Includes Cigarette Papers ,Sterling Rolling Tobacco Includes Cigarette Papers 50g,£28.30,£56.60 per 100g,
Sterling Rolling Tobacco Includes Cigarette Papers,Sterling Rolling Tobacco Includes Cigarette Papers30g,£17.25,£57.50 per 100g,
Sterling Superkings Blue Cigarettes,Sterling Superkings Blue Cigarettes20 per pack,£13.20,66p each,
Sterling Superkings Blue Cigarettes Multipack,Sterling Superkings Blue Cigarettes Multipack5 x 20 per pack,£66,66p each,
Sterling Superkings Cigarettes,Sterling Superkings Cigarettes20 per pack,£13.20,66p each,
Sterling Superkings Green Cigarettes,Sterling Superkings Green Cigarettes20 per pack,£13.20,66p each,
Sterling Superkings Original Red Cigarettes Multipack,Sterling Superkings Original…5 x 20 per pack,£66,66p each,
St Omer Shandy Bottles,St Omer Shandy Bottles10 x 25cl,£2.25,90p per litre,"Offer price £2.25, was £2.50"
Stoneleigh Sauvignon Blanc White Wine,Stoneleigh Sauvignon Blanc White Wine75cl,£10,£10.00 per 75cl,"Buy 6, Save 25%"
Stones Bitter Cans,Stones Bitter Cans4 x 440ml,£4.25,£2.41 per litre,
Stone's Distilled Gin,Stone's Distilled Gin70cl,£18,£25.71 per litre,
Stone's Original Green Ginger Wine,Stone's Original Green Ginger Wine70cl,£5.49,£5.88 per 75cl,
Stowford Press Apple Cider,Stowford Press Apple Cider4 x 440ml,£4,£2.27 per litre,
Stowford Press Apple Cider,Stowford Press Apple Cider10 x 440ml,£9.50,£2.16 per litre,Buy 2 for £16
Stowford Press Draught Cider Bottle,Stowford Press Draught Cider Bottle500ml,£2.35,£4.70 per litre,Buy 3 for £5.50
Stowford Press Low Alcohol Apple Cider,Stowford Press Low Alcohol Apple Cider500ml,£1.80,£3.60 per litre,
St. Peter's Best Bitter,St. Peter's Best Bitter500ml,£2,40p per 100ml,
St. Peter's Farmers Flagon,St. Peter's Farmers Flagon500ml,£2,£4.00 per litre,Buy 4 for the Price of 3
St Peters Golden Ale       ,St Peters Golden Ale       500ml,£2,£4.00 per litre,Buy 4 for the Price of 3
St Peters Plum Porter (ABV 5%) ,St Peters Plum Porter (ABV 5%) 500ml,£2,£4.00 per litre,Buy 4 for the Price of 3
St Peters Without Gold Alcohol Free Beer,St Peters Without Gold Alcohol Free Beer500ml,£1.30,£2.60 per litre,Buy 4 for the Price of 3
St Remy Xo French Brandy,St Remy Xo French Brandy70cl,£23,£24.64 per 75cl,
Strongbow Dark Fruit Cider Cans,Strongbow Dark Fruit Cider Cans10 x 440ml,£10,£2.28 per litre,"Offer price £10, was £12"
Strongbow Dark Fruit Cider Cans,Strongbow Dark Fruit Cider Cans4 x 440ml,£5.50,£3.13 per litre,Buy 2 for £10
Strongbow Original Cider,Strongbow Original Cider4 x 440ml,£4.55,£2.59 per litre,
Strongbow Original Cider ,Strongbow Original Cider 18 x 440ml,£10,£1.26 per litre,
Strongbow Original Cider,Strongbow Original Cider10 x 440ml,£11.50,£2.61 per litre,Buy 2 for £16
Strongbow Original Cider 2L ,Strongbow Original Cider 2L 2L,£4,£2.00 per litre,
Strongbow Ultra Dark Fruit Cider,Strongbow Ultra Dark Fruit Cider4 x 330ml,£5.50,£4.17 per litre,
Strongbow Ultra Dark Fruit Cider ,Strongbow Ultra Dark Fruit Cider 10 x 330ml,£11,£3.33 per litre,
Studio By Miraval Rose,Studio By Miraval Rose75cl,£10,£10.00 per 75cl,"Buy 6, Save 25%"
Super Bock ,Super Bock 660ml,£2.50,£3.79 per litre,Buy 4 for the Price of 3
Superkings Bright Cigarettes,Superkings Bright Cigarettes20 per pack,£15.15,75.8p each,
Superkings Bright Cigarettes Multipack,Superkings Bright Cigarettes Multipack5 x 20 per pack,£75.75,75.8p each,
Superkings Original Black Cigarettes,Superkings Original Black Cigarettes20 per pack,£15.15,75.8p each,
Superkings Original Black Cigarettes Multipack,Superkings Original Black Cigarettes Multipack10 x 20 per pack,£151.50,75.8p each,
Superkings Original Black Cigarettes Multipack,Superkings Original Black Cigarettes Multipack5 x 20 per pack,£75.75,75.8p each,
Swan Crushball Fresh Extra Slim Burst 54 Filter Tips,Swan Crushball Fresh Extra Sl…,£1.30,,
Swan Extra Slim Filter Tips,Swan Extra Slim Filter Tips120 per pack,£1.25,1p each,
Swan Gas Refill,Swan Gas Refill200ml,£1.75,87.5p per 100ml,
Swan Menthol Extra Slim Tips ,Swan Menthol Extra Slim Tips 120 per pack,£1.45,1.2p each,
Swan Refillable Lighter,Swan Refillable Lighter,£1.75,,
Swan Slimline Filter Tips,Swan Slimline Filter Tips165 per pack,£1.55,0.9p each,
Swan Slimline Filter Tips,Swan Slimline Filter Tips102 per pack,£1.45,1.4p each,
Swan Ultra Slim Filters,Swan Ultra Slim Filters126 per pack,£1.55,1.2p each,
Sxollie Cripps Pink Medium Cider ,Sxollie Cripps Pink Medium Cider 500ml,£2.30,£4.60 per litre,Buy 3 for £5.50
Sxollie Golden Delicious Apple Cider ,Sxollie Golden Delicious Apple Cider 500ml,£2.30,£4.60 per litre,Buy 3 for £5.50
Sxollie Granny Smith Apple Cider,Sxollie Granny Smith Apple Cider500ml,£2.30,£4.60 per litre,Buy 3 for £5.50
Symonds Scrumpy Jack Premium British Cider Cans,Symonds Scrumpy Jack Prem…4 x 440ml,£4.65,£2.64 per litre,
Tails Cocktails Espresso Martini Cocktail ,Tails Cocktails Espresso Martini Cocktail 500ml,£10,£20.00 per litre,"Offer price £10, was £15"
Tails Cocktails Passion Fruit Martini Cocktail ,Tails Cocktails Passion Fruit Martini Cocktail 500ml,£10,£20.00 per litre,"Offer price £10, was £15"
Tails Cocktails Whisky Sour ,Tails Cocktails Whisky Sour 500ml,£10,£20.00 per litre,"Offer price £10, was £15"
Taittinger Brut Reserve NV,Taittinger Brut Reserve NV75cl,£34,£34.00 per 75cl,
Talisker Skye Single Malt Scotch Whisky ,Talisker Skye Single Malt Scotch Whisky 70cl,£25,£35.72 per litre,"Offer price £25, was £44"
Tamnavulin Malt Whisky    ,Tamnavulin Malt Whisky    70cl,£33,£47.14 per litre,
Tamnavulin Pinot Noir Cask Single Malt Scotch Whisky ,Tamnavulin Pinot Noir Cask Si…70cl,£23,£32.86 per litre,"Offer price £23, was £33"
Tamnavulin Sherry Cask Single Malt Scotch Whisky ,Tamnavulin Sherry Cask Single Malt Scotch Whisky 70cl,£33,£47.14 per litre,
Tanqueray Alcohol Free 0.0,Tanqueray Alcohol Free 0.070cl,£17.50,£25.00 per litre,
Tanqueray Blackcurrant Royale,Tanqueray Blackcurrant Royale70cl,£27,£38.57 per litre,
Tanqueray Gin ,Tanqueray Gin 1L,£21,£21.00 per litre,Save £1 Off Your Next Shop
Tanqueray London Dry Gin & Tonic ,Tanqueray London Dry Gin & Tonic 250ml,£2.50,£10.00 per litre,Buy 4 for £6
Tanqueray London Dry Gin Export Strength,Tanqueray London Dry Gin Export Strength70cl,£20.50,£29.29 per litre,
Tanqueray Sevilla (Abv 41.3%),Tanqueray Sevilla (Abv 41.3%)70cl,£27,£38.57 per litre,
Tanqueray Sevilla Gin & Tonic,Tanqueray Sevilla Gin & Tonic250ml,£2.50,£10.00 per litre,Buy 4 for £6
Tarquin's Cornish Dry Gin ,Tarquin's Cornish Dry Gin 50cl,£27,£54.00 per litre,
Taylor's 10 Year Old Tawny,Taylor's 10 Year Old Tawny75cl,£18,£18.00 per 75cl,"Offer price £18, was £23"
Taylor's Knowle Spring Blonde (ABV 4.2%),Taylor's Knowle Spring Blonde (ABV 4.2%)500ml,£2.50,£5.00 per litre,Buy 4 for the Price of 3
Taylor's Late Bottled Vintage Port,Taylor's Late Bottled Vintage Port75cl,£10,£10.00 per 75cl,
Ten Motives Menthol Refill,Ten Motives Menthol Refill4 per pack,£8.50,£2.13 each,
Ten Motives Rechargeable Electronic Cigarette,Ten Motives Rechargeable Electronic Cigarette,£10.70,,
Ten Motives Regular Refill,Ten Motives Regular Refill4 per pack,£8.50,£2.13 each,
Tennent's Zero ,Tennent's Zero 4 x 440ml,£3.75,£2.13 per litre,
Te Pa Signature Series Sauvignon Blanc,Te Pa Signature Series Sauvignon Blanc75cl,£7.50,£7.50 per 75cl,"Buy 6, Save 25%"
Tequila Rose Strawberry Cream,Tequila Rose Strawberry Cream50cl,£13,£26.00 per litre,
Terramare Pinot Grigio,Terramare Pinot Grigio75cl,£5.25,£5.25 per 75cl,
Terranto Amaretto,Terranto Amaretto50cl,£6.75,£13.50 per litre,
Tetley's Smooth Ale Beer,Tetley's Smooth Ale Beer12 x 440ml,£11,£2.08 per litre,
Thatchers Gold,Thatchers Gold500ml,£2.35,£4.70 per litre,Buy 3 for £5.50
Thatchers Gold,Thatchers Gold10 x 440ml,£9.50,£2.16 per litre,
Thatchers Gold   Cider 4.8%       ,Thatchers Gold   Cider 4.8%       4 x 440ml,£5.50,£3.13 per litre,Buy 2 for £10
Thatchers Haze Cloudy Somerset Cider (Abv 4.5%),Thatchers Haze Cloudy Somerset Cider (Abv 4.5%)10 x 440ml,£10,£2.27 per litre,
Thatchers Katy,Thatchers Katy500ml,£2.35,£4.70 per litre,Buy 3 for £5.50
Thatchers Old Rascal,Thatchers Old Rascal500ml,£2.35,£4.70 per litre,Buy 3 for £5.50
Thatchers Somerset Haze    ,Thatchers Somerset Haze    4 x 440ml,£5.50,£3.13 per litre,Buy 2 for £10
Thatchers Somerset Haze ,Thatchers Somerset Haze 500ml,£2.35,£4.70 per litre,Buy 3 for £5.50
Thatchers Vintage Cider,Thatchers Vintage Cider500ml,£2.35,£4.70 per litre,Buy 3 for £5.50
Theakston Best Bitter,Theakston Best Bitter4 x 440ml,£4.75,£2.70 per litre,
Theakston Old Peculier,Theakston Old Peculier500ml,£2.25,£4.50 per litre,Buy 4 for the Price of 3
Theakston Old Peculier Ale,Theakston Old Peculier Ale4 x 440ml,£5.50,31.3p per 100ml,
Theakston Pale Ale,Theakston Pale Ale500ml,£2,£4.00 per litre,Buy 4 for the Price of 3
Theakstons Lightfoot Bitter Bottle,Theakstons Lightfoot Bitter Bottle500ml,£2,£4.00 per litre,Buy 4 for the Price of 3
Theakstons XB,Theakstons XB500ml,£2,£4.00 per litre,Buy 4 for the Price of 3
The Ardmore Single Malt Scotch Whisky,The Ardmore Single Malt Scotch Whisky70cl,£20,£28.57 per litre,"Offer price £20, was £31"
The Bushmills Original Irish Whiskey ,The Bushmills Original Irish Whiskey 70cl,£17,£24.29 per litre,
The Duppy Share Caribbean Rum ,The Duppy Share Caribbean Rum 70cl,£20,£28.57 per litre,"Offer price £20, was £26"
The Famous Grouse Blended Scotch Whisky ,The Famous Grouse Blended Scotch Whisky 35cl,£9,£25.71 per litre,"Offer price £9, was £9.50"
The Famous Grouse Finest Blended Scotch Whisky,The Famous Grouse Finest Blended Scotch Whisky70cl,£17,£24.29 per litre,
The Famous Grouse Finest Blended Scotch Whisky,The Famous Grouse Finest Blended Scotch Whisky1L,£17,£17.00 per litre,
The Famous Grouse Smoky Black Blended Scotch Whisky ,The Famous Grouse Smoky Black…70cl,£20.50,£29.29 per litre,
The Glenlivet 12 Year Old Single Malt Scotch Whisky,The Glenlivet 12 Year Old Single Malt Scotch Whisky70cl,£40,£57.14 per litre,
The Glenlivet Caribbean Reserve Single Malt Scotch Whisky ,The Glenlivet Caribbean Reserve S…70cl,£26,£37.14 per litre,"Offer price £26, was £37"
The Glenlivet Founder's Reserve Single Malt Scotch Whisky ,The Glenlivet Founder's Reserve S…70cl,£25,£35.72 per litre,"Offer price £25, was £33.50"
The Glen Stag Blended Scotch Whisky,The Glen Stag Blended Scotch Whisky1L,£17.79,£17.79 per litre,
The Horologist Sauvignon Blanc,The Horologist Sauvignon Blanc75cl,£9.50,£9.50 per 75cl,"Buy 6, Save 25%"
The Ice Co Super Cubes,The Ice Co Super Cubes1kg,£1.15,£1.15 per kg,"Offer price £1.15, was £1.25"
The Kraken Roast Coffee Rum,The Kraken Roast Coffee Rum70cl,£20,£28.58 per litre,"Offer price £20, was £24"
The London Essence Co. Indian Tonic Water 6X150Ml Cans,The London Essence Co. Indian T…6 x 150ml,£2.50,27.8p per 100ml,
The Ned Sauvignon Blanc ,The Ned Sauvignon Blanc 75cl,£10,£10.00 per 75cl,"Buy 6, Save 25%"
The Pale Rose ,The Pale Rose 75cl,£14,£14.00 per 75cl,"Buy 6, Save 25%"
The Shy Pig Blush,The Shy Pig Blush75cl,£5.25,£5.25 per 75cl,
The Shy Pig Crisp White      ,The Shy Pig Crisp White      75cl,£5.25,£5.25 per 75cl,
The Shy Pig Red                   ,The Shy Pig Red                   75cl,£5.25,£5.25 per 75cl,
The Signal Post Chenin Blanc,The Signal Post Chenin Blanc75cl,£7.25,£7.25 per 75cl,Buy 2 for £10
The Signal Post Shiraz,The Signal Post Shiraz75cl,£7.25,£7.25 per 75cl,Buy 2 for £10
The Singleton Single Malt Whisky Malt Masters Selection (Abv 40%),The Singleton Single Malt Whisky Malt…70cl,£22,£31.43 per litre,"Offer price £22, was £33"
The Wanderer Malbec ,The Wanderer Malbec 75cl,£12,£12.00 per 75cl,"Buy 6, Save 25%"
The Wanted Chardonnay,The Wanted Chardonnay75cl,£7,£7.00 per 75cl,"Buy 6, Save 25%"
The Wanted Zin Zinfandel,The Wanted Zin Zinfandel75cl,£8,£8.00 per 75cl,"Buy 6, Save 25%"
The Woodsman Blended Scotch Whisky ,The Woodsman Blended Scotch Whisky 70cl,£18,£25.71 per litre,"Offer price £18, was £28"
The Workshop Wine Company Shiraz  ,The Workshop Wine Company Shiraz  75cl,£4.99,£4.99 per 75cl,
Thirsty Farmer Premium Nottinghamshire Cider ,Thirsty Farmer Premium Nottinghamshire Cider 500ml,£2.25,£4.50 per litre,Buy 3 for £5.50
Thornbridge Cocoa Wonderland ,Thornbridge Cocoa Wonderland 330ml,£2,£6.06 per litre,Buy 4 for the Price of 3
Thornbridge Ddh Jaipur Ddh Ipa ,Thornbridge Ddh Jaipur Ddh Ipa 440ml,£3,£6.82 per litre,Buy 4 for the Price of 3
Thornbridge Jaipur India Pale Ale ,Thornbridge Jaipur India Pale Ale 4 x 330ml,£6,£4.55 per litre,Buy 2 for £10
Three Barrels Brandy,Three Barrels Brandy1L,£24.50,£24.50 per litre,
Three Barrels Rare Brandy ,Three Barrels Rare Brandy 70cl,£14,£20.00 per litre,"Offer price £14, was £18.50"
Three Fold Hard Seltzer Citrus (Abv 4%),Three Fold Hard Seltzer Citrus (Abv 4%)330ml,£2,£6.06 per litre,Buy 4 for £6
Three Fold Hard Seltzer Red Berries (Abv 4%),Three Fold Hard Seltzer Red Berries (Abv 4%)330ml,£2,£6.06 per litre,Buy 4 for £6
Three Fold Hard Seltzer Tropical  (Abv 4%),Three Fold Hard Seltzer Tropical  (Abv 4%)330ml,£2,£6.06 per litre,Buy 4 for £6
Tia Maria,Tia Maria70cl,£12,£17.14 per litre,"Offer price £12, was £15"
Tia Maria Liqueur ,Tia Maria Liqueur 1L,£20,£20.00 per litre,
Tiger Asian Lager Beer Bottle,Tiger Asian Lager Beer Bottle640ml,£2.50,£3.91 per litre,Buy 4 for the Price of 3
Timothy Taylor's Boltmaker,Timothy Taylor's Boltmaker500ml,£2.50,£5.00 per litre,Buy 4 for the Price of 3
Timothy Taylor's Landlord Dark,Timothy Taylor's Landlord Dark500ml,£2.50,£5.00 per litre,Buy 4 for the Price of 3
Timothy Taylor's Landlord Strong Pale Ale Bottle,Timothy Taylor's Landlord Strong Pale Ale Bottle500ml,£2.50,£5.00 per litre,Buy 4 for the Price of 3
Tiny Rebel 505 Special,Tiny Rebel 505 Special440ml,£4.50,£1.02 per 100ml,Buy 4 for the Price of 3
Tiny Rebel Electric Boogaloo Passionfruit Lil Neipa,Tiny Rebel Electric Boogaloo…4 x 330ml,£6,45.4p per 100ml,"Offer price £6, was £7"
Tiny Rebel Equalizer IPA,Tiny Rebel Equalizer IPA440ml,£3.50,79.5p per 100ml,Buy 4 for the Price of 3
Titanic Dark Strong Plum Porter (Abv 4.9%),Titanic Dark Strong Plum Porter (Abv 4.9%)500ml,£2,£4.00 per litre,Buy 4 for the Price of 3
Torres Vina Sol,Torres Vina Sol75cl,£6.50,£6.50 per 75cl,"Buy 6, Save 25%"
Tower Brewery Burton Strong Ale,Tower Brewery Burton Strong Ale500ml,£2.25,£4.50 per litre,Buy 4 for the Price of 3
Translations Shiraz,Translations Shiraz75cl,£4.99,£4.99 per 75cl,
Tripel Karmeliet,Tripel Karmeliet750ml,£5.50,£7.33 per litre,
Trivento Golden Reserve Malbec,Trivento Golden Reserve Malbec75cl,£14,£14.00 per 75cl,"Buy 6, Save 25%"
Trivento Private Reserve Malbec,Trivento Private Reserve Malbec75cl,£8,£8.00 per 75cl,"Buy 6, Save 25%"
Trivento Reserve Malbec           ,Trivento Reserve Malbec           75cl,£7,£7.00 per 75cl,"Buy 6, Save 25%"
Trivento Reserve Malbec ,Trivento Reserve Malbec 187ml,£2.50,£10.03 per 75cl,Buy 4 for the Price of 3
Trivento Rose ,Trivento Rose 75cl,£8,£10.67 per litre,"Buy 6, Save 25%"
Trivento White Malbec,Trivento White Malbec75cl,£7,£9.33 per litre,"Buy 6, Save 25%"
Trooper Ipa,Trooper Ipa500ml,£2,£4.00 per litre,Buy 4 for the Price of 3
Tullamore Dew Irish Whiskey,Tullamore Dew Irish Whiskey70cl,£20.50,£29.29 per litre,
Tullibardine Sovereign Single Malt Scotch Whisky ,Tullibardine Sovereign Single Malt Scotch Whisky 70cl,£37,£52.86 per litre,
Twin Fin Spiced Golden Rum,Twin Fin Spiced Golden Rum700ml,£27,£38.57 per litre,
Two Hoots Golden Ale  ,Two Hoots Golden Ale  500ml,£2,£4.00 per litre,Buy 4 for the Price of 3
Tyskie (Abv 5%),Tyskie (Abv 5%)500ml,£2,40p per 100ml,Buy 4 for the Price of 3
Tyskie (Abv 5%),Tyskie (Abv 5%)4 x 500ml,£6,£3.00 per litre,
Unicorn Premium Ale ,Unicorn Premium Ale 500ml,£1.75,£3.50 per litre,Buy 4 for the Price of 3
Vampire Vape All Day Grape 12mg,Vampire Vape All Day Grape 12mg10ml,£3.99,£3.99 per 10ml,
Vampire Vape All Day Grape 6mg,Vampire Vape All Day Grape 6mg10ml,£3.99,£3.99 per 10ml,
Vampire Vape Black Jack 12mg,Vampire Vape Black Jack 12mg10ml,£3.99,£3.99 per 10ml,
Vampire Vape Black Jack 6mg,Vampire Vape Black Jack 6mg10ml,£3.99,£3.99 per 10ml,
Vampire Vape Cola 12mg,Vampire Vape Cola 12mg10ml,£3.99,£3.99 per 10ml,
Vampire Vape Cola 6mg,Vampire Vape Cola 6mg10ml,£3.99,£3.99 per 10ml,
Vampire Vape Heisenberg 12mg,Vampire Vape Heisenberg 12mg10ml,£3.99,£3.99 per 10ml,
Vampire Vape Heisenberg 6mg,Vampire Vape Heisenberg 6mg10ml,£3.99,£3.99 per 10ml,
Vampire Vape Ice Menthol 12mg,Vampire Vape Ice Menthol 12mg10ml,£3.99,£3.99 per 10ml,
Vampire Vape Ice Menthol 6mg,Vampire Vape Ice Menthol 6mg10ml,£3.99,£3.99 per 10ml,
Vampire Vape Pinkman 12mg,Vampire Vape Pinkman 12mg10ml,£3.99,£3.99 per 10ml,
Vampire Vape Pinkman 6mg,Vampire Vape Pinkman 6mg10ml,£3.99,£3.99 per 10ml,
Vampire Vape Strawberry Burst 12mg,Vampire Vape Strawberry Burst 12mg10ml,£3.99,£3.99 per 10ml,
Vampire Vape Strawberry Burst 6mg,Vampire Vape Strawberry Burst 6mg10ml,£3.99,£3.99 per 10ml,
Vampire Vape Sweet Tobacco 6mg,Vampire Vape Sweet Tobacco 6mg,£3.99,,
Vapecom Blueberry Sour Raspberry 10mg,Vapecom Blueberry Sour Raspberry 10mg,£3.50,,
Vapecom Blueberry Sour Raspberry 20mg,Vapecom Blueberry Sour Raspberry 20mg,£3.50,,
Vapecom Kiwi Guava Passion Fruit 10mg,Vapecom Kiwi Guava Passion Fruit 10mg,£3.50,,
Vapecom Kiwi Guava Passion Fruit 20mg,Vapecom Kiwi Guava Passion Fruit 20mg,£3.50,,
Vapecom Peach Ice 10mg,Vapecom Peach Ice 10mg,£3.50,,
Vapecom Peach Ice 20mg,Vapecom Peach Ice 20mg,£3.50,,
Vapecom Pineapple Peach Mango 10mg,Vapecom Pineapple Peach Mango 10mg,£3.50,,
Vapecom Pineapple Peach Mango 20MG,Vapecom Pineapple Peach Mango 20MG,£3.50,,
Vapecom Strawberry Ice Cream 10mg,Vapecom Strawberry Ice Cream 10mg,£3.50,,
Vapecom Strawberry Ice Cream 20mg,Vapecom Strawberry Ice Cream 20mg,£3.50,,
Vapes Bars Ghost Blueberry Nrg 20mg,Vapes Bars Ghost Blueberry Nrg 20mg,£6,,
Vapes Bars Ghost Cinnamon Fireball Candy 20mg,Vapes Bars Ghost Cinnamon…,£6,,
Vapes Bars Ghost Cola Ice 20mg,Vapes Bars Ghost Cola Ice 20mg,£6,,
Vapes Bars Ghost Glacier Mint 20mg,Vapes Bars Ghost Glacier Mint 20mg,£6,,
Vapes Bars Ghost Grape Berries 20mg,Vapes Bars Ghost Grape Berries 20mg,£6,,
Vapes Bars Ghost Rainbow 20mg,Vapes Bars Ghost Rainbow 20mg,£6,,
Vapes Bars Ghost Raspberry Grapefruit Orange 20mg,Vapes Bars Ghost Raspberry…,£6,,
Vapes Bars Ghost Strawberry Lime 20mg,Vapes Bars Ghost Strawberry Lime 20mg,£6,,
Vapes Bars Ghost Watermelon Ice 20mg,Vapes Bars Ghost Watermelon Ice 20mg,£6,,
Vault City Dark Fruits Sour Beer,Vault City Dark Fruits Sour Beer440ml,£3.50,79.5p per 100ml,Buy 4 for the Price of 3
Vault City Peach & Passion Fruit Bellini Sour Beer,Vault City Peach & Passion…440ml,£3.50,79.5p per 100ml,Buy 4 for the Price of 3
Velo Freeze 11MG Pouch,Velo Freeze 11MG Pouch,£5.50,,
Velo Ice Cool Nicotine Pouches 10mg,Velo Ice Cool Nicotine Pouches 10mg20 per pack,£5.50,27.5p each,
Velo Polar Mint Nicotine Pouches 6mg,Velo Polar Mint Nicotine Pouches 6mg20 per pack,£5.50,27.5p each,
Veluti Pinot Grigio,Veluti Pinot Grigio75cl,£6.25,£6.25 per 75cl,Buy 2 for £10
Veuve Clicquot Champagne Vintage,Veuve Clicquot Champagne Vintage75cl,£64,£64.00 per 75cl,
Veuve Clicquot Yellow Label,Veuve Clicquot Yellow Label75cl,£49,£49.00 per 75cl,
Veuve Devanlay Champagne Brut,Veuve Devanlay Champagne Brut75cl,£22,£22.00 per 75cl,
Villa Cardea Sambuca ,Villa Cardea Sambuca 70cl,£17.50,£25.00 per litre,
Villa Maria Blush Sauvignon ,Villa Maria Blush Sauvignon 75cl,£8,£8.00 per 75cl,"Buy 6, Save 25%"
Villa Maria Private Bin Pinot Noir ,Villa Maria Private Bin Pinot Noir 75cl,£11,£11.00 per 75cl,"Buy 6, Save 25%"
Villa Maria Private Bin Sauvignon Blanc,Villa Maria Private Bin Sauvignon Blanc75cl,£10.50,£10.50 per 75cl,"Buy 6, Save 25%"
Villa Maria Sauvignon Blanc Cellar Selection,Villa Maria Sauvignon Blanc Cellar Selection75cl,£9,£12.00 per litre,"Buy 6, Save 25%"
Villigers Havana Seed Export Cigars  ,Villigers Havana Seed Export Cigars  5 per pack,£17.75,£3.55 each,
Villigers Rio 6 Pressed Cigars  ,Villigers Rio 6 Pressed Cigars  5 per pack,£13,£2.60 each,
Vinalba Patagonia Malbec,Vinalba Patagonia Malbec75cl,£9,£9.00 per 75cl,"Buy 6, Save 25%"
Vinus By Paul MasClairette,Vinus By Paul MasClairette75cl,£6.50,£6.50 per 75cl,"Buy 6, Save 25%"
Vinus By Paul Masmalbec,Vinus By Paul Masmalbec75cl,£7,£7.00 per 75cl,"Buy 6, Save 25%"
Vitis Nostra Pinot Noir Rose,Vitis Nostra Pinot Noir Rose75cl,£5.50,£5.50 per 75cl,"Buy 6, Save 25%"
VK Mixed Pack,VK Mixed Pack10 x 275ml,£11,£4.00 per litre,
Vocation Brewery Brew York Sweet Temptation Chocolate Caramel Stout,Vocation Brewery Brew York Sweet Tempta…440ml,£2.75,£6.25 per litre,Buy 4 for the Price of 3
Vocation Brewery Life & Death Ipa ,Vocation Brewery Life & Death Ipa 4 x 330ml,£6.50,£4.92 per litre,
Vocation Hop  Skip & Juice,Vocation Hop  Skip & Juice4 x 330ml,£6.50,£4.92 per litre,
Vocation Life & Death Ipa ,Vocation Life & Death Ipa 440ml,£3.50,£7.95 per litre,Buy 4 for the Price of 3
Vocation Smash & Grab Double Ipa,Vocation Smash & Grab Double Ipa440ml,£4,£9.09 per litre,Buy 4 for the Price of 3
Vogue Bleue Cigarettes,Vogue Bleue Cigarettes20 per pack,£15.90,79.5p each,
Vogue Compact Bleue Cigarettes,Vogue Compact Bleue Cigarettes20 per pack,£15.90,79.5p each,
Vuse E Pen Graphite Black Device Kit,Vuse E Pen Graphite Black Device Kit,£6.99,,
Vuse E Pod 2 Graphite Device Kit ,Vuse E Pod 2 Graphite Device Kit ,£4.99,,
Vuse ePods vPo Verry Berry 6MG,Vuse ePods vPo Verry Berry 6MG,£6.99,,
Vuse ePods vPro Chilled Mint 6MG,Vuse ePods vPro Chilled Mint 6MG,£6.99,,
Vuse ePods vPro Very Berry 12MG,Vuse ePods vPro Very Berry 12MG,£6.99,,
Vuse ePod vPro Tropical Mango 18MG,Vuse ePod vPro Tropical Mango 18MG,£6.99,,
Vuse Modern Disposable Blueberry Ice 20MG,Vuse Modern Disposable Blueberry Ice 20MG,£3.99,,
Vuse Modern Disposable Mango Ice 20MG,Vuse Modern Disposable Mango Ice 20MG,£3.99,,
Vuse Modern Disposable Mint Ice 20MG,Vuse Modern Disposable Mint Ice 20MG,£3.99,,
Vuse Modern Disposable Strawberry Ice 20MG,Vuse Modern Disposable Strawberry Ice 20MG,£3.99,,
Vuse Modern Disposable Tobacco 18MG,Vuse Modern Disposable Tobacco 18MG,£3.99,,
Vuse Modern Disposable Watermelon Ice 20MG,Vuse Modern Disposable Watermelon Ice 20MG,£3.99,,
Vuse Originals Blended Tobacco E-Liquid 18mg,Vuse Originals Blended Tobacco E-Liquid 18mg,£7.49,,
Vuse Originals Crisp Mint E-Liquid Pods 18mg,Vuse Originals Crisp Mint E-Liquid Pods 18mg,£7.49,,
Vuse Originals Dark Cherry E-Liquid Pods 18mg,Vuse Originals Dark Cherr…,£7.49,,
Vuse Originals Golden Tobacco E-Liquid Pods 18mg,Vuse Originals Golden Tobac…,£6.99,,
Vyko Paper Bar Blueberry Sour Raspberry 20MG,Vyko Paper Bar Blueberry Sour Raspberry 20MG,£5.99,,
Vyko Paper Bar Blue Menthol 20MG,Vyko Paper Bar Blue Menthol 20MG,£5.99,,
Vyko Paper Bar Grape & Ice 20MG,Vyko Paper Bar Grape & Ice 20MG,£5.99,,
Vyko Paper Bar Kiwi Passion Fruit 20MG,Vyko Paper Bar Kiwi Passion Fruit 20MG,£5.99,,
Vyko Paper Bar Pink Lemonade 20MG,Vyko Paper Bar Pink Lemonade 20MG,£5.99,,
Vyko Paper Bar Strawberry Watermelon 20MG,Vyko Paper Bar Strawb…,£5.99,,
Vype 18Mg/Ml Dark Cherry X2 E Pen 3 Cartridges,Vype 18Mg/Ml Dark Cherry…2 x 3 per pack,£6.99,£1.17 each,
Vype E Pod Starter Kit ,Vype E Pod Starter Kit ,£19.99,,
W.& J. Graham's Late Bottled Vintage Port,W.& J. Graham's Late Bottled Vintage Port750ml,£14,£14.00 per 75cl,
Wainwright Golden Ale Beer,Wainwright Golden Ale Beer500ml,£2.25,£4.50 per litre,Buy 4 for the Price of 3
Warner's Rhubarb Gin ,Warner's Rhubarb Gin 70cl,£36,£51.43 per litre,
Warnink's Advocaat,Warnink's Advocaat70cl,£11,£15.71 per litre,"Offer price £11, was £16.50"
Warsteiner Premium German Beer,Warsteiner Premium German Beer660ml,£2.50,£3.79 per litre,Buy 4 for the Price of 3
Wells & Young's Courage Directors,Wells & Young's Courage Directors500ml,£2,£4.00 per litre,Buy 4 for the Price of 3
Well's Banana Bread Beer Bottle,Well's Banana Bread Beer Bottle500ml,£2.25,£4.50 per litre,Buy 4 for the Price of 3
Westmalle Trappist Tripel ,Westmalle Trappist Tripel 330ml,£3.25,£9.85 per litre,Buy 4 for the Price of 3
Westons Cider Old Rosie ,Westons Cider Old Rosie 2L,£5.35,£2.68 per litre,
Wharf Bank Tether Blond Pale Ale ,Wharf Bank Tether Blond Pale Ale 500ml,£2,£4.00 per litre,Buy 4 for the Price of 3
Whitley Neill Cut Gin,Whitley Neill Cut Gin70cl,£22,£31.43 per litre,
Whitley Neill Handcrafted Dry Gin Raspberry Gin (Abv 43%),Whitley Neill Handcrafted Dry Gin…70cl,£28,£40.00 per litre,
Whitley Neill Handcrafted Gin Blood Orange Gin (Abv 43%),Whitley Neill Handcrafted Gin B…70cl,£28,£40.00 per litre,
Whitley Neill HandCrafted Mango & Lime Gin ,Whitley Neill HandCrafted Mango & Lime Gin 70cl,£28,£40.00 per litre,
Whitley Neill HandCrafted Parma Violet Gin ,Whitley Neill HandCrafted Parma Violet Gin 70cl,£28,£30.00 per 75cl,
Whitley Neill Oriental Spiced Gin,Whitley Neill Oriental Spiced Gin70cl,£28,£40.00 per litre,
Whitley Neill Peach Gin ,Whitley Neill Peach Gin 70cl,£28,£30.00 per 75cl,
Whitley Neill Pineapple Gin,Whitley Neill Pineapple Gin70cl,£28,£40.00 per litre,
Whitley Neill Rhubarb & Ginger Gin,Whitley Neill Rhubarb & Ginger Gin70cl,£22,£31.43 per litre,
Whitstable Bay Organic Ale,Whitstable Bay Organic Ale500ml,£2,£4.00 per litre,Buy 4 for the Price of 3
Whitstable Bay Pale Ale,Whitstable Bay Pale Ale4 x 440ml,£4.75,£2.70 per litre,
Whyte & Mackay Blended Scotch Whisky,Whyte & Mackay Blended Scotch Whisky70cl,£14,£20.00 per litre,"Offer price £14, was £15"
Whyte & Mackay Blended Scotch Whisky ,Whyte & Mackay Blended Scotch Whisky 1L,£17,£17.00 per litre,
Wilde Child Opaque Reality Milkshake Ipa ,Wilde Child Opaque Reality Milkshake Ipa 440ml,£3,£6.82 per litre,Buy 4 for the Price of 3
Wilde Child Shoot To Thrill Southern Hemisphere Ipa,Wilde Child Shoot To Thrill Southern Hemisphere Ipa440ml,£3.50,£7.95 per litre,Buy 4 for the Price of 3
Windsor Blue Bright Superkings Cigarettes,Windsor Blue Bright Superkings Cigarettes20 per pack,£12.65,63.3p each,
Windsor Blue Green Filter Superkings Cigarettes,Windsor Blue Green Filter Superkings Cigarettes20 per pack,£12.65,63.3p each,
Windsor Blue Green Filter Superkings Cigarettes Multipack,Windsor Blue Green Filter Superki…5 x 20 per pack,£63,63p each,
Windsor Blue J P S Superkings Real Blue Cigarettes,Windsor Blue J P S Superkin…10 x 20 per pack,£116.30,58.2p each,
Windsor Blue Real Blue Cigarettes,Windsor Blue Real Blue Cigarettes20 per pack,£12.65,63.3p each,
Windsor Blue Real Blue Superkings Cigarettes,Windsor Blue Real Blue Superkings Cigarettes20 per pack,£12.65,63.3p each,
Windsor Blue Real Blue Superkings Cigarettes Multipack,Windsor Blue Real Blue Superkin…5 x 20 per pack,£63,63p each,
Windsor Blue Superkings Cigarettes Multipack,Windsor Blue Superkings Cigarettes Multipack5 x 20 per pack,£63,63p each,
Wise Wolf Cabernet Sauvignon,Wise Wolf Cabernet Sauvignon75cl,£9,£9.00 per 75cl,"Buy 6, Save 25%"
Wise Wolf Chardonnay,Wise Wolf Chardonnay75cl,£8,£8.00 per 75cl,"Buy 6, Save 25%"
WKD Berry Blast,WKD Berry Blast700ml,£3.30,£4.71 per litre,Buy 2 for £6
WKD Blue Alcoholic Ready to Drink,WKD Blue Alcoholic Ready to Drink70cl,£3.30,£4.71 per litre,Buy 2 for £6
WKD Blue Alcoholic Ready to Drink Multipack,WKD Blue Alcoholic Ready to Drink Multipack4 x 275ml,£4.50,£4.10 per litre,"Offer price £4.50, was £5"
WKD Blue Alcoholic Ready to Drink Multipack,WKD Blue Alcoholic Ready to Drink Multipack10 x 275ml,£10.50,£3.82 per litre,"Offer price £10.50, was £12"
WKD Blue Lagoon,WKD Blue Lagoon700ml,£4,£5.71 per litre,"Offer price £4, was £5"
Wkd Iron Brew ,Wkd Iron Brew 700ml,£3.30,£4.71 per litre,Buy 2 for £6
WKD Mixed Alcoholic Ready to Drink Multipack,WKD Mixed Alcoholic Ready to Drink Multipack10 x 275ml,£12,£4.36 per litre,
WKD Tropical Sunrise,WKD Tropical Sunrise700ml,£4,£5.71 per litre,"Offer price £4, was £5"
Wm Morrison Palo Cortado ,Wm Morrison Palo Cortado 37.5cl,£5.50,£11.00 per 75cl,"Offer price £5.50, was £6.50"
Wolf Blass House Of The Dragon Cabernet Shiraz,Wolf Blass House Of The Dragon Cabernet Shiraz75cl,£14,£14.00 per 75cl,"Buy 6, Save 25%"
Wolf Blass Red Label Chardonnay Semillon,Wolf Blass Red Label Chardonnay Semillon75cl,£7.25,£7.25 per 75cl,"Buy 6, Save 25%"
Wolf Blass Red Label Shiraz Cabernet,Wolf Blass Red Label Shiraz Cabernet75cl,£7.25,£7.25 per 75cl,"Buy 6, Save 25%"
Wolf Blass Vineyards Chardonnay,Wolf Blass Vineyards Chardonnay75cl,£6.50,£6.50 per 75cl,Buy 2 for £10
Wolf Blass Vineyards Release Shiraz ,Wolf Blass Vineyards Release Shiraz 75cl,£6.50,£6.50 per 75cl,Buy 2 for £10
Wolf Blass Yellow Label Cabernet Sauvignon,Wolf Blass Yellow Label Cabernet Sauvignon75cl,£8.50,£8.50 per 75cl,"Buy 6, Save 25%"
Wolf Blass Yellow Label Chardonnay,Wolf Blass Yellow Label Chardonnay75cl,£7.50,£7.50 per 75cl,"Buy 6, Save 25%"
Woodbine Virginia Blend Cigarettes,Woodbine Virginia Blend Cigarettes20 per pack,£15.50,77.5p each,
Woodforde's Wherry ,Woodforde's Wherry 500ml,£2.25,£4.50 per litre,Buy 4 for the Price of 3
Woodforde's Wherry Amber Ale,Woodforde's Wherry Amber Ale4 x 440ml,£5.25,29.8p per 100ml,
Woodford Reserve Bourbon Whisky   ,Woodford Reserve Bourbon Whisky   70cl,£25,£35.71 per litre,"Offer price £25, was £32"
Woods Old Navy Rum ,Woods Old Navy Rum 70cl,£25,£35.71 per litre,
Workshop Australian Red ,Workshop Australian Red 75cl,£4.79,£6.39 per litre,
Workshop Australia White,Workshop Australia White75cl,£4.79,£6.39 per litre,
Workshop Bench Blend Sauvignon Blanc,Workshop Bench Blend Sauvignon Blanc75cl,£4.99,£4.99 per 75cl,
Workshop Cabernet Sauvignon,Workshop Cabernet Sauvignon75cl,£4.99,£6.65 per litre,
Wrexham Lager ,Wrexham Lager 330ml,£2,60.6p per 100ml,Buy 4 for the Price of 3
Wychwood Brewery Dice Man Stout ,Wychwood Brewery Dice Man Stout 500ml,£2,£4.00 per litre,Buy 4 for the Price of 3
Wychwood Dry Neck (Abv 4%),Wychwood Dry Neck (Abv 4%)500ml,£1.09,£2.18 per litre,
Yealands Sauvignon Blanc Marlborough,Yealands Sauvignon Blanc Marlborough75cl,£7,93.3p per 100ml,"Buy 6, Save 25%"
Yellow Tail Chardonnay,Yellow Tail Chardonnay75cl,£6.50,£6.50 per 75cl,"Buy 6, Save 25%"
Yellow Tail Jammy Red Roo ,Yellow Tail Jammy Red Roo 75cl,£7.25,£7.25 per 75cl,"Buy 6, Save 25%"
Yellow Tail Jammy Rose Roo ,Yellow Tail Jammy Rose Roo 75cl,£6.50,£6.50 per 75cl,"Buy 6, Save 25%"
Yellow Tail Malbec  ,Yellow Tail Malbec  75cl,£6.50,£6.50 per 75cl,"Buy 6, Save 25%"
Yellow Tail Merlot ,Yellow Tail Merlot 75cl,£7.25,£7.25 per 75cl,"Buy 6, Save 25%"
Yellow Tail Pinot Grigio,Yellow Tail Pinot Grigio75cl,£7.25,£7.25 per 75cl,"Buy 6, Save 25%"
Yellow Tail Pinot Grigio,Yellow Tail Pinot Grigio187ml,£2.49,£13.32 per litre,Buy 4 for the Price of 3
Yellow Tail Rose ,Yellow Tail Rose 75cl,£7.25,£7.25 per 75cl,"Buy 6, Save 25%"
Yellow Tail Sauvignon Blanc,Yellow Tail Sauvignon Blanc75cl,£7.25,£7.25 per 75cl,"Buy 6, Save 25%"
Yellow Tail Shiraz           ,Yellow Tail Shiraz           75cl,£7.25,£7.25 per 75cl,"Buy 6, Save 25%"
Yellow Tail Shiraz,Yellow Tail Shiraz187ml,£2.49,£13.32 per litre,Buy 4 for the Price of 3
Yolo Banana Disposable Vape 20mg,Yolo Banana Disposable Vape 20mg,£5.99,,
Yolo Bar Banana 20mg,Yolo Bar Banana 20mg2ml,£5.99,£29.95 per 10ml,
Yolo Bar Blueberry 20mg,Yolo Bar Blueberry 20mg2ml,£5.99,£29.95 per 10ml,
Yolo Bar Blue Razz Lemonade 20mg,Yolo Bar Blue Razz Lemonade 20mg2ml,£5.99,£29.95 per 10ml,
Yolo Bar Grape Ice 20mg,Yolo Bar Grape Ice 20mg2ml,£5.99,£29.95 per 10ml,
Yolo Bar Kiwi Guava Passion Fruit 20mg,Yolo Bar Kiwi Guava Passion Fruit 20mg2ml,£5.99,£29.95 per 10ml,
Yolo Bar Lychee Ice 20mg,Yolo Bar Lychee Ice 20mg2ml,£5.99,£29.95 per 10ml,
Yolo Bar Mango Ice 20mg,Yolo Bar Mango Ice 20mg2ml,£5.99,£29.95 per 10ml,
Yolo Bar Menthol 20mg,Yolo Bar Menthol 20mg2ml,£5.99,£29.95 per 10ml,
Yolo Bar Mixed Berries 20mg,Yolo Bar Mixed Berries 20mg2ml,£5.99,£29.95 per 10ml,
Yolo Bar Pink Lemonade 20mg,Yolo Bar Pink Lemonade 20mg2ml,£5.99,£29.95 per 10ml,
Yolo Bar Strawberry Watermelon 20mg,Yolo Bar Strawberry Watermelon 20mg2ml,£5.99,£29.95 per 10ml,
Yolo Bar Watermelon Ice 20mg,Yolo Bar Watermelon Ice 20mg2ml,£5.99,£29.95 per 10ml,
Yolo Blueberry Disposable Vape 20mg,Yolo Blueberry Disposable Vape 20mg,£5.99,,
Yolo Grape Ice Disposable Vape 20mg,Yolo Grape Ice Disposable Vape 20mg,£5.99,,
Yolo Lychee Ice Disposable Vape 20mg,Yolo Lychee Ice Disposable Vape 20mg,£5.99,,
Yolo Mango Ice Disposable Vape 20mg,Yolo Mango Ice Disposable Vape 20mg,£5.99,,
Yolo Menthol Ice 20Mg,Yolo Menthol Ice 20Mg,£5.99,,
Yolo Mixed Berries Disposable Vape 20mg,Yolo Mixed Berries Disposable Vape 20mg,£5.99,,
Yolo Watermelon Ice Disposable Vape 20mg,Yolo Watermelon Ice Disposable Vape 20mg,£5.99,,
Zalze Bush Vine Chenin Blanc     ,Zalze Bush Vine Chenin Blanc     75cl,£7.25,£7.25 per 75cl,"Buy 6, Save 25%"
Zarper Malbec Gran Reserva,Zarper Malbec Gran Reserva75cl,£8.50,£8.50 per 75cl,"Buy 6, Save 25%"
Zarper Sauvignon Blanc Gran Reserva,Zarper Sauvignon Blanc Gran Reserva75cl,£7,£7.00 per 75cl,"Buy 6, Save 25%"
Zig Zag Green Papers ,Zig Zag Green Papers ,£1.35,,
