name,Price Per Unit,Price Per Measure,Promotion
Kenco 8 Cappuccino Sachets,Kenco 8 Cap…118.4g,£1.75,£1.48 per 100g,
Franks Redhot Buffalo Wings Sauce,Franks Redhot Buf…148ml,£1.79,£1.21 per 100ml,
Doritos Loaded Pepperoni Pizza Tortilla Chips,Doritos Loaded Pe…180g,£1.75,97.2p per 100g,"Offer price £1.75, was £2.25"
Pure Via 100% Xylitol ,Pure Via 100% Xylitol 225g,£3.00,£1.33 per 100g,
Betty Crocker Vanilla Buttercream Style Icing,Betty Crocker Van…400g,£2.99,74.8p per 100g,Buy 2 for £5
Canderel On The Go 0 Calorie Liquid Drops,Canderel On The…55ml,£1.80,£3.27 per 100ml,
Pure Via 100% Erythritol Nature Sweet,Pure Via 100% Eryth…250g,£3.35,13.4p per 10g,
Dolmio Pasta Bake Creamy Tomato Pasta Sauce,Dolmio Pasta Ba…500g,£2.19,43.8p per 100g,Buy 2 for £3
Extra Refreshers Bubblemint Sugar Free Chewing Gum Bottle 30 Pieces,Extra Refresh…67g,£2.85,£4.25 per 100g,
Jacobs Mini Cheddars Nibblies Double Gloucester & Chive Flavour,Jacobs Mini Cheddar…115g,£1.25,£1.09 per 100g,"Offer price £1.25, was £2"
Dolmio Lasagne Red Tomato Sauce,Dolmio Lasagne…500g,£2.19,43.8p per 100g,Buy 2 for £3
Popworks Sweet Chipotle Chilli,Popworks Sweet…85g,£1.25,£1.47 per 100g,"Offer price £1.25, was £2"
Dolmio Bolognese Smooth Tomato Pasta Sauce,Dolmio Bolo…500g,£2.19,43.8p per 100g,Buy 2 for £3
Ben's Original Egg Fried Microwave Rice,Ben's Origina…250g,£1.39,55.6p per 100g,Buy 2 for £2.50
Marmite Yeast Extract,Marmite Yeast Extract250g,£3.35,£1.34 per 100g,
Jacob's Biscuits for Cheese Crackers Carton,Jacob's Biscuit…300g,£3.25,£1.08 per 100g,
Popworks Sweet & Salt Pop Crisps,Popworks Sweet…85g,£1.25,£1.47 per 100g,"Offer price £1.25, was £2"
Extra Peppermint Chewing Gum Sugar Free Multipack,Extra Pepperm…6 x 10 per pack,£3.00,5p each,
Old El Paso Crunchy Taco Shells x12,Old El Paso Crunc…156g,£1.89,£1.21 per 100g,Buy 2 for £3
Warburtons Plain Bagels,Warburtons Plain Bagels5 per pack,£1.85,37p each,
New York Bakery Co. Original Bagel Thins,New York Bakery…4 per pack,£1.29,32.3p each,
The Clay Oven Bakery Garlic & Coriander Naan Breads,The Clay Oven Baker…300g,£1.25,41.7p per 100g,
Schwartz Sausage Casserole Mix,Schwartz Sausage Casserole Mix35g,£1.09,31.1p per 10g,Buy 4 for £2.50
Pure Via Stevia Value Pack,Pure Via Stevia Value Pack370g,£5.29,£1.43 per 100g,
Old El Paso Stand N Stuff Tortilla Wrap Boats,Old El Paso Stand N Stuff…198g,£2.35,£1.19 per 100g,Buy 2 for £3
Silverspoon Halfspoon Sugar,Silverspoon Halfspoon Sugar500g,£1.85,£3.70 per kg,
Betty Crocker Chocolate Fudge Icing,Betty Crocker Cho…400g,£2.99,74.8p per 100g,Buy 2 for £5
Dolmio Bolognese Onion & Garlic Pasta Sauce,Dolmio Bolognese Onion…500g,£2.19,43.8p per 100g,Buy 2 for £3
Canderel Sugarly Value Pack,Canderel Sugarly Value Pack370g,£4.29,£1.16 per 100g,
Doritos Flame Grilled Whopper,Doritos Flame Grilled Whopper180g,£1.75,97.2p per 100g,"Offer price £1.75, was £2.25"
Doritos Triple Cheese Pizza Tortilla Chips,Doritos Triple Cheese Pizza Tortilla Chips180g,£1.75,97.2p per 100g,"Offer price £1.75, was £2.25"
Extra Peppermint Chewing Gum Sugar Free Bottle 60 Pieces,Extra Peppermint Chewing Gum Su…84g,£2.85,£3.39 per 100g,
Extra Spearmint Chewing Gum Sugar Free Bottle 60 Pieces,Extra Spearmint Chewing Gum Sug…60 per pack,£2.85,4.8p each,
Walkers Baked Crisps Variety Pack,Walkers Baked Crisps Variety Pack6 x 22g,£1.75,£1.33 per 100g,Buy 2 for £3
Aero Bubbles Milk Chocolate Medium Easter Egg,Aero Bubbles Milk Chocola…121g,£1.50,£1.24 per 100g,Save 50p Off Your Next Shop
Aero Bubbles Peppermint Mint Chocolate Sharing Pouch,Aero Bubbles Peppermint Mint…92g,£1.35,£1.47 per 100g,
Aero Bubbly Caramel Chocolate Bar Multipack,Aero Bubbly Caramel Chocolate Bar Multipack4 x 27g,£1.50,£1.39 per 100g,
Aero Dark&Milk Peppermint Chocolate Sharing Bar,Aero Dark&Milk Peppermint…90g,£1.25,£1.39 per 100g,
Aero Giant Milk,Aero Giant Milk90g,£1.25,£1.39 per 100g,
Aero Golden Honeycomb Chocolate Sharing Bar ,Aero Golden Honeycomb Chocolate Sharing Bar 90g,£1.25,£1.39 per 100g,
Aero Melts Caramel Chocolate Sharing Bag,Aero Melts Caramel Chocolate Sharing Bag86g,£1.35,£1.57 per 100g,
Aero Melts Golden Honeycomb Chocolate Sharing Bag,Aero Melts Golden Honeycomb…86g,£1.35,£1.57 per 100g,
Aero Melts Milk Chocolate Sharing Bag ,Aero Melts Milk Chocolate Sharing Bag 92g,£1.35,£1.47 per 100g,
Aero Milk Chocolate Multipack 4 Pack,Aero Milk Chocolate Multipack 4 Pack4 x 27g,£1.50,£1.39 per 100g,
Aero Peppermint,Aero Peppermint90g,£1.25,£1.39 per 100g,
Aero Peppermint Mint Chocolate Giant Easter Egg,Aero Peppermint Mint Choc…230g,£5,£2.17 per 100g,
Aero Peppermint Mint Chocolate Multipack 4 Pack,Aero Peppermint Mint Choc…4 x 27g,£1.50,£1.39 per 100g,
After Eight Dark Mint Chocolate Bitesize Sharing Pouch,After Eight Dark Mint Chocolate…107g,£1.35,£1.27 per 100g,"Offer price £1.35, was £1.60"
After Eight Dark Mint Chocolate Box ,After Eight Dark Mint Chocolate Box 300g,£3,£1.00 per 100g,
After Eight Dark Mint Chocolate Premium Easter Egg,After Eight Dark Mint Choco…400g,£8,£2.00 per 100g,
After Eight Mini Eggs ,After Eight Mini Eggs 81g,£1.25,£1.54 per 100g,
After Eight Mint Collection Box,After Eight Mint Collection Box199g,£5,£2.51 per 100g,
Ainsley Harriot Chilli Cous Cous,Ainsley Harriot Chilli Cous Cous100g,89p,£8.90 per kg,
Ainsley Harriot Morrocan Cous Cous,Ainsley Harriot Morrocan Cous Cous100g,89p,89p per 100g,
Ainsley Harriot Roast Vegetable Cous Cous,Ainsley Harriot Roast Vegetable Cous Cous100g,89p,89p per 100g,
Ainsley Harriot Spice Sensations Cous Cous,Ainsley Harriot Spice Sensations Cous Cous100g,89p,£8.90 per kg,
Ainsley Harriott Caribbean Cup Soup,Ainsley Harriott Caribbean Cup Soup69g,£1.25,£1.81 per 100g,
Ainsley Harriot Tomato Cous Cous,Ainsley Harriot Tomato Cous Cous100g,89p,£8.90 per kg,
Ainsley Harriot Wild Mushroom Cous Cous,Ainsley Harriot Wild Mushroom Cous Cous100g,89p,£8.90 per kg,
Airwaves Menthol & Eucalyptus Chewing Gum Sugar Free Multipack,Airwaves Menthol & Eucalyptus Chewi…6 x 10 per pack,£3,5p each,
Airwaves Menthol & Eucalyptus Sugar Free Chewing Gum Bottle,Airwaves Menthol & Eucalyptus Sug…46 per pack,£2.25,4.9p each,
Aleyna Sliced Green Jalapeno Peppers (480g),Aleyna Sliced Green Jalapeno Peppers (480g)240g,£1.15,47.9p per 100g,
Aleyna Sliced Red Jalapeno Peppers (480g),Aleyna Sliced Red Jalapeno Peppers (480g)240g,£1.15,47.9p per 100g,
Alfa One 100% Pure Rice Bran Oil,Alfa One 100% Pure Rice Bran Oil500ml,£2.99,59.8p per 100ml,
Al'Fez Natural Tahini ,Al'Fez Natural Tahini 160g,£2.49,£1.56 per 100g,
Allinson Plain Wholemeal Flour ,Allinson Plain Wholemeal Flour 1kg,£2.29,£2.29 per kg,
Allinson's Dried Active Yeast Tin,Allinson's Dried Active Yeast Tin125g,£1.20,96p per 100g,
Allinson's Easy Bake Yeast Tin,Allinson's Easy Bake Yeast Tin100g,£1.49,£1.49 per 100g,
Allinson's Self-Raising Wholemeal Flour,Allinson's Self-Raising Wholemeal Flour1kg,£2.29,£2.29 per kg,
Allinson's Strong White Bread Flour,Allinson's Strong White Bread Flour1.5kg,£2.69,£1.79 per kg,
Allinson's Strong White Bread Flour,Allinson's Strong White Bread Flour1kg,£1.69,16.9p per 100g,
Allinson Strong White Flour,Allinson Strong White Flour3kg,£3.79,£1.26 per kg,
Allinson's Very Strong White Bread Flour,Allinson's Very Strong White Bread Flour1kg,£1.79,17.9p per 100g,
Allinson's Very Strong Wholemeal Bread Flour,Allinson's Very Strong Wholemeal Bread Flour1kg,£1.89,18.9p per 100g,
Allinson's White Very Strong Bread Flour,Allinson's White Very Strong Bread Flour1.5kg,£2.69,£1.79 per kg,
Allinson's Yeast Time Saver,Allinson's Yeast Time Saver2 x 11g,55p,£2.50 per 100g,
Alpen Cereal Bars Strawberry & Yoghurt,Alpen Cereal Bars Strawberry & Yoghurt5 x 29g,£1,69p per 100g,"Offer price £1, was £2"
Alpen Light Cereal Bars Chocolate & Fudge ,Alpen Light Cereal Bars Chocolate & Fudge 5 x 19g,£1,£1.06 per 100g,"Offer price £1, was £2"
Alpen Light Cereal Bars Jaffa Cake,Alpen Light Cereal Bars Jaffa Cake5 x 19g,£1,£1.06 per 100g,"Offer price £1, was £2"
Alpen Light White Chocolate Raspberry & Shortcake Cereal Bars,Alpen Light White Chocolate Raspber…5 x 19g,£1,£1.06 per 100g,"Offer price £1, was £2"
Alpen Muesli Chocolate,Alpen Muesli Chocolate550g,£2.70,49.1p per 100g,
Alpen Muesli No Added Sugar,Alpen Muesli No Added Sugar1.1kg,£4.39,39.9p per 100g,
Alpen Muesli No Added Sugar,Alpen Muesli No Added Sugar550g,£2.70,49.1p per 100g,
Alpen Muesli Original,Alpen Muesli Original1.1kg,£4.39,39.9p per 100g,
Alpen Muesli Original,Alpen Muesli Original550g,£2.70,49.1p per 100g,
Alpen Muesli Simply Berries,Alpen Muesli Simply Berries550g,£2.70,49.1p per 100g,
Alpro Vanilla Custard,Alpro Vanilla Custard525g,£1.40,26.7p per 100g,
Ambrosia Caramel & Vanilla Dessert Pots,Ambrosia Caramel & Vanilla Dessert Pots110g,£2.69,£2.45 per 100g,
Ambrosia Chocolate & Fudge Dessert Pots,Ambrosia Chocolate & Fudge Dessert Pots110g,£2.50,£2.27 per 100g,
Ambrosia Chocolate Flavour Devon Custard Pot,Ambrosia Chocolate Flav…150g,95p,63.3p per 100g,Buy 2 for £1.50
Ambrosia Chocolate Orange Custard ,Ambrosia Chocolate Orange Custard 400g,£1.99,49.8p per 100g,Buy 2 for £2.50
Ambrosia Chocolate Rice Pudding Can,Ambrosia Chocolate Rice Pudding Can400g,£1.99,49.8p per 100g,Buy 2 for £2.50
Ambrosia Creamed Macaroni,Ambrosia Creamed Macaroni400g,£2.19,54.8p per 100g,
Ambrosia Deluxe Belgian Chocolate Custard Twinpots ,Ambrosia Deluxe Belgian Choco…120g,£1,83.3p per 100g,
Ambrosia Deluxe Madagascan Vanilla Custard Twinpots ,Ambrosia Deluxe Madagascan Va…120g,£1,83.3p per 100g,
Ambrosia Deluxe West Country Cream Custard Can,Ambrosia Deluxe West Coun…400g,£1.50,37.5p per 100g,
Ambrosia Devon Custard,Ambrosia Devon Custard4 x 125g,£2.99,59.8p per 100g,
Ambrosia Devon Custard,Ambrosia Devon Custard150g,95p,63.3p per 100g,Buy 2 for £1.50
Ambrosia Devon Custard,Ambrosia Devon Custard400g,£1.69,42.3p per 100g,
Ambrosia Devon Custard,Ambrosia Devon Custard6 x 120g,£3.49,48.5p per 100g,
Ambrosia Devon Custard,Ambrosia Devon Custard1kg,£2,20p per 100g,"Offer price £2, was £2.99"
Ambrosia Devon Custard,Ambrosia Devon Custard500g,£1.65,33p per 100g,
Ambrosia Devon Custard Can,Ambrosia Devon Custard Can400g,£1.99,49.8p per 100g,Buy 2 for £2.50
Ambrosia Devon Rice Pudding,Ambrosia Devon Rice Pudding400g,£1.99,49.8p per 100g,Buy 2 for £2.50
Ambrosia Light Devon Custard,Ambrosia Light Devon Custard4 x 125g,£2.99,59.8p per 100g,
Ambrosia Light Devon Custard,Ambrosia Light Devon Custard1kg,£2,20p per 100g,"Offer price £2, was £2.99"
Ambrosia Light Devon Custard,Ambrosia Light Devon Custard500g,£1.65,33p per 100g,
Ambrosia Light Devon Custard Can,Ambrosia Light Devon Custard Can400g,£1.99,49.8p per 100g,Buy 2 for £2.50
Ambrosia Light Rice Pudding,Ambrosia Light Rice Pudding400g,£1.99,49.8p per 100g,Buy 2 for £2.50
Ambrosia Mousse Pots Milk Chocolate ,Ambrosia Mousse Pots Milk Chocolate 4 x 60g,£2.50,£1.04 per 100g,
Ambrosia My Mini Custard Pot,Ambrosia My Mini Custard Pot330g,£2.35,71.2p per 100g,
Ambrosia My Mini Rice Pots,Ambrosia My Mini Rice Pots330g,£2.35,71.2p per 100g,
Ambrosia Ready To Eat Porridge Golden Syrup Flavour,Ambrosia Ready To Eat Porridg…210g,£1.29,61.4p per 100g,Buy 4 for £4
Ambrosia Ready To Eat Porridge Original,Ambrosia Ready To Eat Porridge Original210g,£1.29,61.4p per 100g,Buy 4 for £4
Ambrosia Rice Pudding Pots,Ambrosia Rice Pudding Pots4 x 125g,£2.99,59.8p per 100g,
Ambrosia Rice Pudding Pots,Ambrosia Rice Pudding Pots6 x 120g,£3.49,48.5p per 100g,
Ambrosia Semolina Dessert Can,Ambrosia Semolina Dessert Can400g,£2.19,54.8p per 100g,
Ambrosia Sticky Toffee Rice Pudding,Ambrosia Sticky Toffee Rice Pudding400g,£1.99,49.8p per 100g,Buy 2 for £2.50
Ambrosia Strawberry Flavour Devon Custard  Can,Ambrosia Strawberry Flavo…400g,£1.99,49.8p per 100g,Buy 2 for £2.50
Ambrosia Strawberry Flavour Devon Custard Pot,Ambrosia Strawberry Flavo…150g,95p,63.3p per 100g,Buy 2 for £1.50
Ambrosia Tapioca Dessert Can,Ambrosia Tapioca Dessert Can385g,£2.19,56.9p per 100g,
Ambrosia Traditional Rice Pudding and Sultanas with Nutmeg,Ambrosia Traditional Rice Pudding…400g,£2.19,54.8p per 100g,
Amoy Straight to Wok Medium Noodles,Amoy Straight to Wok Medium Noodles2 x 150g,£2.09,£6.97 per kg,Buy 2 for £3
Amoy Straight to Wok Thread Fine Noodles,Amoy Straight to Wok Thread Fine Noodles2 x 150g,£2.09,£6.97 per kg,Buy 2 for £3
Amoy Straight To Wok Udon Thick Noodles,Amoy Straight To Wok Udon Thick Noodles2 x 150g,£2.09,69.7p per 100g,Buy 2 for £3
Angel Delight Banana Flavour Instant Dessert,Angel Delight Banana Flavour Instant Dessert59g,89p,£1.51 per 100g,Buy 2 for £1.50
Angel Delight Butterscotch Flavour Instant Dessert,Angel Delight Butterscotch…66g,89p,£1.35 per 100g,Buy 2 for £1.50
Angel Delight Butterscotch Flavour No Added Sugar Instant Dessert,Angel Delight Butterscotch…47g,89p,£1.89 per 100g,Buy 2 for £1.50
Angel Delight Chocolate Flavour Instant Dessert,Angel Delight Chocolate Flavour Instant Dessert67g,89p,£1.33 per 100g,Buy 2 for £1.50
Angel Delight Strawberry Flavour Instant Dessert,Angel Delight Strawberry Flavour Instant Dessert59g,89p,15.1p per 10g,Buy 2 for £1.50
Angel Delight Strawberry Flavour No Added sugar Instant Dessert,Angel Delight Strawberry Flavour No A…47g,89p,£1.89 per 100g,Buy 2 for £1.50
Angel Delight Unicorn Edition Strawberry Flavour Dessert Kit ,Angel Delight Unicorn Edition Straw…95g,£2,£2.11 per 100g,
Arctic Power Berries Blueberry Powder,Arctic Power Berries Blueberry Powder70g,£9,£12.86 per 100g,
Arctic Power Berries Mixed Berry Powder,Arctic Power Berries Mixed Berry Powder70g,£9,£12.86 per 100g,
Aroy-D Coconut Milk Lait De Coco ,Aroy-D Coconut Milk Lait De Coco 400ml,£1.49,37.3p per 100ml,
Askeys 21 Cup Cones,Askeys 21 Cup Cones21 per pack,£1.19,5.7p each,
Askeys Cornets,Askeys Cornets21 per pack,£1.19,5.7p each,
Askeys Crackin Chocolate Chunk Flavour Topping,Askeys Crackin Chocolate Chunk Flavour Topping225g,£1.49,66.2p per 100g,
Askeys Crackin Chocolate Orange Flavour Topping,Askeys Crackin Chocolate Orange Flavour Topping225g,£1.49,66.2p per 100g,
Askeys Treat Chocolate Flavour Topping,Askeys Treat Chocolate Flavour Topping325g,£1.49,45.8p per 100g,
Askeys Treat Maple Syrup Sauce,Askeys Treat Maple Syrup Sauce325g,£1.49,45.8p per 100g,
Askeys Treat Strawberry Flavour Sauce,Askeys Treat Strawberry Flavour Sauce325g,£1.49,45.8p per 100g,
Askeys Treat Toffee Sauce,Askeys Treat Toffee Sauce325g,£1.49,45.8p per 100g,
Aspall Classic Red Wine Vinegar,Aspall Classic Red Wine Vinegar350ml,£1.89,54p per 100ml,
Aspall Classic White Wine Vinegar,Aspall Classic White Wine Vinegar350ml,£1.89,54p per 100ml,
Aspall Organic Cyder Vinegar,Aspall Organic Cyder Vinegar350ml,£2.05,58.6p per 100ml,
Aspall Raw Organic Apple Cyder Vinegar,Aspall Raw Organic Apple Cyder Vinegar500ml,£2.60,52p per 100ml,"Offer price £2.60, was £3.25"
Atora Suet Beef,Atora Suet Beef240g,£2.99,£1.25 per 100g,
Atora Suet Vegetable,Atora Suet Vegetable240g,£2.99,£1.25 per 100g,
Aunt Bessie's American Style Pancake Mix,Aunt Bessie's American Style Pancake Mix250g,£1.29,51.6p per 100g,
Aunt Bessies Crumble Mix      ,Aunt Bessies Crumble Mix      400g,£1.39,£3.48 per kg,
Aunt Bessie's Pancake Mix,Aunt Bessie's Pancake Mix480g,£1.59,£3.31 per kg,
Aunt Bessies Shortcrust Pastry Mix ,Aunt Bessies Shortcrust Pastry Mix 500g,£1.39,£2.78 per kg,
Aunty's Delicious Golden Syrup Steamed Puddings,Aunty's Delicious Golden Syrup Steamed Puddings190g,£1.50,78.9p per 100g,
Aunty's Ginger Steamed Puddings,Aunty's Ginger Steamed Puddings190g,75p,£3.95 per kg,
Aunty's Spotted Dick Steamed Puds ,Aunty's Spotted Dick Steamed Puds 190g,£1.50,£7.89 per kg,
Aunty's Sticky Toffee Steamed Puddings,Aunty's Sticky Toffee Steamed Puddings190g,£1.50,£7.89 per kg,
Badshah Basmati Rice,Badshah Basmati Rice10kg,£16,£1.60 per kg,"Offer price £16, was £16.99"
Badshah Superior Aged Basmati Rice,Badshah Superior Aged Basmati Rice2kg,£3.50,£1.75 per kg,
Bahlsen Choco Leibniz Chunky Mint ,Bahlsen Choco Leibniz Chunky Mint 120g,£1.60,£1.33 per 100g,
Bahlsen Choco Leibniz Dark Chocolate Biscuits,Bahlsen Choco Leibniz Dark Chocolate Biscuits125g,£1.60,£1.28 per 100g,
Bahlsen Choco Leibniz Milk Chocolate Biscuits,Bahlsen Choco Leibniz Milk Chocolate Biscuits125g,£1.60,£1.28 per 100g,
Bahlsen Choco Leibniz Orange ,Bahlsen Choco Leibniz Orange 125g,£1.60,£1.28 per 100g,
Bahlsen Choco Leibniz White ,Bahlsen Choco Leibniz White 125g,£1.60,£1.28 per 100g,
Bahlsen PiCK UP! Milk Chocolate Biscuit Bars,Bahlsen PiCK UP! Milk Chocolate Biscuit Bars5 x 28g,£1.50,£1.07 per 100g,
Baileys Chocolate Giftwrap Box,Baileys Chocolate Giftwrap Box272g,£8,£2.94 per 100g,
Baileys Milk Chocolate Easter Egg With Baileys Truffles,Baileys Milk Chocolate Easter E…260g,£8,£3.08 per 100g,
Bake & Create Gold Marzipan,Bake & Create Gold Marzipan500g,£2.29,45.8p per 100g,
Bake & Create White Marzipan ,Bake & Create White Marzipan 500g,£2.29,45.8p per 100g,
Baked Beans with Vegetarian Sausages,Baked Beans with Vegetarian Sausages400g,£1.35,£3.38 per kg,
Baked With Love 10 Sugar Decorations Tropical Flamingo,Baked With Love 10 Sugar Decora…10 per pack,£1.50,15p each,
Baked With Love 6 Cup Cake Or 12 Fairy Cake Boxes,Baked With Love 6 Cup Cake…2 per pack,£2,£1.00 each,
Baked With Love Aqua Baking Cases,Baked With Love Aqua Baking Cases12 per pack,£1.50,12.5p each,
Baked With Love  Carrot Sugar Decorations,Baked With Love  Carrot Sugar Decorations6g,£1.85,£30.83 per 100g,
Baked With Love Dinosaur Candles,Baked With Love Dinosaur Candles5 per pack,£1.50,30p each,
Baked With Love Dinosaur Sugar Decorations,Baked With Love Dinosau…12 per pack,£1.85,15.4p each,
Baked With Love Floral Ditsy Cupcake Cases,Baked With Love Floral Ditsy Cupcake Cases100 per pack,£1.50,1.5p each,
Baked With Love Llama Baking Cases,Baked With Love Llama Baking Cases25 per pack,£1,4p each,
Baked With Love Mini Blossoms,Baked With Love Mini Blossoms48 per pack,£1.85,3.9p each,
Baked With Love Rosebud Bun Cases,Baked With Love Rosebud Bun Cases25 per pack,£1.25,5p each,
Baked With Love Spaceman Sugar Decorations,Baked With Love Spacema…10 per pack,£1.85,18.5p each,
Baked with Love Unicorn & Rainbow Sugar Decorations,Baked with Love Unicorn & Rai…10g,£1.85,£18.50 per 100g,
Baked With Love Unicorn Candles,Baked With Love Unicorn Candles6 per pack,£1.50,25p each,
Bare Naked Noodles          ,Bare Naked Noodles          300g,£2,£6.67 per kg,
Bare Naked Rice,Bare Naked Rice300g,£2,£6.67 per kg,
Barilla Fusilli Pasta,Barilla Fusilli Pasta500g,£1.39,£2.78 per kg,Buy 2 for £2.50
Barilla Lasagne,Barilla Lasagne500g,£1.29,£2.58 per kg,"Offer price £1.29, was £1.50"
Barilla Linguine,Barilla Linguine500g,£1.49,£2.98 per kg,Buy 2 for £2.50
Barilla Penne Rigate,Barilla Penne Rigate500g,£1.39,£2.78 per kg,Buy 2 for £2.50
Barilla Spaghetti,Barilla Spaghetti500g,£1.49,£2.98 per kg,Buy 2 for £2.50
Barilla Tortiglioni,Barilla Tortiglioni500g,£1.49,£2.98 per kg,Buy 2 for £2.50
Barilla Whole Wheat Fusilli Pasta,Barilla Whole Wheat Fusilli Pasta500g,£1.39,£2.78 per kg,Buy 2 for £2.50
Barilla Whole Wheat Spaghetti,Barilla Whole Wheat Spaghetti500g,£1.39,£2.78 per kg,Buy 2 for £2.50
Barny Chocolate Sponge Bears ,Barny Chocolate Sponge Bears 125g,£1.25,£1.00 per 100g,
Barratt Flumps Sugar Free ,Barratt Flumps Sugar Free 70g,£1.25,£1.79 per 100g,
Barratt Sherbet Dip Dab Single,Barratt Sherbet Dip Dab Single23g,55p,£2.39 per 100g,
Barratt Wham & Refresher Ice Duos,Barratt Wham & Refresher Ice Duos640ml,£1.50,23.4p per 100ml,
Barry's Tea Decaf 80 Tea Bags,Barry's Tea Decaf 80 Tea Bags250g,£5,£2.00 per 100g,
Bart Bay Leaves Refill,Bart Bay Leaves Refill3g,£1.50,£5.00 per 10g,Buy 2 for £2
Bart Black Peppercorns Refill,Bart Black Peppercorns Refill40g,£1.50,37.5p per 10g,Buy 2 for £2
Bart Cajun Seasoning Refill,Bart Cajun Seasoning Refill30g,£1.50,50p per 10g,Buy 2 for £2
Bart Chilli Flakes Refill,Bart Chilli Flakes Refill25g,£1.50,60p per 10g,Buy 2 for £2
Bart Chopped Chilli,Bart Chopped Chilli135g,£1.89,£1.40 per 100g,
Bart Chopped Garlic,Bart Chopped Garlic190g,£1.89,99.5p per 100g,
Bart Chopped Ginger,Bart Chopped Ginger180g,£1.89,£1.05 per 100g,
Bart Garam Masala Refill,Bart Garam Masala Refill35g,£1.50,42.9p per 10g,Buy 2 for £2
Bart Garlic Granules Refill,Bart Garlic Granules Refill40g,£1.50,37.5p per 10g,Buy 2 for £2
Bart Ginger Refill,Bart Ginger Refill30g,£1.50,50p per 10g,Buy 2 for £2
Bart Ground Cinnamon Refill,Bart Ground Cinnamon Refill30g,£1.50,50p per 10g,Buy 2 for £2
Bart Ground Coriander Refill,Bart Ground Coriander Refill30g,£1.50,50p per 10g,Buy 2 for £2
Bart Ground Cumin Refill,Bart Ground Cumin Refill35g,£1.50,42.9p per 10g,Buy 2 for £2
Bart Italian Herbs Refill,Bart Italian Herbs Refill13g,£1.50,£1.15 per 10g,Buy 2 for £2
Bart Mixed Herbs Refill,Bart Mixed Herbs Refill11g,£1.50,£1.36 per 10g,Buy 2 for £2
Bart Mixed Spice Carton Refill,Bart Mixed Spice Carton Refill30g,£1.50,50p per 10g,Buy 2 for £2
Bartons Hand-Pickled Cauliflower ,Bartons Hand-Pickled Cauliflower 439g,£1.85,42.1p per 100g,
Bartons Sweet Baby Balsamic Onions,Bartons Sweet Baby Balsamic Onions450g,£2,44.4p per 100g,
Bart Oregano Refil,Bart Oregano Refil13g,£1.50,£1.15 per 10g,Buy 2 for £2
Bart Paprika Refill,Bart Paprika Refill40g,£1.50,37.5p per 10g,Buy 2 for £2
Bart Pink Himalayan Salt Carton Refill,Bart Pink Himalayan Salt Carton Refill90g,£1.50,16.7p per 10g,Buy 2 for £2
Bart Smoked Paprika Refill,Bart Smoked Paprika Refill35g,£1.50,42.9p per 10g,Buy 2 for £2
Bart Thyme Refill,Bart Thyme Refill10g,£1.50,£1.50 per 10g,Buy 2 for £2
Bart Turmeric Refill,Bart Turmeric Refill40g,£1.50,37.5p per 10g,Buy 2 for £2
Batchelors Bigga Marrowfat Peas (300g),Batchelors Bigga Marrowfat Peas (300g)180g,75p,£4.17 per kg,Buy 2 for £1.30
Batchelors Big Pasta N Sauce Cheese & Broccoli ,Batchelors Big Pasta N Sauce Cheese & Broccoli 85g,£1.65,£19.41 per kg,
Batchelors Big Super Noodles Chicken,Batchelors Big Super Noodles Chicken100g,£1.65,£16.50 per kg,
Batchelors Chef Special Carmelised Onion & Smokey Bacon,Batchelors Chef Special Carmeli…99g,£1.69,£17.07 per kg,
Batchelors Chef Special Four Cheese,Batchelors Chef Special Four Cheese99g,£1.69,£17.07 per kg,
Batchelors Chip Shop Style Mushy Peas,Batchelors Chip Shop Style Mushy Peas300g,75p,£2.50 per kg,Buy 2 for £1.30
Batchelors Cup a Soup Beef & Tomato 4 Sachets,Batchelors Cup a Soup Beef & Tomato 4 Sachets88g,£1.29,£1.47 per 100g,Buy 2 for £2.50
Batchelors Cup a Soup Broccoli & Cauliflower 4 Sachets,Batchelors Cup a Soup Broccoli…101g,£1.29,£1.28 per 100g,Buy 2 for £2.50
Batchelors Cup a Soup Chicken & Leek 4 Sachets,Batchelors Cup a Soup Chicken & Leek 4 Sachets86g,£1.29,£1.50 per 100g,Buy 2 for £2.50
Batchelors Cup A Soup Chicken & Lemongrass 4 Pack ,Batchelors Cup A Soup Chick…88g,£1.29,£1.47 per 100g,Buy 2 for £2.50
Batchelors Cup a Soup Chicken & Vegetable with Croutons 4 Sachets,Batchelors Cup a Soup Chicken & Veget…110g,£1.29,£1.17 per 100g,Buy 2 for £2.50
Batchelors Cup a Soup Chicken Noodle 4 Sachets,Batchelors Cup a Soup Chicken Noodle 4 Sachets94g,£1.29,£1.37 per 100g,Buy 2 for £2.50
Batchelors Cup a Soup Cream of Asparagus with Croutons 4 Sachets,Batchelors Cup a Soup Cream of Aspara…117g,£1.29,£1.10 per 100g,Buy 2 for £2.50
Batchelors Cup a Soup Cream of Mushroom with Croutons 4 Sachets,Batchelors Cup a Soup Cream of Mushro…99g,£1.29,£1.30 per 100g,Buy 2 for £2.50
Batchelors Cup a Soup Cream of Vegetable with Croutons 4 Sachets,Batchelors Cup a Soup Cream of Vegeta…120g,£1.29,£1.08 per 100g,Buy 2 for £2.50
Batchelors Cup A Soup Hot & Sour 4 Pack,Batchelors Cup A Soup Hot & Sour 4 Pack92g,£1.29,£1.40 per 100g,Buy 2 for £2.50
Batchelors Cup a Soup Potato & Leek 4 Sachets,Batchelors Cup a Soup Potato & Leek 4 Sachets107g,£1.29,£1.21 per 100g,Buy 2 for £2.50
Batchelors Cup a Soup Tomato & Vegetable with Croutons 4 Sachets,Batchelors Cup a Soup Tomato & Vegeta…104g,£1.29,£1.24 per 100g,Buy 2 for £2.50
Batchelors Cup a Soup with Croutons Minestrone 4 Sachets,Batchelors Cup a Soup with Crou…94g,£1.29,£1.37 per 100g,Buy 2 for £2.50
Batchelors Gastro Pub Mushy Peas with a Hint of Chilli,Batchelors Gastro Pub Mushy Pea…300g,79p,£2.63 per kg,Buy 2 for £1.40
Batchelors Gastro Pub Mushy Peas with Mint,Batchelors Gastro Pub Mushy Peas with Mint300g,79p,£2.63 per kg,Buy 2 for £1.40
Batchelors Mixed Vegetables In Water (400G),Batchelors Mixed Vegeta…265g,£1.05,£3.96 per kg,
Batchelors Original Mushy Peas,Batchelors Original Mushy Peas300g,75p,£2.50 per kg,Buy 2 for £1.30
Batchelors Pasta 'N' Sauce Cheese & Broccoli,Batchelors Pasta 'N' Sauce Cheese & Broccoli99g,£1.15,£11.62 per kg,Buy 3 for £3
Batchelors Pasta 'N' Sauce Cheese & Broccoli Pot,Batchelors Pasta 'N' Sauce…65g,£1.19,£18.31 per kg,Buy 3 for £3
Batchelors Pasta N Sauce Cheese & Tomato Unicorn Shapes ,Batchelors Pasta N Sauce Cheese…99g,£1.15,£11.62 per kg,Buy 3 for £3
"Batchelors Pasta 'N' Sauce Cheese, Leek & Ham Flavour",Batchelors Pasta 'N' Sauce Ch…99g,£1.15,£11.62 per kg,Buy 3 for £3
Batchelors Pasta 'N' Sauce Chicken & Mushroom Flavour,Batchelors Pasta 'N' Sauce Ch…99g,£1.15,£11.62 per kg,Buy 3 for £3
Batchelors Pasta 'N' Sauce Chicken & Mushroom Pot,Batchelors Pasta 'N' Sauce…65g,£1.15,£17.69 per kg,Buy 3 for £3
Batchelors Pasta 'N' Sauce Mac 'N' Cheese,Batchelors Pasta 'N' Sauce Mac 'N' Cheese99g,£1.15,£11.62 per kg,Buy 3 for £3
Batchelors Pasta 'N' Sauce Mac 'N' Cheese Pot,Batchelors Pasta 'N' Sauce Mac 'N' Cheese Pot65g,£1.15,£1.77 per 100g,Buy 3 for £3
Batchelors Pasta 'N' Sauce Tomato & Basil,Batchelors Pasta 'N' Sauce Tomato & Basil65g,£1.15,£1.77 per 100g,Buy 3 for £3
Batchelors Slim a Soup with Croutons Minestrone 4 Sachets,Batchelors Slim a Soup with Crout…61g,£1.29,£2.11 per 100g,Buy 2 for £2.50
Batchelors Smash Original Mash Potato,Batchelors Smash Original Mash Potato360g,£3.35,93.1p per 100g,
Batchelors Super Noodles Bacon Flavour,Batchelors Super Noodles Bacon Flavour90g,£1.15,£12.78 per kg,Buy 3 for £3
Batchelors Super Noodles Bbq Beef Flavour,Batchelors Super Noodles Bbq Beef Flavour90g,£1.15,£12.78 per kg,Buy 3 for £3
Batchelors Super Noodles BBQ Beef Pot,Batchelors Super Noodles BBQ Beef Pot75g,£1.15,£15.33 per kg,Buy 3 for £3
Batchelors Super Noodles Chicken Fajita,Batchelors Super Noodles Chicken Fajita90g,£1.15,£12.78 per kg,Buy 3 for £3
Batchelors Super Noodles Chicken Flavour,Batchelors Super Noodles Chicken Flavour90g,£1.15,£12.78 per kg,Buy 3 for £3
Batchelors Super Noodles Chicken Pot,Batchelors Super Noodles Chicken Pot75g,£1.15,£15.33 per kg,Buy 3 for £3
Batchelors Super Noodles Curry Pot,Batchelors Super Noodles Curry Pot75g,£1.15,£15.33 per kg,Buy 3 for £3
Batchelors Super Noodles Low Fat Chicken & Herb,Batchelors Super Noodles Low Fat Chicken & Herb81g,£1.15,£14.20 per kg,Buy 3 for £3
Batchelors Super Noodles Mild Curry Flavour,Batchelors Super Noodles Mild Curry Flavour90g,£1.15,£12.78 per kg,Buy 3 for £3
Batchelors Super Noodles Pot Salt & Pepper Chicken,Batchelors Super Noodles Pot Salt & Pepper Chicken75g,£1.15,£15.33 per kg,Buy 3 for £3
Batchelors Super Noodles South Fried Chicken Flavour,Batchelors Super Noodles Sout…90g,£1.15,£12.78 per kg,Buy 3 for £3
Batchelors Super Rice Beef Flavour,Batchelors Super Rice Beef Flavour90g,£1.15,£12.78 per kg,Buy 3 for £3
Batchelors Super Rice Chicken Flavour,Batchelors Super Rice Chicken Flavour90g,£1.15,£12.78 per kg,Buy 3 for £3
Batchelors Super Rice Golden Vegetable Flavour,Batchelors Super Rice Golden Vegetable Flavour90g,£1.15,£12.78 per kg,Buy 3 for £3
Baxters Baby Beetroot (340g),Baxters Baby Beetroot (340g)230g,£1.79,77.8p per 100g,
Baxters Crinkle Beetroot (567g),Baxters Crinkle Beetroot (567g)405g,£2.59,64p per 100g,
Baxters Crinklecut Beetroot (340g),Baxters Crinklecut Beetroot (340g)230g,£1.79,77.8p per 100g,
Baxters Favourites Chicken Broth,Baxters Favourites Chicken Broth400g,£1.59,39.8p per 100g,
Baxters Favourites Cock-a-Leekie Soup,Baxters Favourites Cock-a-Leekie Soup400g,£1.59,39.8p per 100g,
Baxters Favourites Cream of Chicken Soup,Baxters Favourites Cream of Chicken Soup400g,£1.59,39.8p per 100g,
Baxters Favourites French Onion Soup,Baxters Favourites French Onion Soup400g,£1.59,39.8p per 100g,
Baxters Favourites Lentil & Bacon Soup,Baxters Favourites Lentil & Bacon Soup400g,£1.59,39.8p per 100g,
Baxters Favourites Royal Game Soup,Baxters Favourites Royal Game Soup400g,£1.59,39.8p per 100g,
Baxters Favourites Scotch Broth,Baxters Favourites Scotch Broth400g,£1.59,39.8p per 100g,
Baxters Luxury Beef Consomme with Cask Aged Sherry,Baxters Luxury Beef Consomm…400g,£2.49,62.3p per 100g,
Baxters Luxury Cream of Asparagus with Fresh Double Cream,Baxters Luxury Cream of Asparagus…400g,£2.49,62.3p per 100g,
Baxters Sliced Beetroot,Baxters Sliced Beetroot340g,£1.79,52.6p per 100g,
Baxters Sliced Beetroot (567g),Baxters Sliced Beetroot (567g)410g,£2.59,63.2p per 100g,
Baxters Vegetarian Carrot & Coriander,Baxters Vegetarian Carrot & Coriander400g,£1.69,42.3p per 100g,
Baxters Vegetarian Country Garden Soup,Baxters Vegetarian Country Garden Soup400g,£1.69,42.3p per 100g,
Baxters Vegetarian Lentil & Vegetable Soup,Baxters Vegetarian Lentil & Vegetable Soup400g,£1.69,42.3p per 100g,
Baxters Vegetarian Minestrone With Wholemeal Pasta,Baxters Vegetarian Minestro…400g,£1.55,38.8p per 100g,
Bear Fruit Giant Blackcurrant & Apple Multipack,Bear Fruit Giant Blackcur…5 x 20g,£2.85,£2.85 per 100g,
BEAR Yoyos Apple Multipack,BEAR Yoyos Apple Multipack5 x 20g,£2.85,£2.85 per 100g,
BEAR Yoyos Blackcurrant Multipack,BEAR Yoyos Blackcurrant Multipack5 x 20g,£2.85,£2.85 per 100g,
BEAR Yoyos Mango Multipack,BEAR Yoyos Mango Multipack5 x 20g,£2.85,£2.85 per 100g,
BEAR Yoyos Raspberry Multipack,BEAR Yoyos Raspberry Multipack5 x 20g,£2.85,£2.85 per 100g,
Bear Yoyos Smoothie Blueberry & Banana,Bear Yoyos Smoothie Blueberry & Banana5 x 20g,£2.85,£2.85 per 100g,
Bear Yoyos Smoothie Peach & Banana,Bear Yoyos Smoothie Peach & Banana5 x 20g,£2.85,£2.85 per 100g,
BEAR Yoyos Strawberry Family Pack,BEAR Yoyos Strawberry Family Pack9 x 20g,£3.65,£2.03 per 100g,"Offer price £3.65, was £4.25"
BEAR Yoyos Strawberry Multipack,BEAR Yoyos Strawberry Multipack5 x 20g,£2.85,£2.85 per 100g,
Belvita Baked Bar Cranberry & Hazelnut,Belvita Baked Bar Cranberry & Hazelnut4 x 40g,£1.75,£1.09 per 100g,
Belvita Baked Bar Dark Chocolate & Hazelnut ,Belvita Baked Bar Dark Chocolate & Hazelnut 4 x 40g,£1.75,£1.09 per 100g,
BelVita Breakfast Biscuits Cocoa with Chocolate Chips 5 Pack,BelVita Breakfast Biscuits Cocoa wi…5 x 45g,£1.25,55.6p per 100g,"Offer price £1.25, was £2"
BelVita Breakfast Biscuits Duo Crunch Strawberry & Yogurt 5 Pack,BelVita Breakfast Biscuits Duo Crunch…5 x 50g,£2.75,£1.10 per 100g,
BelVita Breakfast Biscuits Golden Oats 5 Pack,BelVita Breakfast Biscuits Golden Oats 5 Pack5 x 45g,£1.25,55.6p per 100g,"Offer price £1.25, was £2"
BelVita Breakfast Biscuits Honey & Nuts 12 Pack,BelVita Breakfast Biscuits Honey & Nuts 12 Pack12 x 45g,£3,55.6p per 100g,
BelVita Breakfast Biscuits Honey & Nuts 5 Pack,BelVita Breakfast Biscuits Honey & Nuts 5 Pack5 x 45g,£1.25,55.6p per 100g,"Offer price £1.25, was £2"
BelVita Breakfast Biscuits Milk & Cereals 5 Pack,BelVita Breakfast Biscuits Milk & Cereals 5 Pack5 x 45g,£1.25,55.6p per 100g,"Offer price £1.25, was £2"
BelVita Breakfast Biscuits Soft Bakes Chocolate Chip 5 Pack,BelVita Breakfast Biscuits Soft B…5 x 50g,£2.50,£1.00 per 100g,
BelVita Breakfast Biscuits Soft Bakes Chocolate Filled 5 Pack,BelVita Breakfast Biscuits Soft Bak…5 x 50g,£1.75,70p per 100g,"Offer price £1.75, was £2.75"
BelVita Breakfast Biscuits Soft Bakes Golden Grain 5 Pack,BelVita Breakfast Biscuits Soft B…5 x 50g,£2.50,£1.00 per 100g,
BelVita Breakfast Biscuits Soft Bakes Red Berries 5 Pack,BelVita Breakfast Biscuits Soft…5 x 50g,£2.50,£1.00 per 100g,
BelVita Breakfast Biscuits Soft Bakes Strawberry Filled 5 Pack,BelVita Breakfast Biscuits Soft Bak…5 x 50g,£1.75,70p per 100g,"Offer price £1.75, was £2.75"
Belvita Breakfast Soft Bakes Blueberry 5 Pack,Belvita Breakfast Soft Bakes Blueberry 5 Pack250g,£2.50,£1.00 per 100g,
Belvita Choc Chip Reduced Sugar Biscuits,Belvita Choc Chip Reduced Sugar Biscuits225g,£1.25,55.6p per 100g,"Offer price £1.25, was £2"
Belvita Fruit Crunch Apple & Pear Multigrain,Belvita Fruit Crunch Apple & Pear Multigrain6 x 225g,£1.75,13p per 100g,"Offer price £1.75, was £3"
Belvita Fruit Crunch Raisin & Currant,Belvita Fruit Crunch Raisin & Currant6 x 225g,£1.75,13p per 100g,"Offer price £1.75, was £3"
Belvita Soft Bakes Apricot Filled ,Belvita Soft Bakes Apricot Filled 5 x 50g,£1.75,70p per 100g,"Offer price £1.75, was £2.50"
Ben's Original Basmati Microwave Rice,Ben's Original Basmati Microwave Rice220g,£1,45.5p per 100g,
Ben's Original Boil-In-Bag Long Grain Rice 8 Bags,Ben's Original Boil-In-Bag Long Grain Rice 8 Bags500g,£3.15,63p per 100g,
Ben's Original Boil-In-Bag Wholegrain Rice 4 Bags,Ben's Original Boil-In-Bag Wholegrain Rice 4 Bags500g,£2.85,57p per 100g,
Ben's Original Brown Basmati Microwave Rice,Ben's Original Brown Basmati Microwave Rice250g,£1,40p per 100g,
Ben's Original Cajun Spiced Rice ,Ben's Original Cajun Spiced Rice 250g,£1.39,55.6p per 100g,Buy 2 for £2.50
Ben's Original Caribbean Microwave Rice,Ben's Original Caribbean Microwave Rice250g,£1.39,55.6p per 100g,Buy 2 for £2.50
Ben's Original Chinese Style Microwave Rice,Ben's Original Chinese Style Microwave Rice250g,£1.39,55.6p per 100g,Buy 2 for £2.50
Ben's Original Egg Fried Microwave Rice,Ben's Original Egg Fried Microwave Rice250g,£1.39,55.6p per 100g,Buy 2 for £2.50
Ben's Original Golden Vegetable Microwave Rice,Ben's Original Golden Vegetable Microwave Rice250g,£1.39,55.6p per 100g,Buy 2 for £2.50
Ben's Original Hot Chilli Con Carne Sauce,Ben's Original Hot Chilli Con Carne Sauce450g,£1.99,44.2p per 100g,Buy 2 for £3
Bens Original Katsu Curry Inspired Microwave Rice,Bens Original Katsu Curry Inspired Microwave Rice250g,£1.39,55.6p per 100g,Buy 2 for £2.50
Bens Original Korean BBQ Inspired Microwave Rice,Bens Original Korean BBQ Inspired Microwave Rice250g,£1.39,55.6p per 100g,Buy 2 for £2.50
Ben's Original Korma Sauce,Ben's Original Korma Sauce450g,£1.99,44.2p per 100g,Buy 2 for £3
Ben's Original Long Grain Microwave Rice,Ben's Original Long Grain Microwave Rice220g,£1,45.5p per 100g,
Ben's Original Long Grain Rice,Ben's Original Long Grain Rice1kg,£5.25,52.5p per 100g,
Ben's Original Mediterranean Vegetable Microwave Rice ,Ben's Original Mediterranean Ve…250g,£1.39,55.6p per 100g,Buy 2 for £2.50
Ben's Original Medium Curry Sauce ,Ben's Original Medium Curry Sauce 440g,£1.99,45.2p per 100g,Buy 2 for £3
Ben's Original Mexican Style Microwave Rice,Ben's Original Mexican Style Microwave Rice250g,£1.39,55.6p per 100g,Buy 2 for £2.50
Ben's Original Middle Eastern Inspired Rice,Ben's Original Middle Eastern Inspired Rice250g,£1.39,55.6p per 100g,Buy 2 for £2.50
Ben's Original Mixed Pepper Microwave Rice,Ben's Original Mixed Pepper Microwave Rice250g,£1.39,55.6p per 100g,Buy 2 for £2.50
Ben's Original Mushroom  Microwave Rice,Ben's Original Mushroom  Microwave Rice250g,£1.39,55.6p per 100g,Buy 2 for £2.50
Ben's Original One Pan Creations Indian Biryani,Ben's Original One Pan Creations Indian Biryani250g,£1.99,79.6p per 100g,
Ben's Original One Pan Creations Indonesian Nasi Goreng,Ben's Original One Pan Creation…250g,£1.99,79.6p per 100g,
Ben's Original One Pan Creations Spanish Paella,Ben's Original One Pan Creations Spanish Paella250g,£1.99,79.6p per 100g,
Ben's Original One Pan Creations Szechuan Fried Rice Style,Ben's Original One Pan Creations…250g,£1.99,79.6p per 100g,
Ben's Original Peri Peri Microwave Rice,Ben's Original Peri Peri Microwave Rice250g,£1.39,55.6p per 100g,Buy 2 for £2.50
Ben's Original Pilau Microwave Rice,Ben's Original Pilau Microwave Rice250g,£1.39,55.6p per 100g,Buy 2 for £2.50
Ben's Original Roasted Garlic Microwave Rice ,Ben's Original Roasted Garlic Microwave Rice 250g,£1.39,55.6p per 100g,Buy 2 for £2.50
Ben's Original Sauce for Chiili Con Carne,Ben's Original Sauce for Chiili Con Carne450g,£1.99,44.2p per 100g,Buy 2 for £3
Ben's Original Sauce For Lemon Chicken,Ben's Original Sauce For Lemon Chicken450g,£1.99,44.2p per 100g,Buy 2 for £3
Ben's Original Savoury Chicken Flavour Microwave Rice ,Ben's Original Savoury Chicken…250g,£1.39,55.6p per 100g,Buy 2 for £2.50
Ben's Original Simply Basmati Microwave Rice,Ben's Original Simply Basmati Microwave Rice250g,£1,40p per 100g,
Ben's Original Smokey Bbq Microwave Rice ,Ben's Original Smokey Bbq Microwave Rice 250g,£1.39,55.6p per 100g,Buy 2 for £2.50
Ben's Original Special Fried Microwave Rice ,Ben's Original Special Fried Microwave Rice 250g,£1.39,55.6p per 100g,Buy 2 for £2.50
Ben's Original Spicy Chilli Microwave Rice ,Ben's Original Spicy Chilli Microwave Rice 250g,£1.39,55.6p per 100g,Buy 2 for £2.50
Ben's Original Spicy Mexican Microwave Rice,Ben's Original Spicy Mexican Microwave Rice250g,£1.39,55.6p per 100g,Buy 2 for £2.50
Ben's Original Spicy Mexican Wholegrain Microwave Rice,Ben's Original Spicy Mexican Wh…250g,£1.39,55.6p per 100g,Buy 2 for £2.50
Ben's Original Sweet & Sour Sauce,Ben's Original Sweet & Sour Sauce450g,£1.99,44.2p per 100g,Buy 2 for £3
Ben's Original Sweet & Sour Sauce ,Ben's Original Sweet & Sour Sauce 675g,£2.69,39.9p per 100g,
Ben's Original Thai Sweet Chilli Microwave Rice,Ben's Original Thai Sweet Chilli Microwave Rice250g,£1.39,55.6p per 100g,Buy 2 for £2.50
Ben's Original Vegetable Pilau Microwave Rice,Ben's Original Vegetable Pilau Microwave Rice250g,£1.39,55.6p per 100g,Buy 2 for £2.50
Ben's Original Wholegrain Brown Basmati Microwave Rice,Ben's Original Wholegrain Brown…220g,£1,45.5p per 100g,
Bens Original Wholegrain Egg Fried Microwave Rice,Bens Original Wholegrain Egg Fried Microwave Rice250g,£1.39,55.6p per 100g,Buy 2 for £2.50
Ben's Original Wholegrain Microwave Rice,Ben's Original Wholegrain Microwave Rice220g,£1,45.5p per 100g,
Ben's Original Wholegrain Rice ,Ben's Original Wholegrain Rice 500g,£2.85,57p per 100g,
Ben's Plant Powered Chilli Non Carne,Ben's Plant Powered Chilli Non Carne285g,£2.50,87.7p per 100g,
Ben's Plant Powered Spicy Lentil Stew,Ben's Plant Powered Spicy Lentil Stew285g,£2.50,87.7p per 100g,
Ben's Plant Powered Tikka Masala Sweet Potato & Chickpea Sauce,Ben's Plant Powered Tikka Masala Sw…285g,£2.50,87.7p per 100g,
Better You Boost B12 Oral Spray,Better You Boost B12 Oral Spray25ml,£11.95,£47.80 per 100ml,
Betty Crocker Blueberry Muffin Mix,Betty Crocker Blueberry Muffin Mix335g,£2.99,£8.93 per kg,Buy 2 for £5
Betty Crocker Chocolate Chip Cookie Mix,Betty Crocker Chocolate Chip Cookie Mix200g,£1.99,99.5p per 100g,
Betty Crocker Chocolate Fudge Brownie Mix,Betty Crocker Chocolate Fudge Brownie Mix415g,£2.99,72p per 100g,Buy 2 for £5
Betty Crocker Chocolate Fudge Icing,Betty Crocker Chocolate Fudge Icing400g,£2.99,74.8p per 100g,Buy 2 for £5
Betty Crocker Classic Coffee Icing,Betty Crocker Classic Coffee Icing400g,£2.99,£7.48 per kg,Buy 2 for £5
Betty Crocker Cream Cheese Style Icing,Betty Crocker Cream Cheese Style Icing400g,£2.99,74.8p per 100g,Buy 2 for £5
Betty Crocker Dark Chocolate Banana Bread Muffin Mix,Betty Crocker Dark Chocolate…320g,£3,93.8p per 100g,Buy 2 for £5
Betty Crocker Devil's Food Chocolate Cake Mix,Betty Crocker Devil's Food Chocolate Cake Mix425g,£2.99,70.4p per 100g,Buy 2 for £5
Betty Crocker Gluten Free Chocolate Fudge Brownie Mix,Betty Crocker Gluten Free Cho…415g,£3.09,74.5p per 100g,
Betty Crocker Lemon Icing,Betty Crocker Lemon Icing400g,£2.99,£7.48 per kg,Buy 2 for £5
Betty Crocker Milk Chocolate Icing,Betty Crocker Milk Chocolate Icing400g,£2.99,£7.48 per kg,Buy 2 for £5
Betty Crocker Moreish Carrot Cake Mix,Betty Crocker Moreish Carrot Cake Mix425g,£2.99,70.4p per 100g,Buy 2 for £5
Betty Crocker Oats & Dark Chocolate Chip Cookie Mix,Betty Crocker Oats & Dark Chocolate Chip Cookie Mix250g,£3,£1.20 per 100g,Buy 2 for £5
Betty Crocker Rainbow Chip Cake Mix,Betty Crocker Rainbow Chip Cake Mix425g,£2.99,70.4p per 100g,Buy 2 for £5
Betty Crocker Red Velvet Chocolate Cake Mix,Betty Crocker Red Velvet Chocolate Cake Mix425g,£2.99,70.4p per 100g,Buy 2 for £5
Betty Crocker Rich Coffee Cake Mix,Betty Crocker Rich Coffee Cake Mix425g,£2.99,£7.04 per kg,Buy 2 for £5
Betty Crocker Tempting Chocolate Cake Mix,Betty Crocker Tempting Chocolate Cake Mix425g,£2.99,£7.04 per kg,Buy 2 for £5
Betty Crocker Triple Chocolate Chunk Brownie Mix,Betty Crocker Triple Chocol…415g,£2.99,72p per 100g,Buy 2 for £5
Betty Crocker Vanilla Buttercream Style Icing,Betty Crocker Vanilla Buttercream Style Icing400g,£2.99,74.8p per 100g,Buy 2 for £5
Betty Crocker Velvety Vanilla Cake Mix,Betty Crocker Velvety Vanilla Cake Mix425g,£2.99,70.4p per 100g,Buy 2 for £5
Betty Crocker Zesty Lemon Cake Mix,Betty Crocker Zesty Lemon Cake Mix425g,£2.99,£7.04 per kg,Buy 2 for £5
Billington's Dark Brown Soft Sugar     ,Billington's Dark Brown Soft Sugar     500g,£2.15,£4.30 per kg,
Billington's Dark Muscovado Natural Unrefined Cane Sugar,Billington's Dark Muscovado Nat…500g,£1.60,£3.20 per kg,"Offer price £1.60, was £1.99"
Billington's Demerara Sugar   ,Billington's Demerara Sugar   1kg,£3.15,£3.15 per kg,
Billington's Demerara Sugar,Billington's Demerara Sugar500g,£1.85,£3.70 per kg,
Billington's Demerara Sugar Cubes ,Billington's Demerara Sugar Cubes 500g,£2.25,£4.50 per kg,
Billington's Golden Caster Sugar,Billington's Golden Caster Sugar1kg,£2.40,£2.40 per kg,"Offer price £2.40, was £2.85"
Billington's Golden Caster Sugar ,Billington's Golden Caster Sugar 500g,£2.15,£4.30 per kg,
Billington's Light Brown Soft Sugar ,Billington's Light Brown Soft Sugar 500g,£2.15,£4.30 per kg,
Billington's Light Muscovado Natural Unrefined Cane Sugar,Billington's Light Muscovado Natu…500g,£1.60,£3.20 per kg,"Offer price £1.60, was £1.99"
Billington's Natural Golden Granulated Sugar,Billington's Natural Golden Granulated Sugar1kg,£2.55,£2.55 per kg,
Bio-Synergy Chocolate Skinny Protein Powder,Bio-Synergy Chocolate Skinny Protein Powder700g,£36.99,£5.28 per 100g,
Bioglan Beauty Collagen Effervescent,Bioglan Beauty Collagen Effervescent20 per pack,£8.99,45p each,
Bioglan Beauty Collagen Gummies,Bioglan Beauty Collagen Gummies60 per pack,£18.99,31.6p each,
Bioglan Beauty Collagen Powder,Bioglan Beauty Collagen Powder151g,£29.99,£19.86 per 100g,
Bioglan Beauty Collagen Tablets,Bioglan Beauty Collagen Tablets90 per pack,£22.99,25.5p each,
Bioglan Vitagummies Vitamin D3 ,Bioglan Vitagummies Vitamin D3 60 per pack,£9.99,16.7p each,
Biona Brown Lentil Curry Organic,Biona Brown Lentil Curry Organic400g,£1.95,48.8p per 100g,
Biona Organic Agave Light Syrup,Biona Organic Agave Light Syrup250ml,£3.50,£1.40 per 100ml,
Biona Organic Black Beans in Water No Added Salt or Sugar (400g),Biona Organic Black Beans in Water No…240g,£1.59,£6.63 per kg,
Biona Organic Black Chick Peas,Biona Organic Black Chick Peas400g,£1.59,£3.98 per kg,
Biona Organic Chilli Con Quinoa,Biona Organic Chilli Con Quinoa400g,£3.29,82.3p per 100g,
Biona Organic Date Syrup ,Biona Organic Date Syrup 350g,£3.70,£1.06 per 100g,
Biona Organic Jackfruit Stew,Biona Organic Jackfruit Stew400g,£3.69,92.3p per 100g,
Biona Organic Kimchi,Biona Organic Kimchi350g,£4,£1.14 per 100g,
Biona Organic Lentils Vert ,Biona Organic Lentils Vert 400g,£1.59,£3.98 per kg,
Biona Organic Sauerkraut ,Biona Organic Sauerkraut 360g,£2,55.6p per 100g,
Biona Organic Seitan Pieces,Biona Organic Seitan Pieces350g,£3.50,£1.00 per 100g,
Biona Organic Tempeh ,Biona Organic Tempeh 400g,£3,75p per 100g,
Biona Peanut Butter,Biona Peanut Butter250g,£3,£1.20 per 100g,
Biona Spelt Fusilli Wholegrain,Biona Spelt Fusilli Wholegrain500g,£2.50,50p per 100g,
Biona Spelt Spaghetti Wholegrain,Biona Spelt Spaghetti Wholegrain500g,£2.50,50p per 100g,
Birds Custard Powder,Birds Custard Powder350g,£1.75,50p per 100g,"Offer price £1.75, was £1.99"
Birds Eye Chillies ,Birds Eye Chillies 11g,£2.15,£1.95 per 10g,Buy 2 for £3.30
Birds Instant Custard 3 PK,Birds Instant Custard 3 PK225g,£1.99,88.4p per 100g,
Bird's Strawberry Trifle Flavour Mix,Bird's Strawberry Trifle Flavour Mix141g,£2,£1.42 per 100g,"Offer price £2, was £2.39"
Bisto Best Beef Gravy ,Bisto Best Beef Gravy 390g,£4.99,£1.28 per 100g,
Bisto Best Beef Gravy 25% Less Salt,Bisto Best Beef Gravy 25% Less Salt390g,£4.99,£1.28 per 100g,
Bisto Best Beef Gravy Granules,Bisto Best Beef Gravy Granules230g,£3,£1.30 per 100g,
Bisto Best Beef Gravy Sachet ,Bisto Best Beef Gravy Sachet 24g,£1.25,£5.21 per 100g,Buy 3 for £1.50
Bisto Best Chicken Gravy ,Bisto Best Chicken Gravy 390g,£4.99,£1.28 per 100g,
Bisto Best Chicken Gravy Granules,Bisto Best Chicken Gravy Granules230g,£3,£1.30 per 100g,
Bisto Best Chicken Gravy Sachet,Bisto Best Chicken Gravy Sachet24g,£1.25,£5.21 per 100g,Buy 3 for £1.50
Bisto Best Lamb Gravy Granules,Bisto Best Lamb Gravy Granules230g,£3,£1.30 per 100g,
Bisto Best Lamb Gravy Sachet,Bisto Best Lamb Gravy Sachet24g,£1.25,£5.21 per 100g,Buy 3 for £1.50
Bisto Best Onion Gravy Granules,Bisto Best Onion Gravy Granules230g,£3,£1.30 per 100g,
Bisto Best Pork Gravy Granules,Bisto Best Pork Gravy Granules230g,£3,£1.30 per 100g,
Bisto Best Pork Gravy Sachet,Bisto Best Pork Gravy Sachet24g,£1.25,£5.21 per 100g,Buy 3 for £1.50
Bisto Best Reduced Salt Beef Gravy Granules,Bisto Best Reduced Salt Beef Gravy Granules230g,£3,£1.30 per 100g,
Bisto Chicken Gravy Granules ,Bisto Chicken Gravy Granules 190g,£2.99,£1.57 per 100g,
Bisto Chip Shop Curry Sauce Ready To Use Pots,Bisto Chip Shop Curry Sauce Ready To Use Pots2 x 90g,£2.50,£1.39 per 100g,
Bisto Favourites Ready To Use Gravy Pots ,Bisto Favourites Ready To Use Gravy Pots 2 per pack,£2.50,£1.25 each,
Bisto Favourites Reduced Salt Ready To Use Gravy Pots,Bisto Favourites Reduced Salt…2 per pack,£2.50,£1.25 each,
Bisto Gravy Granules,Bisto Gravy Granules190g,£2.99,£1.57 per 100g,
Bisto Gravy Granules Beef,Bisto Gravy Granules Beef450g,£4.50,£1.00 per 100g,"Offer price £4.50, was £4.99"
Bisto Gravy Granules Beef,Bisto Gravy Granules Beef300g,£4.49,£1.50 per 100g,
Bisto Gravy Granules Chicken ,Bisto Gravy Granules Chicken 450g,£4.50,£1.00 per 100g,"Offer price £4.50, was £4.99"
Bisto Gravy Granules Chicken,Bisto Gravy Granules Chicken300g,£4.49,£1.50 per 100g,
Bisto Gravy Granules Southern Style,Bisto Gravy Granules Southern Style190g,£2.99,£1.57 per 100g,
Bisto Gravy Granules Turkey,Bisto Gravy Granules Turkey190g,£2.99,£1.57 per 100g,
Bisto Gravy Powder,Bisto Gravy Powder454g,£2.99,65.9p per 100g,
Bisto Katsu Sauce Ready To Use Pots,Bisto Katsu Sauce Ready To Use Pots2 x 90g,£2.50,£1.39 per 100g,
Bisto Onion Gravy Granules,Bisto Onion Gravy Granules190g,£2.99,£1.57 per 100g,
Bisto Pepper Sauce Mix,Bisto Pepper Sauce Mix185g,£2.99,£1.62 per 100g,Buy 2 for £4
Bisto Reduced Salt Chicken Gravy Granules ,Bisto Reduced Salt Chicken Gravy Granules 190g,£2.99,£1.57 per 100g,
Bisto Reduced Salt Gravy Granules,Bisto Reduced Salt Gravy Granules190g,£2.99,£1.57 per 100g,
Bisto Reduced Salt Gravy Granules Beef,Bisto Reduced Salt Gravy Granules Beef300g,£4.49,£1.50 per 100g,
Bisto Reduced Salt Gravy Granules Beef,Bisto Reduced Salt Gravy Granules Beef450g,£4.50,£1.00 per 100g,"Offer price £4.50, was £4.99"
Bisto Sauce Mix Cheese,Bisto Sauce Mix Cheese185g,£2.99,£1.62 per 100g,Buy 2 for £4
Bisto Sauce Mix Chip Shop Curry,Bisto Sauce Mix Chip Shop Curry185g,£2.99,£1.62 per 100g,Buy 2 for £4
Bisto Sauces Parsley Sauce Mix,Bisto Sauces Parsley Sauce Mix185g,£2.99,£1.62 per 100g,Buy 2 for £4
Bisto Sauces White Sauce Mix,Bisto Sauces White Sauce Mix185g,£2.99,£1.62 per 100g,Buy 2 for £4
Bisto Vegetable Gravy Granules,Bisto Vegetable Gravy Granules190g,£2.99,£1.57 per 100g,
Blue Dragon Aromatic Katsu Stir Fry Sauce,Blue Dragon Aromatic Katsu Stir Fry Sauce120g,95p,79.2p per 100g,
Blue Dragon Black Bean Stir Fry Sauce,Blue Dragon Black Bean Stir Fry Sauce120g,95p,79.2p per 100g,
Blue Dragon Chow Mein Stir Fry Sauce,Blue Dragon Chow Mein Stir Fry Sauce120g,95p,79.2p per 100g,
Blue Dragon Coconut Cream   ,Blue Dragon Coconut Cream   250ml,£1.99,79.6p per 100ml,
Blue Dragon Coconut Milk,Blue Dragon Coconut Milk400ml,£2.49,62.3p per 100ml,Buy 2 for £3
Blue Dragon Dark Soy Sauce 150Ml,Blue Dragon Dark Soy Sauce 150Ml150ml,£1.85,£1.23 per 100ml,Buy 2 for £3
Blue Dragon Fish Sauce,Blue Dragon Fish Sauce150ml,£1.75,£1.17 per 100ml,
Blue Dragon Fragrant Pad Thai Stir Fry Sauce,Blue Dragon Fragrant Pad Thai Stir Fry Sauce120g,95p,79.2p per 100g,
Blue Dragon Hoisin & Garlic Stir Fry Sauce,Blue Dragon Hoisin & Garlic Stir Fry Sauce120g,95p,79.2p per 100g,
Blue Dragon Katsu Curry Kit,Blue Dragon Katsu Curry Kit330g,£3.09,93.6p per 100g,
Blue Dragon Light Coconut Milk,Blue Dragon Light Coconut Milk400ml,£2.49,62.3p per 100ml,Buy 2 for £3
Blue Dragon Light Soy Sauce 150Ml,Blue Dragon Light Soy Sauce 150Ml150ml,£1.85,£1.23 per 100ml,Buy 2 for £3
Blue Dragon Light Sweet Chilli Sauce ,Blue Dragon Light Sweet Chilli Sauce 350g,£2.49,71.1p per 100g,
Blue Dragon Original Thai Sweet Chilli Sauce,Blue Dragon Original Thai Sweet Chilli Sauce380g,£2.49,65.5p per 100g,
Blue Dragon Original Thai Sweet Chilli Sauce,Blue Dragon Original Thai Sweet Chilli Sauce190ml,£1.89,99.5p per 100ml,Buy 2 for £3
Blue Dragon Oyster & Spring Onion Stir Fry Sauce,Blue Dragon Oyster & Spring…120g,95p,79.2p per 100g,
Blue Dragon Oyster Sauce  ,Blue Dragon Oyster Sauce  150ml,£1.75,£1.17 per 100ml,
Blue Dragon Pad Thai Kit,Blue Dragon Pad Thai Kit265g,£3.09,£1.17 per 100g,
Blue Dragon Plant Based Beetroot Noodles,Blue Dragon Plant Based Beetroot Noodles125g,£1.75,£14.00 per kg,Buy 2 for £3
Blue Dragon Ramen Kit,Blue Dragon Ramen Kit201g,£3.09,£1.54 per 100g,
Blue Dragon Reduced Salt Soy Sauce 150Ml,Blue Dragon Reduced Salt Soy Sauce 150Ml150ml,£1.85,£1.23 per 100ml,Buy 2 for £3
Blue Dragon Satay Stir Fry Sauce,Blue Dragon Satay Stir Fry Sauce120g,95p,£7.92 per kg,
Blue Dragon Sweet & Sour Stir Fry Sauce,Blue Dragon Sweet & Sour Stir Fry Sauce120g,95p,79.2p per 100g,
Blue Dragon Sweet Chilli & Garlic Stir Fry Sauce ,Blue Dragon Sweet Chilli & Garlic Stir Fry Sauce 120g,95p,79.2p per 100g,
Blue Dragon Teriyaki Sauce,Blue Dragon Teriyaki Sauce190ml,£1.85,97.4p per 100ml,Buy 2 for £3
Blue Dragon Thai Green Curry Kit,Blue Dragon Thai Green Curry Kit253g,£3.09,£1.22 per 100g,
Blue Dragon Thai Green Curry Paste,Blue Dragon Thai Green Curry Paste170g,£2.29,£1.35 per 100g,
Blue Dragon Thai Green Curry Paste Pot,Blue Dragon Thai Green Curry Paste Pot50g,£1.25,£2.50 per 100g,
Blue Dragon Thai Hot Chilli Sriracha Sauce,Blue Dragon Thai Hot Chilli Sriracha Sauce435ml,£3.25,74.7p per 100ml,
Blue Dragon Thai Red Curry Kit,Blue Dragon Thai Red Curry Kit253g,£3.09,£1.22 per 100g,
Blue Dragon Thai Red Curry Paste,Blue Dragon Thai Red Curry Paste170g,£2.29,£1.35 per 100g,
Blue Dragon Thai Red Curry Paste Pot,Blue Dragon Thai Red Curry Paste Pot50g,£1.25,£2.50 per 100g,
Blue Dragon White Rice Vinegar,Blue Dragon White Rice Vinegar150ml,£2.19,£1.46 per 100ml,
Blue Dragon Yaki Soba Noodle Kit,Blue Dragon Yaki Soba Noodle Kit,£3.09,,
Blue Riband Milk Chocolate Caramel Wafer Biscuit Multipack 16 Pack,Blue Riband Milk Chocolate Caramel Wafe…288g,£2.25,78.1p per 100g,"Offer price £2.25, was £2.50"
Blue Riband Original 8 Pack,Blue Riband Original 8 Pack8 x 18g,£1.25,86.8p per 100g,
Bolands Lemon Puff Biscuits,Bolands Lemon Puff Biscuits200g,£1,50p per 100g,"Offer price £1, was £1.49"
Bonne Cuisine Madeira Wine Gravy Mix ,Bonne Cuisine Madeira Wine Gravy Mix 30g,79p,£2.63 per 100g,
Bonne Maman Apricot Conserve,Bonne Maman Apricot Conserve370g,£3.29,88.9p per 100g,
Bonne Maman Apricot Intense,Bonne Maman Apricot Intense335g,£3.79,£1.13 per 100g,
Bonne Maman Berries & Cherries Conserve,Bonne Maman Berries & Cherries Conserve370g,£3.29,88.9p per 100g,
Bonne Maman Bitter Orange Marmalade  ,Bonne Maman Bitter Orange Marmalade  370g,£3.25,87.8p per 100g,
Bonne Maman Black Cherry Conserve,Bonne Maman Black Cherry Conserve370g,£3.59,97p per 100g,
Bonne Maman Blackcurrant Conserve,Bonne Maman Blackcurrant Conserve370g,£3.29,88.9p per 100g,
Bonne Maman Damson Plum Conserve,Bonne Maman Damson Plum Conserve370g,£3.29,88.9p per 100g,
Bonne Maman Hazelnut Chocolate Spread,Bonne Maman Hazelnut Chocolate Spread250g,£2.89,£1.16 per 100g,
Bonne Maman Lemon Curd,Bonne Maman Lemon Curd360g,£2.89,80.3p per 100g,
Bonne Maman Peach Conserve,Bonne Maman Peach Conserve370g,£3.29,88.9p per 100g,
Bonne Maman Raspberry Conserve,Bonne Maman Raspberry Conserve370g,£3.59,97p per 100g,
Bonne Maman Strawberry Conserve,Bonne Maman Strawberry Conserve370g,£3.29,88.9p per 100g,
Bonne Maman Strawberry Conserve,Bonne Maman Strawberry Conserve750g,£5.89,78.5p per 100g,
Bonne Maman Strawberry Intense,Bonne Maman Strawberry Intense335g,£3.79,£1.13 per 100g,
Bonne Maman Wild Blueberry Conserve,Bonne Maman Wild Blueberry Conserve370g,£3.59,97p per 100g,
Bonne Maman Wild Strawberry Conserve,Bonne Maman Wild Strawberry Conserve370g,£3.59,97p per 100g,
Border Classic Sharing Pack ,Border Classic Sharing Pack 400g,£3.25,81.3p per 100g,"Offer price £3.25, was £3.75"
Border Dark Chocolate Ginger ,Border Dark Chocolate Ginger 6 x 24g,£1.85,£1.28 per 100g,
Border Dark Chocolate Gingers,Border Dark Chocolate Gingers150g,£1.25,83.3p per 100g,"Offer price £1.25, was £1.89"
Borderfields Cold Pressed British Rapeseed Oil,Borderfields Cold Pressed British Rapeseed Oil500ml,£3,60p per 100ml,"Offer price £3, was £3.50"
Border Lemon Drizzle Melts ,Border Lemon Drizzle Melts 150g,£1.75,£1.17 per 100g,
Bosh! Bangin' Beetroot Burger Mix,Bosh! Bangin' Beetroot Burger Mix120g,£2.39,£1.99 per 100g,
Bosh! Chocka Choco Cookie Mix,Bosh! Chocka Choco Cookie Mix220g,£3,£1.36 per 100g,
Bosh! Red Pepper Spelt Burger Mix,Bosh! Red Pepper Spelt Burger Mix120g,£2.39,£1.99 per 100g,
Bosh! Ultimate Falafel Mix,Bosh! Ultimate Falafel Mix120g,£2.39,£1.99 per 100g,
Bounce Caramel Protein Ball ,Bounce Caramel Protein Ball 40g,£2.10,£5.25 per 100g,
Bounce Choc Brownie Protein Ball,Bounce Choc Brownie Protein Ball40g,£2.10,£5.25 per 100g,
Bounce Hazelnut Protein Ball,Bounce Hazelnut Protein Ball40g,£2.10,£5.25 per 100g,
Bounty Coconut & Milk Chocolate Snack Bars Multipack ,Bounty Coconut & Milk Chocola…4 x 57g,£1.65,72.4p per 100g,"Offer price £1.65, was £1.95"
Bounty Coconut Milk Chocolate Easter Egg with 3 Fun Size Bars,Bounty Coconut Milk Chocolate Easte…235.5g,£3.25,£1.38 per 100g,
Bounty Milk Duo      ,Bounty Milk Duo      57g,75p,£1.32 per 100g,
Bounty Triple Treat Fruit & Nut Milk Chocolate Snack Bars Multipack,Bounty Triple Treat Fruit & Nut Milk Ch…4 x 32g,£1.75,£1.37 per 100g,
"Bounty Triple Treat Fruit, Nut & Chocolate Snack Bar","Bounty Triple Treat Fruit, Nu…40g",65p,£1.63 per 100g,
Bovril Beef Yeast Extract,Bovril Beef Yeast Extract250g,£4.39,£1.76 per 100g,
Branston Baked Beans,Branston Baked Beans410g,99p,£2.41 per kg,
Branston Baked Beans,Branston Baked Beans220g,69p,£3.14 per kg,
Branston Baked Beans,Branston Baked Beans4 x 410g,£2.99,£1.82 per kg,
Branston Baked Beans,Branston Baked Beans6 x 410g,£4.49,£1.83 per kg,
Branston Baked Beans with Sausages,Branston Baked Beans with Sausages405g,£1.35,£3.33 per kg,
Branston Branstonnnaise Small Chunk Pickle Mayo,Branston Branstonnnaise Small Chunk Pickle Mayo260g,£1.50,57.7p per 100g,"Offer price £1.50, was £1.99"
Branston Caramelised Onion Chutney ,Branston Caramelised Onion Chutney 290g,£1.50,51.7p per 100g,"Offer price £1.50, was £1.79"
Branston Mediterranean Tomato Chutney,Branston Mediterranean Tomato Chutney290g,£1.50,51.7p per 100g,"Offer price £1.50, was £1.79"
Branston Original Piccalilli ,Branston Original Piccalilli 360g,£1.50,41.6p per 100g,"Offer price £1.50, was £2.19"
Branston Original Sweet Pickle,Branston Original Sweet Pickle360g,£1.79,49.7p per 100g,
Branston Original Sweet Pickle,Branston Original Sweet Pickle720g,£2.79,38.8p per 100g,
Branston Piccalilli Small Chunks ,Branston Piccalilli Small Chunks 360g,£1.50,41.6p per 100g,"Offer price £1.50, was £2.19"
Branston Rich & Fruity Sauce,Branston Rich & Fruity Sauce245g,95p,38.8p per 100g,
Branston Small Chunk Sweet Pickle,Branston Small Chunk Sweet Pickle360g,£1.79,49.7p per 100g,
Branston Small Chunk Sweet Pickle,Branston Small Chunk Sweet Pickle720g,£2.79,38.8p per 100g,
Branston Smooth Pickle Squeezable,Branston Smooth Pickle Squeezable355g,£1.99,56.1p per 100g,
Branston Smooth Sweet Pickle ,Branston Smooth Sweet Pickle 370g,£1.79,48.4p per 100g,
Branston Squeezy Small Chunk Pickle,Branston Squeezy Small Chunk Pickle350g,£1.99,56.9p per 100g,
Brave Ape Blueberry & Cinnamon Instant Keto Porridge,Brave Ape Blueberry & Cinnamo…240g,£5.75,£2.40 per 100g,
Breakaway Milk Chocolate Biscuit Bar Multipack 8 Pack,Breakaway Milk Chocolate Bisc…8 x 19g,£1.25,82.2p per 100g,
Brooklyn Diner Hot Dogs,Brooklyn Diner Hot Dogs550g,£2.25,40.9p per 100g,
Buckwud Canadian Maple Syrup,Buckwud Canadian Maple Syrup250g,£6,£2.40 per 100g,
Bull's-Eye Applewood Smoked BBQ Sauce,Bull's-Eye Applewood Smoked BBQ Sauce300ml,£2.99,99.7p per 100ml,
Bull's-Eye Louisiana Chipotle Medium Hot Sauce,Bull's-Eye Louisiana Chip…135g,£2.29,£1.70 per 100g,
Bull's-Eye New York Steakhouse BBQ Sauce,Bull's-Eye New York Steakhouse BBQ Sauce360g,£2.99,83.1p per 100g,
Bull's-Eye Original,Bull's-Eye Original355g,£2.99,84.2p per 100g,
Bunlimited 4 Classic Hot Dogs ,Bunlimited 4 Classic Hot Dogs 280g,£2.49,88.9p per 100g,
Butterkist Cinema Sweet Popcorn 100g,Butterkist Cinema Sweet Popcorn 100g100g,£1.25,£1.25 per 100g,
Butterkist Crunchy Toffee Popcorn,Butterkist Crunchy Toffee Popcorn170g,£1.50,88.2p per 100g,"Offer price £1.50, was £1.99"
Butterkist Crunchy Toffee Popcorn ,Butterkist Crunchy Toffee Popcorn 6 x 20g,£1.50,£1.25 per 100g,
Butterkist Delicious Sweet & Salted Popcorn 100g,Butterkist Delicious Sweet & Salted Popcorn 100g100g,£1.25,£1.25 per 100g,
Butterkist Salted Microwave Popcorn 3x60g,Butterkist Salted Microwave Popcorn 3x60g3 x 60g,£1.75,97.5p per 100g,"Offer price £1.75, was £2.10"
Butterkist Simply Salted Popcorn,Butterkist Simply Salted Popcorn80g,£1.25,£1.56 per 100g,
Butterkist Sweet & Salted Microwave Popcorn 3x60g,Butterkist Sweet & Salted Microwave Popcorn 3x60g3 x 60g,£1.75,97.2p per 100g,
Butter Puffs Biscuit Crackers,Butter Puffs Biscuit Crackers200g,£1.99,99.5p per 100g,
Cadbury Animals With Freddo ,Cadbury Animals With Freddo 139.3g,£1,71.8p per 100g,
Cadbury Bitsa Wispa Chocolate Bag,Cadbury Bitsa Wispa Chocolate Bag110g,£1.50,£1.36 per 100g,
Cadbury Boost Chocolate Bar Multipack 4 Pack,Cadbury Boost Chocolate Bar Multipack 4 Pack148g,£1.50,£1.01 per 100g,
Cadbury Boost Duo Chocolate Bar,Cadbury Boost Duo Chocolate Bar63g,50p,79.4p per 100g,
Cadbury Bournville Buttons Dark Chocolate Bag,Cadbury Bournville Button…110g,£1.35,£1.23 per 100g,"Offer price £1.35, was £1.85"
Cadbury Bournville Cocoa Tub,Cadbury Bournville Cocoa Tub250g,£3.25,£1.30 per 100g,
Cadbury Bournville Dark Chocolate Bar ,Cadbury Bournville Dark Chocolate Bar 180g,£2,£1.11 per 100g,
Cadbury Bournville Fingers Dark Chocolate Biscuits,Cadbury Bournville Fingers…114g,£1.50,£1.32 per 100g,
Cadbury Bournville Old Jamaica Dark Chocolate Rum & Raisin Bar,Cadbury Bournville Old Jamaica Dark…100g,£1.35,£1.35 per 100g,
Cadbury Brownie Mix,Cadbury Brownie Mix350g,£2.99,85.4p per 100g,
Cadbury Brunch Bar Raisin Chocolate Bar Multipack 5 Pack,Cadbury Brunch Bar Raisin Choco…160g,£1.25,78.1p per 100g,
Cadbury Brunch Bournville Dark Chocolate Bar Multipack 5 Pack,Cadbury Brunch Bournville Dark Choc…160g,£1.25,78.1p per 100g,
Cadbury Brunch Choc Chip Chocolate Bar Multipack 5 Pack,Cadbury Brunch Choc Chip Chocol…160g,£1.25,78.1p per 100g,
Cadbury Brunch Peanut Chocolate Bar Multipack 5 Pack,Cadbury Brunch Peanut Chocola…160g,£1.25,78.1p per 100g,
Cadbury Caramel Chocolate Easter Egg,Cadbury Caramel Chocolate Easter Egg195g,£3.25,£1.67 per 100g,
Cadbury Caramel Egg 40g,Cadbury Caramel Egg 40g40g,70p,£1.75 per 100g,Buy 2 for £1
Cadbury Caramilk Buttons Chocolate Bag,Cadbury Caramilk Buttons Chocolate Bag105g,£1.35,£1.29 per 100g,"Offer price £1.35, was £1.50"
Cadbury Caramilk Chocolate Bar,Cadbury Caramilk Chocolate Bar90g,£1.35,£1.50 per 100g,
Cadbury Caramilk Chocolate Bar,Cadbury Caramilk Chocolate Bar37g,75p,£2.03 per 100g,Buy 2 for £1.20
Cadbury Chocolate Easter Egg Hunt,Cadbury Chocolate Easter Egg Hunt317g,£5,£1.58 per 100g,
Cadbury Chocolate Sponge Mix ,Cadbury Chocolate Sponge Mix 400g,£2.99,£7.48 per kg,
Cadbury Creme Egg,Cadbury Creme Egg40g,70p,£1.75 per 100g,Buy 2 for £1
Cadbury Creme Egg 10Pack Chocolate Multipack ,Cadbury Creme Egg 10Pack…400g,£4.25,£1.06 per 100g,
Cadbury Creme Egg 5 Pack Mulitpack ,Cadbury Creme Egg 5 Pack Mulitpack 197g,£2.25,£1.14 per 100g,
Cadbury Creme Egg Chocolate Easter Egg,Cadbury Creme Egg Chocolate Easter Egg195g,£3.25,£1.67 per 100g,
Cadbury Creme Egg Large Chocolate Easter Egg,Cadbury Creme Egg Large Chocolate Easter Egg235g,£5,£2.13 per 100g,
Cadbury Creme Egg Mixed Milk & White Chocolate Egg 5Pk,Cadbury Creme Egg Mixed Milk &…200g,£2.25,£1.13 per 100g,
Cadbury Crunchie Chocolate Bar Multipack 4 Pack,Cadbury Crunchie Chocolat…128g,£1.50,£1.17 per 100g,
Cadbury Crunchie Chocolate Bar Multipack 9 Pack,Cadbury Crunchie Chocolat…235g,£2,85.1p per 100g,
Cadbury Crunchie Chocolate Easter Egg ,Cadbury Crunchie Chocolate Easter Egg 190g,£3.25,£1.71 per 100g,
Cadbury Crunchie Rocks Chocolate Bag,Cadbury Crunchie Rocks Chocolate Bag110g,£1.35,£1.22 per 100g,"Offer price £1.35, was £1.50"
Cadbury Crunchy Melts Chocolate Centre Chocolate Biscuits,Cadbury Crunchy Melts Chocolate C…156g,£1.90,£1.22 per 100g,
Cadbury Crunchy Melts Oreo Creme Cookies,Cadbury Crunchy Melts Oreo Creme Cookies156g,£1.90,£1.22 per 100g,
Cadbury Curly Wurly Chocolate Multipack 5 Pack,Cadbury Curly Wurly Choco…107.5g,£1.25,£1.16 per 100g,
Cadbury Curlywurly Squirlies Chocolate Bag,Cadbury Curlywurly Squirlies Chocolate Bag110g,£1.35,£1.22 per 100g,"Offer price £1.35, was £1.50"
Cadbury Dairy Milk Buttons Giant Chocolate Easter Egg ,Cadbury Dairy Milk Buttons Gian…419g,£10,£2.39 per 100g,
Cadbury Dairy Milk Buttons Mint ,Cadbury Dairy Milk Buttons Mint 110g,£1.35,£1.22 per 100g,"Offer price £1.35, was £1.50"
Cadbury Dairy Milk Caramel Chocolate Bar,Cadbury Dairy Milk Caramel Chocolate Bar120g,£1.35,£1.13 per 100g,"Offer price £1.35, was £1.50"
Cadbury Dairy Milk Caramel Chocolate Bar,Cadbury Dairy Milk Caramel Chocolate Bar180g,£2,£1.11 per 100g,
Cadbury Dairy Milk Caramel Chocolate Bar Multipack 4 Pack,Cadbury Dairy Milk Caramel Chocol…148g,£1.50,£1.01 per 100g,
Cadbury Dairy Milk Caramel Nibbles Chocolate Bag,Cadbury Dairy Milk Caramel…120g,£1.35,£1.13 per 100g,"Offer price £1.35, was £1.50"
Cadbury Dairy Milk Chocolate Bar,Cadbury Dairy Milk Chocolate Bar110g,£1.35,£1.22 per 100g,"Offer price £1.35, was £1.50"
Cadbury Dairy Milk Chocolate Bar,Cadbury Dairy Milk Chocolate Bar360g,£3.99,£1.11 per 100g,
Cadbury Dairy Milk Chocolate Bar,Cadbury Dairy Milk Chocolate Bar180g,£2,£1.11 per 100g,
Cadbury Dairy Milk Chocolate Bar Multipack 4 Pack,Cadbury Dairy Milk Chocolat…134g,£1.50,£1.12 per 100g,
Cadbury Dairy Milk Chocolate Bar Multipack 9 Pack,Cadbury Dairy Milk Chocolat…244.8g,£2,81.7p per 100g,
Cadbury Dairy Milk Chocolate Easter Hollow Bunny,Cadbury Dairy Milk Chocolat…100g,£2,£2.00 per 100g,
Cadbury Dairy Milk Chunk Giant Chocolate Easter Egg ,Cadbury Dairy Milk Chunk Gian…400g,£10,£2.50 per 100g,
Cadbury Dairy Milk Classic Peter Plush Hollow Chocolate,Cadbury Dairy Milk Classic Pete…72g,£5,£6.94 per 100g,
Cadbury Dairy Milk Creme Egg Mini Filled Egg Bag,Cadbury Dairy Milk Creme Egg Mini Filled Egg Bag78g,£1.25,£1.60 per 100g,
Cadbury Dairy Milk Crunchie Bits Chocolate Bar ,Cadbury Dairy Milk Crunch…180g,£2,£1.11 per 100g,
Cadbury Dairy Milk Daim Chocolate Bar,Cadbury Dairy Milk Daim Chocolate Bar120g,£1.35,£1.13 per 100g,"Offer price £1.35, was £1.50"
Cadbury Dairy Milk Daim Mini Filled Egg Chocolate Bag,Cadbury Dairy Milk Daim Mini…77g,£1.25,£1.62 per 100g,
Cadbury Dairy Milk Duo Chocolate Bar,Cadbury Dairy Milk Duo Chocolate Bar54.4g,85p,£1.56 per 100g,
Cadbury Dairy Milk Easter Bunny Orange Mousse Chocolate Bar,Cadbury Dairy Milk Easter Bunny O…30g,70p,£2.33 per 100g,Buy 2 for £1
Cadbury Dairy Milk Freddo & Friends Treatsize Chocolate 12pack,Cadbury Dairy Milk Freddo & Friends…191g,£1,52.4p per 100g,"Offer price £1, was £1.99 - Online Exclusive"
Cadbury Dairy Milk Freddo Caramel Chocolate Multipack 5 Pack,Cadbury Dairy Milk Freddo Caramel C…97.5g,£1.25,£1.28 per 100g,
Cadbury Dairy Milk Freddo Chocolate Multipack 5 Pack,Cadbury Dairy Milk Freddo Cho…90g,£1.25,£1.39 per 100g,
Cadbury Dairy Milk Fruit & Nut Chocolate Bar,Cadbury Dairy Milk Fruit & Nut Chocolate Bar180g,£2,£1.11 per 100g,
Cadbury Dairy Milk Giant Buttons,Cadbury Dairy Milk Giant Buttons184.8g,£2,£1.08 per 100g,
Cadbury Dairy Milk Giant Buttons Chocolate Bag,Cadbury Dairy Milk Giant Buttons Chocolate Bag119g,£1.35,£1.13 per 100g,"Offer price £1.35, was £1.50"
Cadbury Dairy Milk Giant Orange Buttons Chocolate Bag,Cadbury Dairy Milk Giant Oran…110g,£1.35,£1.22 per 100g,"Offer price £1.35, was £1.50"
Cadbury Dairy Milk Hot Cross Bun Chocolate Bar ,Cadbury Dairy Milk Hot Cross Bun Chocolate Bar 110g,£1,91.2p per 100g,"Offer price £1, was £1.25"
Cadbury Dairy Milk Large Chocolate Easter Egg,Cadbury Dairy Milk Large Chocolate Easter Egg245g,£5,£2.04 per 100g,
Cadbury Dairy Milk Little Bars Chocolate Multipack 6 Pack ,Cadbury Dairy Milk Little Bars Ch…108g,£1.25,£1.16 per 100g,
Cadbury Dairy Milk Marvellous Creations Jelly Popping Candy Chocolate Bar,Cadbury Dairy Milk Marvellous C…160g,£2,£1.25 per 100g,
Cadbury Dairy Milk Mini Egg Filled Egg Chocolate Bag,Cadbury Dairy Milk Mini Egg F…77g,£1.25,£1.62 per 100g,
Cadbury Dairy Milk Mint ,Cadbury Dairy Milk Mint 180g,£2,£1.11 per 100g,
Cadbury Dairy Milk Mint Fingers,Cadbury Dairy Milk Mint Fingers114g,£1.50,£1.32 per 100g,
Cadbury Dairy Milk Orange Chocolate Bar,Cadbury Dairy Milk Orange Chocolate Bar180g,£2,£1.11 per 100g,
Cadbury Dairy Milk Orange Mini Filled Egg Chocolate Bag ,Cadbury Dairy Milk Orange Mini…72g,£1.25,£1.74 per 100g,
Cadbury Dairy Milk Oreo Bites Chocolate Bag,Cadbury Dairy Milk Oreo Bites Chocolate Bag110g,£1.35,£1.22 per 100g,"Offer price £1.35, was £1.50"
Cadbury Dairy Milk Oreo Chocolate Bar,Cadbury Dairy Milk Oreo Chocolate Bar120g,£1.35,£1.13 per 100g,"Offer price £1.35, was £1.50"
Cadbury Dairy Milk Whole Nut Chocolate Bar,Cadbury Dairy Milk Whole Nut Chocolate Bar120g,£1.35,£1.13 per 100g,"Offer price £1.35, was £1.50"
Cadbury Dairy Milk Whole Nut Chocolate Bar ,Cadbury Dairy Milk Whole Nut Chocolate Bar 180g,£2,£1.11 per 100g,
Cadbury Darkmilk Bar,Cadbury Darkmilk Bar90g,£1.35,£1.50 per 100g,
Cadbury Dark Milk Giant Buttons Chocolate Bag,Cadbury Dark Milk Giant Buttons Chocolate Bag105g,£1.35,£1.29 per 100g,"Offer price £1.35, was £1.50"
Cadbury Darkmilk Hazelnut Chocolate Bar,Cadbury Darkmilk Hazelnut Chocolate Bar85g,£1.35,£1.59 per 100g,
Cadbury Delights Hazelnut,Cadbury Delights Hazelnut5 x 110g,£1.35,24.5p per 100g,
Cadbury Delights Orange,Cadbury Delights Orange5 x 110g,£1.35,24.5p per 100g,
Cadbury Delights Salted Caramel,Cadbury Delights Salted Caramel5 x 110g,£1.35,24.5p per 100g,
Cadbury Double Decker,Cadbury Double Decker54.5g,75p,£1.38 per 100g,Buy 2 for £1.20
Cadbury Double Decker Chocolate Bar Multipack 4 Pack,Cadbury Double Decker Chocola…174.8g,£1.50,85.8p per 100g,
Cadbury Double Decker Duo Chocolate Bar,Cadbury Double Decker Duo Chocolate Bar74.6g,85p,£1.14 per 100g,
Cadbury Drinking Chocolate Hot Chocolate Tub,Cadbury Drinking Chocol…250g,£2.25,90p per 100g,
Cadbury Drinking Chocolate Hot Chocolate Tub,Cadbury Drinking Chocol…500g,£3.29,65.8p per 100g,
Cadbury Eclairs Classic Pouch Chocolate Bag,Cadbury Eclairs Classic Pouch Chocolate Bag166g,£1,60.2p per 100g,
Cadbury Family Treatsize Chocolate Bag 14 Pack,Cadbury Family Treatsize Chocolate Bag 14 Pack216g,£2.75,£1.27 per 100g,
Cadbury Fingers Large Chocolate Easter Egg,Cadbury Fingers Large Chocolate Easter Egg212.5g,£5,£2.35 per 100g,
Cadbury Flake 99 Chocolate Bar 14 Pack,Cadbury Flake 99 Chocolate Bar 14 Pack14 x 8.25g,£2,£1.73 per 100g,
Cadbury Flake Chocolate Bar Multipack 4 pack,Cadbury Flake Chocolate Bar Multipack 4 pack102g,£1.50,£1.47 per 100g,
Cadbury Freddo Chocolate Kids Multipack 6 Pack,Cadbury Freddo Chocolate…108g,£1,92.6p per 100g,
Cadbury Freddo Faces Chocolate Easter Egg,Cadbury Freddo Faces Chocolate Easter Egg96g,£1.50,£1.56 per 100g,Save 50p Off Your Next Shop
Cadbury Fruit & Nut Chocolate Bar,Cadbury Fruit & Nut Chocolate Bar110g,£1.35,£1.22 per 100g,"Offer price £1.35, was £1.50"
Cadbury Fruit & Nut Giant Chocolate Easter Egg,Cadbury Fruit & Nut Giant Chocolate Easter Egg532g,£10,£1.88 per 100g,
Cadbury Fudge Chocolate Multipack 5 Pack ,Cadbury Fudge Chocolate Multipack 5 Pack 110g,£1.25,£1.14 per 100g,
Cadbury Fudge Minis Chocolate Bag,Cadbury Fudge Minis Chocolate Bag120g,£1.35,£1.13 per 100g,"Offer price £1.35, was £1.50"
Cadbury Giant Buttons Chocolate Easter Egg ,Cadbury Giant Buttons Chocolate Easter Egg 195g,£3.25,£1.67 per 100g,
Cadbury Heroes Chocolate Carton,Cadbury Heroes Chocolate Carton185g,£3,£1.62 per 100g,
Cadbury Highlights Milk Choc Drink,Cadbury Highlights Milk Choc Drink220g,£4,£1.82 per 100g,
Cadbury Highlights Milk Chocolate,Cadbury Highlights Milk Chocolate11g,39p,£3.55 per 100g,
Cadbury Instant Chocolate Break Hot Chocolate Jar,Cadbury Instant Chocolate B…400g,£2.99,74.8p per 100g,
Cadbury Instants Stick Pack,Cadbury Instants Stick Pack28g,39p,£1.39 per 100g,
Cadbury Milk Buttons Chocolate Easter Egg ,Cadbury Milk Buttons Chocolate Easter Egg 98g,£1.50,£1.53 per 100g,Save 50p Off Your Next Shop
Cadbury Milk Chocolate Fingers,Cadbury Milk Chocolate Fingers114g,£1.50,£1.32 per 100g,
Cadbury Milk Chocolate Fingers,Cadbury Milk Chocolate Fingers189g,£1.99,£1.05 per 100g,
Cadbury Milk Chocolate Spread,Cadbury Milk Chocolate Spread400g,£2.99,74.8p per 100g,
Cadbury Milk Chocolate Sticky Puddings,Cadbury Milk Chocolate Sticky Puddings2 x 95g,£1.50,78.9p per 100g,
Cadbury Milk Tray Chocolate Box,Cadbury Milk Tray Chocolate Box360g,£6,£1.67 per 100g,
Cadbury Milk Tray Chocolate Box,Cadbury Milk Tray Chocolate Box530g,£8,£1.51 per 100g,
Cadbury Mini Eggs Chocolate 10 Bags Pouch Bag ,Cadbury Mini Eggs Chocola…385g,£4,£1.04 per 100g,
Cadbury Mini Eggs Chocolate Bag,Cadbury Mini Eggs Chocolate Bag80g,£1.25,£1.56 per 100g,
Cadbury Mini Eggs Chocolate Bar,Cadbury Mini Eggs Chocolate Bar110g,£1,91.2p per 100g,"Offer price £1, was £1.25"
Cadbury Mini Eggs Chocolate Easter Egg,Cadbury Mini Eggs Chocolate Easter Egg193.5g,£3.25,£1.68 per 100g,
Cadbury Mini Eggs Chocolate Easter Egg,Cadbury Mini Eggs Chocolate Easter Egg97g,£1.50,£1.55 per 100g,Save 50p Off Your Next Shop
Cadbury Mini Eggs Chocolate Large Family Bag ,Cadbury Mini Eggs Chocola…296g,£3.50,£1.18 per 100g,
Cadbury Mini Eggs Giant Inclusion Chocolate Easter Egg ,Cadbury Mini Eggs Giant Inclusi…507g,£10,£1.97 per 100g,
Cadbury Mini Eggs Large Chocolate Easter Egg,Cadbury Mini Eggs Large Chocolate Easter Egg232g,£5,£2.16 per 100g,
Cadbury Mini Fingers Biscuits Bag ,Cadbury Mini Fingers Biscuits Bag 6 x 19.3g,£1,86.4p per 100g,
Cadbury Minis Mix Chocolate Eggs Bag,Cadbury Minis Mix Chocolate Eggs Bag238g,£3,£1.26 per 100g,
Cadbury Nuttier Almond And Cranberry,Cadbury Nuttier Almond And Cranberry120g,£2,£1.67 per 100g,
Cadbury Nuttier Almond And Peanut,Cadbury Nuttier Almond And Peanut120g,£2,£1.67 per 100g,
Cadbury Nuttier Peanut & Almond,Cadbury Nuttier Peanut & Almond40g,£1.20,£3.00 per 100g,
Cadbury Orange Fingers,Cadbury Orange Fingers114g,£1.50,£1.32 per 100g,
Cadbury Picnic Chocolate Bar Multipack 4 Pack,Cadbury Picnic Chocolate Bar Multipack 4 Pack152g,£1.50,98.7p per 100g,
Cadbury Plant Chocolate Bar,Cadbury Plant Chocolate Bar90g,£2.50,£2.78 per 100g,
Cadbury Roses Chocolate Carton,Cadbury Roses Chocolate Carton186g,£3,£1.61 per 100g,
Cadbury Roundie Milk Chocolate,Cadbury Roundie Milk Chocolate180g,£1.75,97.2p per 100g,"Offer price £1.75, was £2.25"
Cadbury's Crunchie Single Bar,Cadbury's Crunchie Single Bar40g,75p,£1.88 per 100g,Buy 2 for £1.20
Cadbury Shortcake Snack Bars Multipack,Cadbury Shortcake Snack Bars Multipack6 x 20g,£1.25,£1.04 per 100g,
Cadbury Starbar,Cadbury Starbar49g,75p,£1.53 per 100g,Buy 2 for £1.20
Cadbury Timeout Chocolate Orange Wafer Biscuit Bar Multipack 7 Pack,Cadbury Timeout Chocolate O…141.4g,£1.50,£1.06 per 100g,
Cadbury Timeout Chocolate Wafer Biscuit Bar Multipack 7 Pack,Cadbury Timeout Chocolate Wafer Bis…141.1g,£1.50,£1.06 per 100g,
Cadbury Treatsize Buttons Chocolate Bags 12 Pack,Cadbury Treatsize Buttons Chocolate Bags 12 Pack170g,£2.75,£1.62 per 100g,
Cadbury Twirl Bites Chocolate Bag,Cadbury Twirl Bites Chocolate Bag109g,£1.35,£1.24 per 100g,"Offer price £1.35, was £1.50"
Cadbury Twirl Chocolate Bar Multipack 4pk,Cadbury Twirl Chocolate Bar Multipack 4pk4 x 34g,£1.50,£1.10 per 100g,
Cadbury Twirl Chocolate Easter Egg,Cadbury Twirl Chocolate Easter Egg198g,£3.25,£1.64 per 100g,
Cadbury Twirl Large Chocolate Easter Egg ,Cadbury Twirl Large Chocolate Easter Egg 241g,£5,£2.07 per 100g,
Cadbury Twirl Orange Chocolate Easter Egg,Cadbury Twirl Orange Chocolate Easter Egg198g,£3.25,£1.64 per 100g,
Cadbury Twirl Single Chocolate Bars Multipack 10 Pack,Cadbury Twirl Single Chocolat…215g,£2,93p per 100g,
Cadbury White Buttons Chocolate Easter Egg ,Cadbury White Buttons Chocolate Easter Egg 98g,£1.50,£1.53 per 100g,Save 50p Off Your Next Shop
Cadbury White Chocolate Fingers Biscuits ,Cadbury White Chocolate Fingers Biscuits 114g,£1.50,£1.32 per 100g,
Cadbury White Creme Egg,Cadbury White Creme Egg40g,70p,£1.75 per 100g,Buy 2 for £1
Cadbury White Giant Buttons Chocolate Bag,Cadbury White Giant Buttons Chocolate Bag110g,£1.35,£1.22 per 100g,"Offer price £1.35, was £1.50"
Cadbury Wispa Chocolate Bar Multipack 4 Pack,Cadbury Wispa Chocolate Bar Multipack 4 Pack111.6g,£1.50,£1.34 per 100g,
Cadbury Wispa Chocolate Easter Egg ,Cadbury Wispa Chocolate Easter Egg 182.5g,£3.25,£1.78 per 100g,
Cadbury Wispa Duo Chocolate Bar,Cadbury Wispa Duo Chocolate Bar47.4g,85p,£1.79 per 100g,
Cadbury Wispa Large Chocolate Easter Egg,Cadbury Wispa Large Chocolate Easter Egg239g,£5,£2.09 per 100g,
Cafe Direct Machu Picchu Coffee,Cafe Direct Machu Picchu Coffee227g,£4.99,£2.20 per 100g,
Cafe Direct Mayan Gold Mexico Coffee,Cafe Direct Mayan Gold Mexico Coffee227g,£4.99,£2.20 per 100g,
Cake Angels Disney Frozen 2 Chocolate Cupcake Kit,Cake Angels Disney Frozen 2…171g,£2,£1.17 per 100g,
Cake Angels Disney Princess Cupcake Kit,Cake Angels Disney Princess Cupcake Kit115g,£2,£1.74 per 100g,
Cake Angels Disney Toy Story 4 Cupcake Kit ,Cake Angels Disney Toy Story 4 Cupcake Kit 176g,£2,£1.14 per 100g,
Cake Angels Posh Cake Toppers Raspberry & White Chocolate Chunks ,Cake Angels Posh Cake Toppers Raspber…90g,£2.50,£2.78 per 100g,
Cake Angels Posh Cake Toppers Salted Caramel Brownie Fudge Chunks ,Cake Angels Posh Cake Toppers Salted Ca…90g,£2.50,£2.78 per 100g,
Cake Decor Black Colour Gel,Cake Decor Black Colour Gel19g,£1.49,£7.84 per 100g,
Cake Decor Blue Colour Gel,Cake Decor Blue Colour Gel19g,£1.49,£7.84 per 100g,
Cake Decor Blue Food Colour,Cake Decor Blue Food Colour38ml,£1.15,£3.03 per 100ml,
Cake Decor Cake Pens Edible 8 Colours,Cake Decor Cake Pens Edible 8 Colours,£2,,
Cake Decor Chocolate Frosting,Cake Decor Chocolate Frosting400g,£1.89,47.3p per 100g,
Cake Decor Chocolate Orange Cake Kit,Cake Decor Chocolate Orange Cake Kit790g,£4,50.6p per 100g,
Cake Decor Crazy Faces,Cake Decor Crazy Faces22g,£1.25,£5.68 per 100g,
Cake Decor Dinosaur Cupcake Cases,Cake Decor Dinosaur Cupcake Cases25 per pack,£1.25,5p each,
Cake Decor Edible Eyes,Cake Decor Edible Eyes25g,£1.65,£6.60 per 100g,
Cake Decor Edible Glue,Cake Decor Edible Glue19g,£1.75,£9.21 per 100g,
Cake Decor Gold Glitter Spray,Cake Decor Gold Glitter Spray4g,£3.25,£81.25 per 100g,
Cake Decor Green Colour Gel,Cake Decor Green Colour Gel19g,£1.49,£7.84 per 100g,
Cake Decor Green Food Colour,Cake Decor Green Food Colour38ml,£1.15,£3.03 per 100ml,
Cake Decor Pink Colour Gel,Cake Decor Pink Colour Gel19g,£1.49,£7.84 per 100g,
Cake Decor Pink Food Colour ,Cake Decor Pink Food Colour 38ml,£1.15,30.3p per 10ml,
Cake Decor Purple Colour Gel,Cake Decor Purple Colour Gel19g,£1.49,£7.84 per 100g,
Cake Decor Red Colour Gel,Cake Decor Red Colour Gel19g,£1.49,£7.84 per 100g,
Cake Decor Red Food Colour,Cake Decor Red Food Colour38ml,£1.15,30.3p per 10ml,
Cake Decor Silver Glitter Spray,Cake Decor Silver Glitter Spray4g,£3.25,£81.25 per 100g,
Cake Decor Snowman Cupcake Kit,Cake Decor Snowman Cupcake Kit233g,£2.50,£1.07 per 100g,
Cake Decor Stunning Galaxy Sprinkles,Cake Decor Stunning Galaxy Sprinkles50g,£1.25,£2.50 per 100g,
Cake Decor Surprise Inside Cake Kit ,Cake Decor Surprise Inside Cake Kit 825g,£4,48.5p per 100g,
Cake Decor Vanilla Frosting,Cake Decor Vanilla Frosting400g,£1.89,47.3p per 100g,
Cake Decor Yellow Colour Gel,Cake Decor Yellow Colour Gel19g,£1.49,£7.84 per 100g,
Cake Decor Yellow Food Colour,Cake Decor Yellow Food Colour38ml,£1.15,£3.03 per 100ml,
Campbell's Condensed Cream Of Chicken Soup,Campbell's Condensed Cream Of Chicken Soup295g,£1.19,40.3p per 100g,
Campbell's Condensed Cream of Mushroom Soup,Campbell's Condensed Cream of Mushroom Soup295g,£1.19,40.3p per 100g,
Campbell's Condensed Cream of Tomato Soup,Campbell's Condensed Cream of Tomato Soup295g,£1.19,40.3p per 100g,
Camp Chicory & Coffee Essence,Camp Chicory & Coffee Essence241ml,£1.95,80.9p per 100ml,
Canderel 0 Calories 300 Tablets,Canderel 0 Calories 300 Tablets300 per pack,£3.29,1.1p each,
Canderel Caster Sugar & Sweetener Blend ,Canderel Caster Sugar & Sweetener Blend 370g,£2.75,74.3p per 100g,
Canderel On The Go 0 Calorie Liquid Drops,Canderel On The Go 0 Calorie Liquid Drops55ml,£1.80,£3.27 per 100ml,
Canderel Spoonful Sweetener,Canderel Spoonful Sweetener75g,£1.69,£22.53 per kg,
Canderel Sucralose Jar,Canderel Sucralose Jar75g,£1.69,£2.25 per 100g,
Canderel Sugarly Value Pack,Canderel Sugarly Value Pack370g,£4.29,£1.16 per 100g,
Canderel Tablets Refill Sachets,Canderel Tablets Refill Sachets500 per pack,£5.29,1.1p each,
Candy Kittens Wild Strawberry,Candy Kittens Wild Strawberry140g,£2.50,£1.79 per 100g,
CANNACOFFEE Original CBD Coffee Pods,CANNACOFFEE Original CBD Coffee Pods10 per pack,£7.50,75p each,
Cape Herb & Spice Chipotle Chilli Smoky Southwestern Seasoning,Cape Herb & Spice Chipotle Chilli S…80g,£3.49,£4.36 per 100g,
Cape Herb & Spice Piri-Piri Chilli Fiery Mozambican Seasoning,Cape Herb & Spice Piri-Piri Chilli…80g,£3,£3.75 per 100g,
Cape Herb & Spice Rub Caribbean Jerk Seasoning,Cape Herb & Spice Rub Caribbean Jerk Seasoning100g,£3.49,34.9p per 10g,
Cape Herb & Spice Rub Louisiana Cajun Seasoning,Cape Herb & Spice Rub Lou…100g,£3.49,£3.49 per 100g,
Cape Herb & Spice Rub Portuguese Peri Peri Seasoning,Cape Herb & Spice Rub Portugu…100g,£3.49,£3.49 per 100g,
Cape Herb & Spice Rub Smokehouse BBQ Seasoning,Cape Herb & Spice Rub Smo…100g,£3.49,£3.49 per 100g,
Cape Herb & Spice Rub Texan Steakhouse Seasoning ,Cape Herb & Spice Rub Texan…100g,£3.49,£3.49 per 100g,
Captain Kombucha Ginger Lemon ,Captain Kombucha Ginger Lemon 400ml,£2.50,62.5p per 100ml,
Captain Kombucha Legendary Bubbly Drink Californian Raspberry 400Ml,Captain Kombucha Legendary…400ml,£2.50,62.5p per 100ml,
Captain Kombucha Legendary Bubbly Drink Original,Captain Kombucha Legendary…400ml,£2.50,62.5p per 100ml,
Carapelli Organic Extra Virgin Olive Oil,Carapelli Organic Extra Virgin Olive Oil500ml,£9,£1.80 per 100ml,
Carbzone Low Carb Fusilli Pasta,Carbzone Low Carb Fusilli Pasta250g,£5,£2.00 per 100g,
Carbzone Low Carb Organic Almond Flour ,Carbzone Low Carb Organic Almond Flour 500g,£12,£24.00 per kg,
Carbzone Low Carb Penne Pasta,Carbzone Low Carb Penne Pasta250g,£5,£2.00 per 100g,
Carnation Caramel Dessert Filling Tin,Carnation Caramel Dessert Filling Tin397g,£1.75,44.1p per 100g,"Offer price £1.75, was £2"
Carnation Evaporated Milk Tin,Carnation Evaporated Milk Tin170g,89p,52.4p per 100g,
Carnation Evaporated Milk Tin,Carnation Evaporated Milk Tin410g,£1.65,40.2p per 100g,
Carnation Sweetened Condensed Milk Tin,Carnation Sweetened Condensed Milk Tin397g,£1.75,44.1p per 100g,"Offer price £1.75, was £2"
Carousel Oyster Delights,Carousel Oyster Delights6 per pack,30p,5p each,
Carr's Melts Cheese Crackers,Carr's Melts Cheese Crackers150g,£1.99,£1.33 per 100g,Buy 2 for £3
Carr's Melts Original Crackers,Carr's Melts Original Crackers150g,£1.99,£1.33 per 100g,Buy 2 for £3
Carrs Selection ,Carrs Selection 200g,£3.50,£1.75 per 100g,
Carr's Table Water Small Crackers,Carr's Table Water Small Crackers125g,£1.69,£1.35 per 100g,
Carte Noire Classique,Carte Noire Classique100g,£3,£3.00 per 100g,"Offer price £3, was £4.29"
Carte Noire Classique,Carte Noire Classique180g,£7.49,£4.16 per 100g,
Carte Noire Decafeine ,Carte Noire Decafeine 100g,£3,£3.00 per 100g,"Offer price £3, was £4.29"
Celebrations Milk Chocolate Large Easter Egg ,Celebrations Milk Chocola…220g,£3.25,£1.48 per 100g,
Celebrations Pop Box,Celebrations Pop Box185g,£2,£1.08 per 100g,
Cheerios Vanilla O's,Cheerios Vanilla O's360g,£3.49,96.9p per 100g,
Cheetos Cheese,Cheetos Cheese6 x 13g,£1.35,£1.73 per 100g,
Chicken Tonight Creamy Wine Sauce,Chicken Tonight Creamy Wine Sauce500g,£1.75,35p per 100g,
Chicken Tonight Rich & Creamy Mushroom Sauce,Chicken Tonight Rich & Creamy Mushroom Sauce500g,£1.75,35p per 100g,
Chicken Tonight Spanish Chicken ,Chicken Tonight Spanish Chicken 500g,£1.79,35.8p per 100g,
Chippa Gluten Free Mayonnaise,Chippa Gluten Free Mayonnaise280g,£1.50,53.6p per 100g,
Chocologic No Added Sugar Dark Chocolate,Chocologic No Added Sugar Dark Chocolate80g,£2,£2.50 per 100g,
Chupa Chups Party Mix Sharing Bag 34 Pack,Chupa Chups Party Mix Sharing Bag 34 Pack400g,£3.50,87.5p per 100g,
Cirio Borlotti Beans,Cirio Borlotti Beans380g,£1,26.3p per 100g,Buy 2 for £1.50
Cirio Butter Beans,Cirio Butter Beans380g,£1,26.3p per 100g,Buy 2 for £1.50
Cirio Cannellini Beans,Cirio Cannellini Beans380g,£1,26.3p per 100g,Buy 2 for £1.50
Cirio Chick Peas,Cirio Chick Peas380g,£1,26.3p per 100g,Buy 2 for £1.50
Cirio Chopped Tomatoes,Cirio Chopped Tomatoes4 x 400g,£3,£1.88 per kg,
Cirio Chopped Tomatoes ,Cirio Chopped Tomatoes 400g,£1.15,28.8p per 100g,Buy 2 for £1.50
Cirio Chopped Tomatoes ,Cirio Chopped Tomatoes 6 x 400g,£4.50,18.8p per 100g,
Cirio Lentils ,Cirio Lentils 380g,£1,26.3p per 100g,Buy 2 for £1.50
Cirio Passata Verace ,Cirio Passata Verace 700g,£1.75,£2.50 per kg,
Cirio Peeled Plum Tomatoes,Cirio Peeled Plum Tomatoes400g,£1.15,28.8p per 100g,
Cirio Peeled Plum Tomatoes,Cirio Peeled Plum Tomatoes4 x 400g,£3.50,£2.19 per kg,
Cirio Pizza Sauce,Cirio Pizza Sauce390g,£1.50,38.5p per 100g,
Cirio Red Kidney Beans,Cirio Red Kidney Beans380g,£1,26.3p per 100g,Buy 2 for £1.50
Cirio Sieved Tomato Passata,Cirio Sieved Tomato Passata500g,£1,20p per 100g,Buy 2 for £1.50
Cirio Tomato Puree ,Cirio Tomato Puree 140g,£1.25,89.3p per 100g,
Claylands Biscuits Bourbon Creams,Claylands Biscuits Bourbon Creams200g,50p,25p per 100g,
Claylands Biscuits Custard Creams,Claylands Biscuits Custard Creams200g,38p,19p per 100g,
Clipper Organic Fairtrade 80 Tea Bags ,Clipper Organic Fairtrade 80 Tea Bags 285g,£3.50,£1.23 per 100g,
Clipper Organic Pure Green Tea 80 Unbleached Bags,Clipper Organic Pure Green…213g,£3.50,£1.64 per 100g,
Coffee Mate Original,Coffee Mate Original450g,£3.75,83.3p per 100g,
Colman's Beef Casserole Recipe Mix,Colman's Beef Casserole Recipe Mix40g,99p,£2.48 per 100g,Buy 3 for £2
Colman's Beef Stroganoff Recipe Mix,Colman's Beef Stroganoff Recipe Mix39g,99p,£2.54 per 100g,Buy 3 for £2
Colman's Big Night In Chicken Kebab,Colman's Big Night In Chicken Kebab30g,99p,£3.30 per 100g,Buy 3 for £2
Colman's Big Night In Chinese Chicken Curry,Colman's Big Night In Chinese Chicken Curry47g,99p,£2.11 per 100g,Buy 3 for £2
Colmans Big Night In Doner Kebab,Colmans Big Night In Doner Kebab38g,99p,£2.61 per 100g,Buy 3 for £2
Colman's Big Night In Sweet & Sour Chicken,Colman's Big Night In Sweet & Sour Chicken58g,99p,£1.71 per 100g,Buy 3 for £2
Colman's Big Night In Ultimate Burger,Colman's Big Night In Ultimate Burger56g,99p,£1.77 per 100g,Buy 3 for £2
Colman's Bramley Apple Sauce,Colman's Bramley Apple Sauce155g,£1.20,77.4p per 100g,"Offer price £1.20, was £1.49"
Colman's Bread Sauce Pouch,Colman's Bread Sauce Pouch40g,99p,£2.48 per 100g,Buy 3 for £2
Colman's Cheddar Cheese Sauce Pouch,Colman's Cheddar Cheese Sauce Pouch40g,99p,£2.48 per 100g,Buy 3 for £2
Colman's Chicken Casserole Recipe Mix,Colman's Chicken Casserole Recipe Mix40g,99p,£2.48 per 100g,Buy 3 for £2
Colman's Chicken Chasseur Recipe Mix,Colman's Chicken Chasseur Recipe Mix43g,99p,£2.30 per 100g,Buy 3 for £2
Colman's Chicken Supreme,Colman's Chicken Supreme38g,99p,£2.61 per 100g,Buy 3 for £2
Colman's Chilli Con Carne Recipe Mix,Colman's Chilli Con Carne Recipe Mix50g,99p,£1.98 per 100g,Buy 3 for £2
Colman's Classic Mint Sauce,Colman's Classic Mint Sauce165g,£1,60.6p per 100g,"Offer price £1, was £1.49"
Colman's Fish Pie Dry Sauce Mix,Colman's Fish Pie Dry Sauce Mix20g,99p,£4.95 per 100g,Buy 3 for £2
Colman's Horseradish Sauce,Colman's Horseradish Sauce136g,£1,73.8p per 100g,"Offer price £1, was £1.49"
Colman's Hot Chilli Con Carne Recipe Mix,Colman's Hot Chilli Con Carne Recipe Mix37g,99p,26.8p per 10g,Buy 3 for £2
Colmans Mustard Tin Powder,Colmans Mustard Tin Powder57g,£2.30,£4.04 per 100g,
Colman's Onion Sauce Pouch,Colman's Onion Sauce Pouch35g,99p,£2.83 per 100g,Buy 3 for £2
Colman's Original English Mustard,Colman's Original English Mustard100g,£1,£1.00 per 100g,"Offer price £1, was £1.25"
Colman's Original English Mustard,Colman's Original English Mustard170g,£2,£1.18 per 100g,
Colman's Parsley Sauce Pouch,Colman's Parsley Sauce Pouch20g,99p,£4.95 per 100g,Buy 3 for £2
Colman's Pepper Sauce Mix ,Colman's Pepper Sauce Mix 40g,99p,£2.48 per 100g,Buy 3 for £2
Colman's Sausage and Onion Casserole,Colman's Sausage and Onion Casserole45g,99p,£2.20 per 100g,Buy 3 for £2
Colman's Sausage Casserole Recipe Mix,Colman's Sausage Casserole Recipe Mix39g,99p,£2.54 per 100g,Buy 3 for £2
Colman's Seafood Sauce,Colman's Seafood Sauce155ml,£1.20,77.4p per 100ml,"Offer price £1.20, was £1.49"
Colman's Spaghetti Bolognese Recipe Mix,Colman's Spaghetti Bolognese Recipe Mix44g,99p,£2.25 per 100g,Buy 3 for £2
Colman's Tartare Sauce,Colman's Tartare Sauce144g,£1.20,83p per 100g,"Offer price £1.20, was £1.49"
Colman's Tuna Pasta Bake Recipe Mix,Colman's Tuna Pasta Bake Recipe Mix44g,99p,£2.25 per 100g,Buy 3 for £2
Comptons Gravy Salt,Comptons Gravy Salt128g,60p,46.9p per 100g,
Cooks & Co Green Frenk Chillies,Cooks & Co Green Frenk Chillies300g,£1.79,59.7p per 100g,
Cooks & Co Sweety Drop Peppers,Cooks & Co Sweety Drop Peppers235g,£2.59,£1.10 per 100g,
Cornish Sea Salt ,Cornish Sea Salt 225g,£2.25,£10.00 per kg,
Costa Coffee Mocha Italian Signature Blend Strength No.3,Costa Coffee Mocha Italian Sign…200g,£3,£1.50 per 100g,"Offer price £3, was £3.99"
Costa Coffee Mocha Italia Signature Blend Cappuccino,Costa Coffee Mocha Italia Sig…146.4g,£4.49,£3.07 per 100g,Buy 2 for £7
Costa Coffee Salted Caramel Latte Sachets Drinks,Costa Coffee Salted Caramel…6 x 17g,£2.25,£2.21 per 100g,
Costa Coffee Signature Caramel Latte,Costa Coffee Signature Caramel Latte182.4g,£4.49,£2.46 per 100g,Buy 2 for £7
Costa Creamy Cappuccino Coffee Sachets,Costa Creamy Cappuccino Coffee Sachets6 x 17g,£2.25,£2.21 per 100g,
Costa Dark Amazonian Blend Ground For Cafetiere & Filter ,Costa Dark Amazonian Blend Ground…200g,£3,£1.50 per 100g,"Offer price £3, was £3.99"
Costa Instant Intense Dark Roast Coffee,Costa Instant Intense Dark Roast Coffee100g,£3.50,£3.50 per 100g,"Offer price £3.50, was £5.50"
Costa Instant Smooth Medium Roast Coffee,Costa Instant Smooth Medium Roast Coffee100g,£3.50,£3.50 per 100g,"Offer price £3.50, was £5.50"
Costa Intensely Dark Amazonian Blend Coffee Beans,Costa Intensely Dark Amazon…200g,£3,£1.50 per 100g,"Offer price £3, was £3.99"
Costa Intensely Dark Amazonian Blend X 10 Pods ,Costa Intensely Dark Amaz…57g,£3.15,£5.53 per 100g,Buy 2 for £5.50
Costa Millionaires Mocha Coffee Sachets,Costa Millionaires Mocha Coffee Sachets6 x 23g,£2.25,£1.63 per 100g,
Costa Mocha Italia Signature Blend Coffee Beans,Costa Mocha Italia Signat…200g,£3,£1.50 per 100g,"Offer price £3, was £3.99"
Costa Mocha Italia Signature Flat White Coffee X 8 Cups ,Costa Mocha Italia Signature Fl…129.6g,£4.49,£3.46 per 100g,Buy 2 for £7
Costa Nescafe Dolce Gusto Latte ,Costa Nescafe Dolce Gusto Latte 184.4g,£4.49,£2.43 per 100g,Buy 2 for £7
Costa Nespresso Signature Lungo ,Costa Nespresso Signature Lungo 57g,£3.15,£5.53 per 100g,Buy 2 for £5.50
Costa Nespresso Signature Ristretto,Costa Nespresso Signature Ristretto57g,£3.15,£5.53 per 100g,Buy 2 for £5.50
Costa Rich & Creamy Hot Chocolate,Costa Rich & Creamy Hot Chocolate300g,£3.25,£1.08 per 100g,
Covent Garden Mushroom,Covent Garden Mushroom560g,£2.20,£3.93 per kg,
Crave Flamin Hot Wots'Inits Sharing Bag,Crave Flamin Hot Wots'Inits Sharing Bag80g,£1.90,£2.38 per 100g,
Create A Cake Cupcake Cases,Create A Cake Cupcake Cases50 per pack,£1.65,3.3p each,
Crisp 'n' Dry Vegetable Oil,Crisp 'n' Dry Vegetable Oil1L,£3,30p per 100ml,
Crisp 'n' Dry Vegetable Oil,Crisp 'n' Dry Vegetable Oil2L,£6.25,31.3p per 100ml,
Crosse & Blackwell Cream Of Roast Mushroom Soup ,Crosse & Blackwell Cream Of Roast Mushroom Soup 400g,£1.20,30p per 100g,
Crosse & Blackwell Lentil & Bacon Soup ,Crosse & Blackwell Lentil & Bacon Soup 400g,£1.20,30p per 100g,
Crosse and Blackwell Best of British Broccoli and Stilton Soup,Crosse and Blackwell Best of Britis…400g,£1.20,30p per 100g,
Crosse and Blackwell Best of British Cream of Roast Chicken,Crosse and Blackwell Best of Brit…400g,£1.20,30p per 100g,
Crosse and Blackwell Best of British Roast Chicken and Vegetable Soup,Crosse and Blackwell Best of British Roas…400g,£1.20,30p per 100g,
Crosse and Blackwell Best of British Winter Vegetable Soup,Crosse and Blackwell Best of Brit…400g,£1.20,30p per 100g,
Crosta & Mollica Breadsticks,Crosta & Mollica Breadsticks120g,£1.60,£1.33 per 100g,
Crucials Burger Sauce ,Crucials Burger Sauce 500ml,£1.19,23.8p per 100ml,
Crucials Extra Hot Chilli Sauce ,Crucials Extra Hot Chilli Sauce 500ml,£1.19,23.8p per 100ml,
Crucials Garlic Mayo Sauce,Crucials Garlic Mayo Sauce500ml,£1.19,23.8p per 100ml,
Crucials Spicy Mayo Sauce,Crucials Spicy Mayo Sauce500ml,£1.19,23.8p per 100ml,
Crucials Sweet Chilli Thai Style Sauce,Crucials Sweet Chilli Thai Style Sauce500ml,£1.19,23.8p per 100ml,
Crucials Yoghurt & Mint Sauce,Crucials Yoghurt & Mint Sauce500ml,£1.19,23.8p per 100ml,
Daddies Favourite Brown Sauce,Daddies Favourite Brown Sauce400g,£1.50,37.5p per 100g,
Daim Chocolate Multipack 3 Pack,Daim Chocolate Multipack 3 Pack84g,£1,£1.19 per 100g,
Dairy Box Milk Chocolate Assortment Box ,Dairy Box Milk Chocolate Assortment Box 326g,£7,£2.15 per 100g,
Decaffeinated Yorkshire Tea Bags 160PK,Decaffeinated Yorkshire Tea Bags 160PK500g,£6.75,£1.35 per 100g,
De Cecco Fusilli Pasta,De Cecco Fusilli Pasta500g,£1.99,£3.98 per kg,
De Cecco Penne Rigate     ,De Cecco Penne Rigate     500g,£1.99,£3.98 per kg,
De Cecco Spaghetti,De Cecco Spaghetti500g,£1.99,£3.98 per kg,
Deliciously Ella Apple Raisin & Cinnamon Oat Bars,Deliciously Ella Apple Rais…3 x 50g,£2.50,£1.67 per 100g,
Deliciously Ella Fruit & Nut Oat Bars,Deliciously Ella Fruit & Nut Oat Bars3 x 50g,£2.50,£1.67 per 100g,
Deliciously Ella Original Granola ,Deliciously Ella Original Granola 400g,£3.79,94.8p per 100g,
Deli Kitchen Mini Plain Tortillas,Deli Kitchen Mini Plain Tortillas6 per pack,£1.09,18.2p each,
Deli Kitchen Plain Tortillas,Deli Kitchen Plain Tortillas6 per pack,£1.59,26.5p each,
Deli Kitchen Wheat & White Tortillas,Deli Kitchen Wheat & White Tortillas6 per pack,£1.59,26.5p each,
"Del Monte Apple, Grape & Strawberry","Del Monte Apple, Grape & Strawberry95g",£1.25,£1.32 per 100g,
Del Monte Apricot Halves in Light Syrup ,Del Monte Apricot Halves in Light Syrup 410g,£1.25,£3.05 per kg,
Del Monte Exotics Mango Slices In Light Syrup ,Del Monte Exotics Mango Slices In Light Syrup 425g,£1.19,£2.80 per kg,
Del Monte Fruit Cocktail in Juice,Del Monte Fruit Cocktail in Juice415g,£1.19,£2.87 per kg,
Del Monte Fruit Cocktail In Light Syrup,Del Monte Fruit Cocktail In Light Syrup227g,95p,£4.19 per kg,
Del Monte Fruit Cocktail In Light Syrup ,Del Monte Fruit Cocktail In Light Syrup 825g,£1.70,£2.06 per kg,
Del Monte Fruit Cocktail in Syrup,Del Monte Fruit Cocktail in Syrup420g,£1.19,£2.83 per kg,
Del Monte Mandarin Oranges Whole Segments in Own Juice,Del Monte Mandarin Oranges Whol…300g,£1.19,£3.97 per kg,
Del Monte Mango Chunks,Del Monte Mango Chunks90g,£1.25,£1.39 per 100g,Food To Go Meal Deal for £3.50
Del Monte Melon & Grape,Del Monte Melon & Grape110g,£1.25,£1.14 per 100g,Food To Go Meal Deal for £3.50
Del Monte Peach Halves In Juice,Del Monte Peach Halves In Juice415g,£1.19,£2.87 per kg,
Del Monte Peach Slices in Juice ,Del Monte Peach Slices in Juice 415g,£1.19,£2.87 per kg,
Del Monte Peach Slices In Light Syrup,Del Monte Peach Slices In Light Syrup420g,£1.19,£2.83 per kg,
Del Monte Peach Slices In Light Syrup,Del Monte Peach Slices In Light Syrup227g,95p,£4.19 per kg,
Del Monte Pear Halves in Juice,Del Monte Pear Halves in Juice415g,£1.19,£2.87 per kg,
Delmonte Pear Halves in Syrup,Delmonte Pear Halves in Syrup420g,£1.19,£2.83 per kg,
Del Monte Pineapple Chunks,Del Monte Pineapple Chunks110g,£1.25,£1.14 per 100g,Food To Go Meal Deal for £3.50
Del Monte Pineapple Chunks In Juice,Del Monte Pineapple Chunks In Juice432g,£1.19,£2.75 per kg,
Del Monte Pineapple Chunks In Juice,Del Monte Pineapple Chunks In Juice227g,95p,£4.19 per kg,
Del Monte Pineapple Slices In Syrup,Del Monte Pineapple Slices In Syrup425g,£1.19,£2.80 per kg,
Del Monte Prunes In Juice,Del Monte Prunes In Juice410g,£1.19,£2.90 per kg,
Del Monte Sliced Pineapple in Juice,Del Monte Sliced Pineapple in Juice435g,£1.19,£2.74 per kg,
Del Monte Sliced Pineapple in Own Juice,Del Monte Sliced Pineapple in Own Juice220g,95p,£4.32 per kg,
De Nigris Apple Cider Vinegar,De Nigris Apple Cider Vinegar500ml,£2.75,55p per 100ml,
Discos Variety Multipack Crisps,Discos Variety Multipack Crisps6 x 25.5g,£1.49,97.4p per 100g,
Dole Fruit Salad Cherry In Juice Fruits Snacks,Dole Fruit Salad Cherry In Juice Fruits Snacks4 x 113g,£2.19,48.5p per 100g,
Dole Mandarins In Juice Fruit Fruits Snacks,Dole Mandarins In Juice Fruit Fruits Snacks4 x 113g,£2.19,48.5p per 100g,
Dole Mandarins In Orange Jelly Fruits Snacks,Dole Mandarins In Orange Jelly Fruits Snacks4 x 113g,£2.19,48.5p per 100g,
Dole Mandarins In Orange Jelly Fruits Snacks,Dole Mandarins In Orange Jelly Fruits Snacks123g,55p,44.7p per 100g,Buy 5 for £2.50
Dole Mixed Fruit In Peach Jelly Fruits Snacks,Dole Mixed Fruit In Peach Jelly Fruits Snacks4 x 123g,£2.19,44.5p per 100g,
Dole Peaches In Juice Fruit Fruits Snacks,Dole Peaches In Juice Fruit Fruits Snacks4 x 113g,£2.19,48.5p per 100g,
Dole Peach In Strawberry Jelly Fruits Snacks,Dole Peach In Strawberry Jelly Fruits Snacks4 x 113g,£2.19,48.5p per 100g,
Dole Pineapple Fruit Bowls 4x113g,Dole Pineapple Fruit Bowls 4x113g452g,£2.19,48.5p per 100g,
Dole Pineapple In Juice Fruit Fruits Snacks,Dole Pineapple In Juice Fruit Fruits Snacks113g,59p,52.2p per 100g,Buy 5 for £2.50
Dole Tropical Fruit In Juice Fruits Snacks ,Dole Tropical Fruit In Juice Fruits Snacks 4 x 113g,£2.19,48.5p per 100g,
Dolmio 7 Vegetables Mediterranean Roasted Vegetable,Dolmio 7 Vegetables Mediterra…350g,£2,57.1p per 100g,Buy 2 for £3
Dolmio 7 Vegetables Sun Ripened Tomato & Basil,Dolmio 7 Vegetables Sun Ripened Tomato & Basil350g,£2,57.1p per 100g,Buy 2 for £3
Dolmio Bolognese Chunky Mushroom Pasta Sauce,Dolmio Bolognese Chunky Mushroom Pasta Sauce500g,£2.19,43.8p per 100g,Buy 2 for £3
Dolmio Bolognese Chunky Mushroom Pasta Sauce,Dolmio Bolognese Chunky Mushroom Pasta Sauce750g,£2.50,33.3p per 100g,
Dolmio Bolognese Intense Chilli Pasta Sauce,Dolmio Bolognese Intense Chilli Pasta Sauce500g,£2.19,43.8p per 100g,Buy 2 for £3
Dolmio Bolognese Low Fat Pasta Sauce,Dolmio Bolognese Low Fat Pasta Sauce500g,£2.19,43.8p per 100g,Buy 2 for £3
Dolmio Bolognese Low Fat Pasta Sauce,Dolmio Bolognese Low Fat Pasta Sauce750g,£2.50,33.3p per 100g,
Dolmio Bolognese Onion & Garlic Pasta Sauce,Dolmio Bolognese Onion & Garlic Pasta Sauce750g,£2.50,33.3p per 100g,
Dolmio Bolognese Onion & Garlic Pasta Sauce,Dolmio Bolognese Onion & Garlic Pasta Sauce500g,£2.19,43.8p per 100g,Buy 2 for £3
Dolmio Bolognese Onion & Garlic Pasta Sauce,Dolmio Bolognese Onion & Garlic Pasta Sauce350g,£1.75,50p per 100g,Buy 2 for £2.50
Dolmio Bolognese Original Pasta Sauce,Dolmio Bolognese Original Pasta Sauce500g,£2.19,43.8p per 100g,Buy 2 for £3
Dolmio Bolognese Smooth Tomato Pasta Sauce,Dolmio Bolognese Smooth Tomato Pasta Sauce500g,£2.19,43.8p per 100g,Buy 2 for £3
Dolmio Bolognese Smooth Tomato Pasta Sauce,Dolmio Bolognese Smooth Tomato Pasta Sauce750g,£2.50,33.3p per 100g,
Dolmio Carbonara Pouch Pasta Sauce,Dolmio Carbonara Pouch Pasta Sauce150g,£1.79,£1.19 per 100g,Buy 2 for £3
Dolmio Lasagne Creamy White Sauce,Dolmio Lasagne Creamy White Sauce710g,£2.50,35.2p per 100g,
Dolmio Lasagne Creamy White Sauce,Dolmio Lasagne Creamy White Sauce470g,£2.19,46.6p per 100g,Buy 2 for £3
Dolmio Lasagne Red Tomato Sauce,Dolmio Lasagne Red Tomato Sauce750g,£2.50,33.3p per 100g,
Dolmio Lasagne Red Tomato Sauce,Dolmio Lasagne Red Tomato Sauce500g,£2.19,43.8p per 100g,Buy 2 for £3
Dolmio Meatball Tomato & Basil Pasta Sauce,Dolmio Meatball Tomato & Basil Pasta Sauce500g,£2.19,43.8p per 100g,Buy 2 for £3
Dolmio Original Bolognese Sauce,Dolmio Original Bolognese Sauce750g,£2.50,33.3p per 100g,
Dolmio Original Sauce For Bolognese ,Dolmio Original Sauce For Bolognese 350g,£1.75,50p per 100g,Buy 2 for £2.50
Dolmio Pasta Bake Carbonara Pasta Sauce,Dolmio Pasta Bake Carbonara Pasta Sauce480g,£2.19,45.6p per 100g,Buy 2 for £3
Dolmio Pasta Bake Creamy Tomato Pasta Sauce,Dolmio Pasta Bake Cream…500g,£2.19,43.8p per 100g,Buy 2 for £3
Dolmio Pasta Bake Tomato & Cheese Pasta Sauce,Dolmio Pasta Bake Tomato…500g,£2.19,43.8p per 100g,Buy 2 for £3
Dolmio Pasta Pronto Tomato & Basil ,Dolmio Pasta Pronto Tomato & Basil 200g,£1.99,99.5p per 100g,
Dolmio Pasta Pronto With Tomato & Chilli ,Dolmio Pasta Pronto With Tomato & Chilli 200g,£1.99,99.5p per 100g,
Dolmio Stir In Bacon & Tomato Pasta Sauce,Dolmio Stir In Bacon & Tomato Pasta Sauce150g,£1.99,£1.33 per 100g,Buy 2 for £3
Dolmio Stir In Carbonara Pasta Sauce,Dolmio Stir In Carbonara Pasta Sauce150g,£1.99,£1.33 per 100g,Buy 2 for £3
Dolmio Stir In Garlic & Tomato Pasta Sauce,Dolmio Stir In Garlic & Tomato Pasta Sauce150g,£1.99,£1.33 per 100g,Buy 2 for £3
Dolmio Stir In Pepperoni & Tomato Pasta Sauce,Dolmio Stir In Pepperoni & Tomato Pasta Sauce150g,£1.99,£1.33 per 100g,Buy 2 for £3
Dolmio Stir In Sun Dried Tomato Pasta Sauce,Dolmio Stir In Sun Dried Tomato Pasta Sauce150g,£1.99,£1.33 per 100g,Buy 2 for £3
Dolmio Stir In Sweet Pepper Pasta Sauce,Dolmio Stir In Sweet Pepper Pasta Sauce150g,£1.99,£1.33 per 100g,Buy 2 for £3
Dolmio Stir In Tomato & Basil Sauce,Dolmio Stir In Tomato & Basil Sauce150g,£1.99,£1.33 per 100g,
Dolmio Tomato & Basil Pouch Pasta Sauce,Dolmio Tomato & Basil Pouch Pasta Sauce170g,£1.79,£1.05 per 100g,Buy 2 for £3
Dolmio Twists Pouch Microwave Pasta,Dolmio Twists Pouch Microwave Pasta200g,£1.99,£9.95 per kg,Buy 2 for £3
Donate £10 To Support A Food Bank With Morrisons,Donate £10 To Support A Food Bank With Morrisons,£10,,
Donate £1 To Support A Food Bank With Morrisons ,Donate £1 To Support A Food Bank With Morrisons ,£1,,
Donate £3 To Support A Food Bank With Morrisons,Donate £3 To Support A Food Bank With Morrisons,£3,,
Donate £5 To Support A Food Bank With Morrisons,Donate £5 To Support A Food Bank With Morrisons,£5,,
Doritos Chilli Heatwave Sharing Tortilla Chips ,Doritos Chilli Heatwave Sharing Tortilla Chips 180g,£1.75,97.2p per 100g,"Offer price £1.75, was £2.25"
Doritos Chilli Heatwave Tortilla Chips,Doritos Chilli Heatwave Tortilla Chips5 x 30g,£1.75,£1.17 per 100g,Buy 2 for £3
Doritos Cool Original Sharing Tortilla Chips ,Doritos Cool Original Sharing Tortilla Chips 180g,£1.75,97.2p per 100g,"Offer price £1.75, was £2.25"
Doritos Dippers A Hint Of Salt Tortilla Chips ,Doritos Dippers A Hint Of Salt Tortilla Chips 270g,£2.50,92.6p per 100g,
Doritos Dippers Paprika Tortilla Chips ,Doritos Dippers Paprika Tortilla Chips 270g,£2.50,92.6p per 100g,
Doritos Dippers Sour Cream & Onion Tortilla Chips,Doritos Dippers Sour Cream…270g,£2.50,92.6p per 100g,
Doritos Flame Grilled Whopper,Doritos Flame Grilled Whopper180g,£1.75,97.2p per 100g,"Offer price £1.75, was £2.25"
Doritos Hot Salsa Dip,Doritos Hot Salsa Dip300g,£2.50,83.3p per 100g,
Doritos Loaded Pepperoni Pizza Tortilla Chips,Doritos Loaded Pepperoni Pizza Tortilla Chips180g,£1.75,97.2p per 100g,"Offer price £1.75, was £2.25"
Doritos Mild Salsa Dip,Doritos Mild Salsa Dip300g,£2.50,83.3p per 100g,
Doritos Sour Cream & Chives Dip,Doritos Sour Cream & Chives Dip280g,£2.50,89.3p per 100g,
Doritos Tangy Cheese,Doritos Tangy Cheese40g,95p,£2.38 per 100g,
Doritos Tangy Cheese Sharing Tortilla Chips ,Doritos Tangy Cheese Sharing Tortilla Chips 180g,£1.75,97.2p per 100g,"Offer price £1.75, was £2.25"
Doritos Tangy Cheese Tortilla Chips ,Doritos Tangy Cheese Tortilla Chips 5 x 30g,£1.75,£1.17 per 100g,Buy 2 for £3
Doritos Triple Cheese Pizza Tortilla Chips,Doritos Triple Cheese Pizza Tortilla Chips180g,£1.75,97.2p per 100g,"Offer price £1.75, was £2.25"
Dorset Cereals Gloriously Nutty Muesli ,Dorset Cereals Gloriously Nutty Muesli 500g,£3.25,65p per 100g,"Offer price £3.25, was £3.99"
Dorset Cereals Honey Granola,Dorset Cereals Honey Granola500g,£3.25,65p per 100g,"Offer price £3.25, was £4.29"
Dorset Cereals Luscious Berry & Cherry Muesli,Dorset Cereals Luscious Berry & Cherry Muesli600g,£3.25,54.2p per 100g,"Offer price £3.25, was £3.99"
Dorset Cereals Oat Granola ,Dorset Cereals Oat Granola 550g,£3.99,72.5p per 100g,
Dorset Cereals Simply Delicious Muesli,Dorset Cereals Simply Delicious Muesli650g,£3.39,52.2p per 100g,
Dorset Cereals Simply Nutty Muesli ,Dorset Cereals Simply Nutty Muesli 560g,£3.39,60.5p per 100g,
Dorset Sea Salt Co Natural Sea Salt,Dorset Sea Salt Co Natural Sea Salt100g,£4,£4.00 per 100g,
Douwe Egberts Pure Decaffeinated Instant Coffee,Douwe Egberts Pure Decaff…190g,£6.99,£3.68 per 100g,
Douwe Egberts Pure Gold Indulgence Instant Coffee,Douwe Egberts Pure Gold Indulgence Instant Coffee190g,£6.99,£3.68 per 100g,
Douwe Egberts Pure Gold Instant Coffee Medium Roast,Douwe Egberts Pure Gold Insta…190g,£6.99,£3.68 per 100g,
Doves Farm Coconut Flour,Doves Farm Coconut Flour500g,£3.75,75p per 100g,
Doves Farm Organic Brown Rice Flour,Doves Farm Organic Brown Rice Flour290g,£2,69p per 100g,
Doves Farm Organic Oat Flour,Doves Farm Organic Oat Flour450g,£4,£8.89 per kg,
Doves Farm Organic Pasta Flour ,Doves Farm Organic Pasta Flour 1kg,£2.49,£2.49 per kg,
Doves Farm Organic Whole Meal Spelt Flour,Doves Farm Organic Whole Meal Spelt Flour1kg,£2.75,£2.75 per kg,
Drink Me Chai Spiced Chai Latte,Drink Me Chai Spiced Chai Latte250g,£2.79,£1.12 per 100g,
Dr. Karg's Organic Crispbread Emmental Cheese & Pumpkin Seed ,Dr. Karg's Organic Crispbread Emmen…200g,£2.50,£1.25 per 100g,
Dr Oetker 12 Milk Chocolate Gold Pearls Cake Decorations,Dr Oetker 12 Milk Chocolate Gol…,£2,,
Dr. Oetker 18 Party Candles,Dr. Oetker 18 Party Candles,£1.55,,
Dr. Oetker 18 Tall Candles,Dr. Oetker 18 Tall Candles18 per pack,£1.49,8.3p each,
Dr. Oetker 26% White Chocolate Bar,Dr. Oetker 26% White Chocolate Bar150g,£1.50,£1.00 per 100g,"Offer price £1.50, was £1.99"
Dr. Oetker 35% Milk Chocolate Bar,Dr. Oetker 35% Milk Chocolate Bar150g,£1.50,£1.00 per 100g,"Offer price £1.50, was £1.99"
Dr. Oetker 40 Mini Wafer Flowers,Dr. Oetker 40 Mini Wafer Flowers40 per pack,£1.25,3.1p each,"Offer price £1.25, was £1.99"
Dr. Oetker 6 Celebration Candles,Dr. Oetker 6 Celebration Candles,£1.99,,
Dr. Oetker 70% Extra Dark Chocolate Chunks,Dr. Oetker 70% Extra Dark Chocolate Chunks100g,£1.25,£1.25 per 100g,"Offer price £1.25, was £1.85"
Dr. Oetker 72% Extra Dark Chocolate Bar,Dr. Oetker 72% Extra Dark Chocolate Bar150g,£1.50,£1.00 per 100g,"Offer price £1.50, was £1.99"
Dr Oetker Aventure Sprinkles,Dr Oetker Aventure Sprinkles90g,£2.25,£2.50 per 100g,
Dr. Oetker Bicarbonate of Soda,Dr. Oetker Bicarbonate of Soda200g,£1.59,79.5p per 100g,
Dr. Oetker Bicarbonate of Soda Sachets,Dr. Oetker Bicarbonate of Soda Sachets6 x 7g,£1.39,£3.31 per 100g,
Dr Oetker Bright & Bold Mix Sprinkles,Dr Oetker Bright & Bold Mix Sprinkles109g,£1.75,£1.60 per 100g,"Offer price £1.75, was £2.29"
Dr. Oetker Brookie Cookies Baking Mix,Dr. Oetker Brookie Cookies Baking Mix390g,£2.75,70.5p per 100g,
Dr Oetker Candy Mix Sprinkles,Dr Oetker Candy Mix Sprinkles,£2.25,,
Dr. Oetker Chocolate Hearts,Dr. Oetker Chocolate Hearts40g,£1.25,£3.13 per 100g,"Offer price £1.25, was £1.79"
Dr Oetker Chocolatey Mix Sprinkles,Dr Oetker Chocolatey Mix Sprinkles93g,£1.75,£1.88 per 100g,"Offer price £1.75, was £2.29"
Dr. Oetker Christmas Mix Decorating Sprinkles ,Dr. Oetker Christmas Mix Decorating Sprinkles 76g,£2,£2.63 per 100g,
Dr. Oetker Cream of Tartar,Dr. Oetker Cream of Tartar120g,£1.69,£1.41 per 100g,
Dr Oetker Dino Cake Decoration,Dr Oetker Dino Cake Decoration,£2.15,,
Dr. Oetker Fine 100% Dark Cocoa Powder,Dr. Oetker Fine 100% Dark Cocoa Powder190g,£3.15,£1.66 per 100g,
Dr Oetker Flower Cake Decorate,Dr Oetker Flower Cake Decorate,£2.15,,
Dr. Oetker Free Range Egg White Powder Sachets,Dr. Oetker Free Range Egg White Powder Sachets4 x 5g,£1.20,60p per 10g,
Dr. Oetker Gelatine Sachets,Dr. Oetker Gelatine Sachets3 x 12g,£1.39,38.6p per 10g,
Dr. Oetker Giant Chocolate Stars,Dr. Oetker Giant Chocolate Stars20g,£1.50,£7.50 per 100g,"Offer price £1.50, was £2.39"
Dr. Oetker Gluten Free Baking Powder,Dr. Oetker Gluten Free Baking Powder170g,£1.59,93.5p per 100g,
Dr. Oetker Gluten Free Baking Powder Sachets,Dr. Oetker Gluten Free Baking Powder Sachets6 x 5g,£1.39,£4.63 per 100g,
Dr Oetker Glycerine,Dr Oetker Glycerine38ml,£1.05,£2.76 per 100ml,
Dr. Oetker Ground Arrowroot Sachets,Dr. Oetker Ground Arrowroot Sachets6 x 8g,£1.39,£2.90 per 100g,
Dr Oetker Heart Marshmallows,Dr Oetker Heart Marshmallows100g,£1,£1.00 per 100g,
Dr. Oetker Large Madagascan Vanilla Extract,Dr. Oetker Large Madaga…95ml,£4.49,47.3p per 10ml,
Dr. Oetker Lettered Happy Birthday Candles,Dr. Oetker Lettered Happy Birthday Candles,£1.95,,
Dr. Oetker Liquid Glucose,Dr. Oetker Liquid Glucose140g,£2.15,£1.54 per 100g,
Dr. Oetker Madagascan Vanilla Bean Paste,Dr. Oetker Madagascan Vanilla Bean Paste100g,£4,40p per 10g,
Dr. Oetker Madagascan Vanilla Extract,Dr. Oetker Madagascan Vanilla Extract35ml,£1.25,35.7p per 10ml,"Offer price £1.25, was £1.55"
Dr Oetker Melting Middle Chocolate Pudding Baking Mix,Dr Oetker Melting Middle Choc…140g,£1.89,£1.35 per 100g,
Dr. Oetker Milk Chocolate Chunks,Dr. Oetker Milk Chocolate Chunks100g,£1.25,£1.25 per 100g,"Offer price £1.25, was £1.85"
Dr Oetker Mini Flower Decorate,Dr Oetker Mini Flower Decorate,£2.15,,
Dr Oetker Natural Extract American Peppermint ,Dr Oetker Natural Extract American Peppermint 35ml,£1.45,41.4p per 10ml,
Dr. Oetker Natural Moroccan Almond Extract,Dr. Oetker Natural Moroccan Almond Extract35ml,£1.45,41.4p per 10ml,
Dr. Oetker Number 0 Candle,Dr. Oetker Number 0 Candle,£1.09,,
Dr. Oetker Number 1 Candle,Dr. Oetker Number 1 Candle,£1.09,,
Dr. Oetker Number 2 Candle,Dr. Oetker Number 2 Candle,£1.09,,
Dr. Oetker Number 3 Candle,Dr. Oetker Number 3 Candle,£1.09,,
Dr. Oetker Number 4 Candle,Dr. Oetker Number 4 Candle,£1.09,,
Dr. Oetker Number 5 Candle,Dr. Oetker Number 5 Candle,£1.09,,
Dr. Oetker Number 6 Candle,Dr. Oetker Number 6 Candle,£1.09,,
Dr. Oetker Number 7 Candle,Dr. Oetker Number 7 Candle,£1.09,,
Dr. Oetker Number 8 Candle,Dr. Oetker Number 8 Candle,£1.09,,
Dr. Oetker Number 9 Candle,Dr. Oetker Number 9 Candle,£1.09,,
Dr. Oetker Peanut Butter Cups Baking Mix,Dr. Oetker Peanut Butter Cups Baking Mix240g,£2.75,£1.15 per 100g,
Dr. Oetker Platinum Grade Leaf Gelatine,Dr. Oetker Platinum Grade Leaf Gelatine13g,£2.15,£16.54 per 100g,
Dr. Oetker Rainbow Cupcake Cases ,Dr. Oetker Rainbow Cupcake Cases 72 per pack,£1.25,1.8p each,"Offer price £1.25, was £1.99"
Dr Oetker Rainbow Icing ,Dr Oetker Rainbow Icing 6 x 19g,£2.85,£2.50 per 100g,
Dr Oetker Rainbow Sprinkles,Dr Oetker Rainbow Sprinkles115g,£1.75,£1.52 per 100g,"Offer price £1.75, was £2.59"
Dr. Oetker Ready to Roll Soft Fondant Icing Various Colours,Dr. Oetker Ready to Roll Soft Fon…500g,£2.99,59.8p per 100g,
Dr Oetker Sicilian Lemon Extract,Dr Oetker Sicilian Lemon Extract35ml,£1.45,£4.14 per 100ml,
Dr Oetker Space Cupcake Kit,Dr Oetker Space Cupcake Kit360g,£2,55.5p per 100g,"Offer price £2, was £2.69"
Dr Oetker Unicorn Cake Decoration,Dr Oetker Unicorn Cake Decoration,£2.15,,
Dr. Oetker Unicorn Confetti Sprinkle Mix,Dr. Oetker Unicorn Confetti Sprinkle Mix110g,£1.75,£1.59 per 100g,"Offer price £1.75, was £2.45"
Dr Oetker Unicorn Decoration Icing ,Dr Oetker Unicorn Decoration Icing 6 x 19g,£2.15,£1.89 per 100g,
Dr Oetker Valencian Orange Extract ,Dr Oetker Valencian Orange Extract 35ml,£1.45,41.4p per 10ml,
Dr. Oetker Vege-Gel Sachets,Dr. Oetker Vege-Gel Sachets3 x 6.5g,£1.39,£7.13 per 100g,
Dr Oetker White Choc Chunks,Dr Oetker White Choc Chunks100g,£1.25,£1.25 per 100g,"Offer price £1.25, was £1.85"
Drumstick Squashies Sour Cherry,Drumstick Squashies Sour Cherry160g,£1.15,71.9p per 100g,
Duerr's Blackcurrant Jam ,Duerr's Blackcurrant Jam 42g,69p,£1.64 per 100g,
Duerr's Fine Cut Seville Orange Marmalade ,Duerr's Fine Cut Seville Orange Marmalade 340g,£1.49,43.8p per 100g,
Duerr's Seville Orange Marmalade,Duerr's Seville Orange Marmalade42g,69p,£1.64 per 100g,
Duerr's Strawberry Jam,Duerr's Strawberry Jam42g,69p,£1.64 per 100g,
Duerr's Thick Cut Classic Seville Orange Marmalade,Duerr's Thick Cut Classic Seville Orange Marmalade340g,£1.49,43.8p per 100g,
Dunns River Coconut Milk ,Dunns River Coconut Milk 400ml,£1.09,£2.73 per litre,
Dunn's River Creamed Coconut,Dunn's River Creamed Coconut200g,£1.19,£5.95 per kg,
Easter Bunny Cupcake Picks,Easter Bunny Cupcake Picks12 per pack,£2.50,20.8p each,
Easter Cupcake with Bunny Toppers Kit for 12,Easter Cupcake with Bunny Toppers Kit for 1212 per pack,£2,16.7p each,
Eat Natural Crunchy Nut Bars Protein Packed With Peanuts & Chocolate,Eat Natural Crunchy Nut Bars Protein Pa…3 x 45g,£2,£1.48 per 100g,
Eat Natural Fruit & Nut Bars Dark Chocolate With Cranberries & Macadamias,Eat Natural Fruit & Nut Bars Da…3 x 45g,£2,£1.48 per 100g,
"Eat Natural Raw Fruit & Cereal Nut Bar Hazelnut, Dates & Peanut ",Eat Natural Raw Fruit & Cereal Nut Ba…45g,£1,£2.22 per 100g,
"Eat Natural Raw Fruit & Nut Bar Almond,Cranberries & Pomegranate",Eat Natural Raw Fruit & Nut…3 x 45g,£2,£1.48 per 100g,"Offer price £2, was £2.50"
"Eat Natural Raw Fruit & Nut Cereal Bar Almond, Cranberries & Pomegranate",Eat Natural Raw Fruit & Nut Cer…45g,£1,£2.22 per 100g,
"Eat Natural Raw Protein Packed Peanut, Almond & Cocoa",Eat Natural Raw Protein Packe…3 x 45g,£2,£1.48 per 100g,"Offer price £2, was £2.50"
"Eat Natural Raw Protein Packed Peanut, Almond & Cocoa Cereal Bar",Eat Natural Raw Protein Packed Peanut…45g,£1,£2.22 per 100g,
Eazy Fried Onions,Eazy Fried Onions390g,£1.05,£2.69 per kg,
Eezy Freezzy Squeezee 10 Pack,Eezy Freezzy Squeezee 10 Pack500ml,£2,£4.00 per litre,
Elephant Atta Medium Chapatti Flour  ,Elephant Atta Medium Chapatti Flour  10kg,£6.50,65p per kg,"Offer price £6.50, was £9.99"
Encona Original Hot Pepper Sauce,Encona Original Hot Pepper Sauce220ml,£1.69,76.8p per 100ml,
Encona Thai Sweet Chilli Sauce Med,Encona Thai Sweet Chilli Sauce Med220ml,£1.69,76.8p per 100ml,
Extra Ice Peppermint Chewing Gum Sugar Free Bottle,Extra Ice Peppermint Chewin…46 per pack,£2.40,5.2p each,
Extra Ice Peppermint Chewing Gum Sugar Free Multipack,Extra Ice Peppermint Chewing…6 x 10 per pack,£3,5p each,
Extra Peppermint Chewing Gum Sugar Free Bottle 60 Pieces,Extra Peppermint Chewing Gum Su…84g,£2.85,£3.39 per 100g,
Extra Peppermint Chewing Gum Sugar Free Multipack,Extra Peppermint Chewing Gu…6 x 10 per pack,£3,5p each,
Extra Refreshers Bubblemint Sugar Free Chewing Gum Bottle 30 Pieces,Extra Refreshers Bubblemint…67g,£2.85,£4.25 per 100g,
Extra Refreshers Bubblemint Sugar Free Chewing Gum Handy Box 7 Pieces,Extra Refreshers Bubblemint S…15.7g,75p,£4.78 per 100g,
Extra Refreshers Peppermint Sugar Free Chewing Gum Handy Box 7 Pieces,Extra Refreshers Peppermint S…15.7g,75p,£4.78 per 100g,
Extra Refreshers Spearmint Sugar Free Chewing Gum Handy Box 7 Pieces,Extra Refreshers Spearmint Su…15.7g,75p,£4.78 per 100g,
Extra Spearmint Chewing Gum Sugar Free Bottle 60 Pieces,Extra Spearmint Chewing Gum Sug…60 per pack,£2.85,4.8p each,
Extra Spearmint Chewing Gum Sugar Free Multipack,Extra Spearmint Chewing Gum Sugar Free Multipack6 x 10 per pack,£3,5p each,
Extra Strawberry Flavour Sugarfree Chewing Gum Bottle 60 Pieces,Extra Strawberry Flavour Sugarfree Ch…84g,£2.85,£3.39 per 100g,
Extra White Bubblemint Chewing Gum Sugar Free Multipack,Extra White Bubblemint Chewing…6 x 10 per pack,£3,5p each,
Extra White Chewing Gum Sugar Free Bottle 46 Pieces,Extra White Chewing Gum Sugar…46 per pack,£2.59,5.6p each,
Farrow's Giant Marrowfat Peas,Farrow's Giant Marrowfat Peas180g,75p,£4.17 per kg,Buy 2 for £1.40
Fearne & Rosie Reduced Sugar Strawberry Superberry Jam,Fearne & Rosie Reduced Sugar St…300g,£2.80,93.3p per 100g,
Ferrero Collection Chocolate Pralines Gift Box 15 Pieces,Ferrero Collection Chocolate Pr…172g,£6,£3.49 per 100g,
Ferrero Collection Gift Box Of Chocolates ,Ferrero Collection Gift Box Of Chocolates 24 per pack,£10,41.7p each,
Ferrero Rocher Block Dark ,Ferrero Rocher Block Dark 90g,£2.20,£2.44 per 100g,
Ferrero Rocher Chocolate Pralines Gift Box 16 Pieces ,Ferrero Rocher Chocolate Pralines Gift Box 16 Pieces 200g,£6,£3.00 per 100g,
Ferrero Rocher Chocolate Pralines Gift Box 24 Pieces,Ferrero Rocher Chocolate Pralines Gift Box 24 Pieces300g,£9.50,£3.17 per 100g,
Ferrero Rocher Golden Easter Egg,Ferrero Rocher Golden Easter Egg250g,£12.50,£5.00 per 100g,
Ferrero Rocher Hollow Bunny,Ferrero Rocher Hollow Bunny100g,£3.25,£3.25 per 100g,Buy 2 for £5.50
Ferrero Rocher Milk Chocolate & Hazelnut Bar,Ferrero Rocher Milk Chocolate & Hazelnut Bar90g,£2.20,£2.44 per 100g,
Ferrero Rocher White Chocolate & Hazelnut Bar,Ferrero Rocher White Chocolate & Hazelnut Bar90g,£2.20,£2.44 per 100g,
Fibre One 4 Triple Choc Cake Bars ,Fibre One 4 Triple Choc Cake Bars 4 x 25g,£2.90,£2.90 per 100g,
Fibre One 5 Birthday Cake Squares ,Fibre One 5 Birthday Cake Squares 120g,£2.90,£2.42 per 100g,
Fibre One 90 Calorie Chocolate Fudge Brownie Bars,Fibre One 90 Calorie Chocol…5 x 24g,£2.90,£2.42 per 100g,
Fibre One 90 Calorie Lemon Drizzle Bars,Fibre One 90 Calorie Lemon Drizzle Bars5 x 24g,£2.90,£2.42 per 100g,
Fibre One 90 Calorie Red Velvet High Fibre Cake Bars ,Fibre One 90 Calorie Red Velv…4 x 25g,£2.90,£2.90 per 100g,
Fibre One 90 Calorie Salted Caramel Bars,Fibre One 90 Calorie Salted Caramel Bars5 x 24g,£2.90,£2.42 per 100g,
Fibre One Choc Indulgence Doughnuts,Fibre One Choc Indulgence Doughnuts4 x 23g,£1.50,£1.63 per 100g,"Offer price £1.50, was £2.50"
Fibre One Milk Chocolate Popcorn & Pretzel Cereal Bars,Fibre One Milk Chocolate Popcor…4 x 21g,£1.25,£1.49 per 100g,"Offer price £1.25, was £2"
Fibre One Popcorn Peanut Cereal Bars,Fibre One Popcorn Peanut Cereal Bars4 x 21g,£1.25,£1.49 per 100g,"Offer price £1.25, was £2"
Fibre One Strawberries & White Choc Mini Doughnuts,Fibre One Strawberries & Wh…4 x 23g,£1.50,£1.63 per 100g,"Offer price £1.50, was £2.50"
Fibre One Strawberry Cheesecake Cake Bar,Fibre One Strawberry Cheesecake Cake Bar4 x 25g,£2.90,£2.90 per 100g,
Filippo Berio 100% Italian Extra Virgin Olive Oil,Filippo Berio 100% Italian Extra Virgin Olive Oil750ml,£9,£1.20 per 100ml,"Offer price £9, was £9.49"
Filippo Berio Balsamic Vinegar,Filippo Berio Balsamic Vinegar250ml,£3.25,£1.30 per 100ml,
Filippo Berio Chilli Flavoured Olive Oil ,Filippo Berio Chilli Flavoured Olive Oil 250ml,£5.99,£2.40 per 100ml,
Filippo Berio Extra Virgin Olive Oil,Filippo Berio Extra Virgin Olive Oil500ml,£4.50,90p per 100ml,
Filippo Berio Extra Virgin Olive Oil,Filippo Berio Extra Virgin Olive Oil750ml,£8.79,£1.17 per 100ml,
Filippo Berio Extra Virgin Olive Oil,Filippo Berio Extra Virgin Olive Oil250ml,£3.29,£1.32 per 100ml,
Filippo Berio Extra Virgin Olive Oil,Filippo Berio Extra Virgin Olive Oil1L,£9.99,99.9p per 100ml,
Filippo Berio Extra Virgin Olive Oil,Filippo Berio Extra Virgin Olive Oil1.5L,£13,86.7p per 100ml,"Offer price £13, was £13.99"
Filippo Berio Garlic Olive Oil ,Filippo Berio Garlic Olive Oil 250ml,£5.99,£2.40 per 100ml,
Filippo Berio Gran Cru Balsamic Vinegar Of Modena ,Filippo Berio Gran Cru Bals…250ml,£10,£40.00 per litre,
Filippo Berio Il Rustico Unfiltered Extra Virgin Olive Oil,Filippo Berio Il Rustico Unfilter…1L,£10,£1.00 per 100ml,"Offer price £10, was £11.99"
Filippo Berio Mild & Light In Colour,Filippo Berio Mild & Light In Colour250ml,£3.29,£1.32 per 100ml,
Filippo Berio Mild & Light Olive Oil,Filippo Berio Mild & Light Olive Oil500ml,£4.50,90p per 100ml,
Filippo Berio Mild & Light Olive Oil,Filippo Berio Mild & Light Olive Oil750ml,£8.79,£1.17 per 100ml,
Filippo Berio Olive Oil,Filippo Berio Olive Oil500ml,£4.50,90p per 100ml,
Filippo Berio Olive Oil,Filippo Berio Olive Oil750ml,£8.79,£1.17 per 100ml,
Filippo Berio Olive Oil,Filippo Berio Olive Oil250ml,£3.29,£1.32 per 100ml,
Filippo Berio Olive Oil Classic ,Filippo Berio Olive Oil Classic 1L,£9.99,99.9p per 100ml,
Filippo Berio Olive Oil Mild & Light In Colour,Filippo Berio Olive Oil Mild & Light In Colour1L,£9.99,99.9p per 100ml,
Filippo Berio Organic Extra Virgin Oil,Filippo Berio Organic Extra Virgin Oil500ml,£6.99,£1.40 per 100ml,
Filippo Berio Special Selection Extra Virgin Olive Oil,Filippo Berio Special Selection…500ml,£7.49,£1.50 per 100ml,
Filippo Berio Truffle Flavour Olive Oil,Filippo Berio Truffle Flavour Olive Oil250ml,£7.99,£3.20 per 100ml,
Flahavan's Irish Quick Oats,Flahavan's Irish Quick Oats500g,£1.80,36p per 100g,
Flahavans Organic Irish Porridge,Flahavans Organic Irish Porridge500g,£1.25,25p per 100g,
Flava-It Barbecue Marinade,Flava-It Barbecue Marinade35g,£1.10,£3.14 per 100g,
Flava-It Chinese Marinade,Flava-It Chinese Marinade35g,£1.10,£3.14 per 100g,
Flava-It Piri Piri Marinade,Flava-It Piri Piri Marinade35g,£1.10,£3.14 per 100g,
Flipz Pretzels Milk Chocolate Snacks,Flipz Pretzels Milk Chocolate Snacks90g,£1.35,£1.50 per 100g,
Flora Pure Sunflower Oil with Vitamin E,Flora Pure Sunflower Oil with Vitamin E2L,£7.55,37.8p per 100ml,
Flora Pure Sunflower Oil with Vitamin E,Flora Pure Sunflower Oil with Vitamin E1L,£3.70,37p per 100ml,"Offer price £3.70, was £4.49"
Fox's Brandy Snaps Biscuits,Fox's Brandy Snaps Biscuits100g,£1.39,£1.39 per 100g,
Fox's Chocolate Orange Crunch Creams,Fox's Chocolate Orange Crunch Creams200g,£1,50p per 100g,
Fox's Chocolatey Milk Chocolate Biscuit Rounds,Fox's Chocolatey Milk Chocolate Biscuit Rounds130g,£1.25,96.3p per 100g,"Offer price £1.25, was £2"
Fox's Fabulous Half Coated Milk Chocolate Cookie Biscuits,Fox's Fabulous Half Coated Milk C…175g,£2,£1.14 per 100g,
Fox's Fabulous Milk Chocolate Cookie Biscuits,Fox's Fabulous Milk Chocolate Cookie Biscuits180g,£2,£1.11 per 100g,
Fox's Fabulous Triple Chocolate Cookie Biscuits,Fox's Fabulous Triple Chocolate Cookie Biscuits180g,£2,£1.11 per 100g,
Fox's Golden Crunch Creams ,Fox's Golden Crunch Creams 200g,£1.25,62.5p per 100g,
Fox's Jam 'n' Cream Rings,Fox's Jam 'n' Cream Rings150g,60p,40p per 100g,"Offer price 60p, was 75p"
Fox's Party Ring Biscuits,Fox's Party Ring Biscuits125g,75p,60p per 100g,
Fox's Party Ring Biscuits 6 Mini Bags,Fox's Party Ring Biscuits 6 Mini Bags126g,£1.19,94.4p per 100g,
Fox's Rocky Caramel Chocolate Biscuit Bars 8 Pack,Fox's Rocky Caramel Chocola…169g,£1,59.2p per 100g,"Offer price £1, was £1.25"
Fox's Rocky Chocolate Biscuit Bars 8 Pack,Fox's Rocky Chocolate Biscuit Bars 8 Pack168g,£1,59.5p per 100g,"Offer price £1, was £1.20"
Fox's Sugar Free L/Boost,Fox's Sugar Free L/Boost45g,£1,£2.22 per 100g,
Fox's Sugar Free Wakey Mini,Fox's Sugar Free Wakey Mini45g,£1,£2.22 per 100g,
Fox's Viennese Milk Chocolate Biscuit Sandwich,Fox's Viennese Milk Choco…120g,£2,£1.67 per 100g,
Fragata Olives Stuffed With Garlic (350g),Fragata Olives Stuffed With Garlic (350g)150g,£1.70,£1.14 per 100g,"Offer price £1.70, was £1.99"
Fragata Selection Olives Stuffed With Anchovy (350g),Fragata Selection Olives Stuf…150g,£1.70,£1.14 per 100g,"Offer price £1.70, was £1.99"
"Fragata Stone In Beldi Dry, Salted, Greek Style Olives ","Fragata Stone In Beldi Dry, Sal…250g",£1.99,79.6p per 100g,
Fragata Stoneless Manzanilla Olives Filled With Chorizo (350g),Fragata Stoneless Manzanilla Olives…150g,£1.70,£1.14 per 100g,"Offer price £1.70, was £1.99"
Fragata Stoneless Manzanilla Olives Filled With Jalapeno,Fragata Stoneless Manzanilla Ol…350g,£1.70,48.6p per 100g,"Offer price £1.70, was £1.99"
Fragata Stoneless Manzanilla Olives Filled With Lemon,Fragata Stoneless Manzanilla…350g,£1.70,48.6p per 100g,"Offer price £1.70, was £1.99"
Fragata Stoneless Manzanilla Olives Filled With Piquillo Pepper (350g),Fragata Stoneless Manzanilla…150g,£1.70,£1.14 per 100g,"Offer price £1.70, was £1.99"
Frank Cooper's Fine Cut Oxford Marmalade,Frank Cooper's Fine Cut Oxford Marmalade454g,£2.49,54.8p per 100g,
Frank Cooper's Original Oxford Marmalade,Frank Cooper's Original Oxford Marmalade454g,£2.49,54.8p per 100g,
Franks Redhot Buffalo Wings Sauce,Franks Redhot Buffalo Wings Sauce148ml,£1.79,£1.21 per 100ml,
Frank's Red Hot Grilled Habanero Hot Sauce ,Frank's Red Hot Grilled Habanero Hot Sauce 148ml,£1.99,£1.34 per 100ml,
Franks Red Hot Original Cayenne Pepper Sauce,Franks Red Hot Original Cayenne Pepper Sauce148ml,£1.79,£1.21 per 100ml,
Frank'S Red Hot Roasted Jalapeno Hot Sauce ,Frank'S Red Hot Roasted Jalapeno Hot Sauce 148ml,£1.99,£1.34 per 100ml,
Frank's Red Hot Smoked Chipotle Hot Sauce ,Frank's Red Hot Smoked Chipotle Hot Sauce 148ml,£1.99,£1.34 per 100ml,
Fray Bentos All Day Breakfast Pie,Fray Bentos All Day Breakfast Pie425g,£3.25,76.5p per 100g,Buy 2 for £5
Fray Bentos Cheese & Onion Pie,Fray Bentos Cheese & Onion Pie425g,£3.25,76.5p per 100g,Buy 2 for £5
Fray Bentos Chicken Curry Pie,Fray Bentos Chicken Curry Pie425g,£3.25,76.5p per 100g,Buy 2 for £5
Fray Bentos Just Chicken Pie,Fray Bentos Just Chicken Pie425g,£3.25,76.5p per 100g,Buy 2 for £5
Fray Bentos Just Steak Pudding,Fray Bentos Just Steak Pudding200g,£2.75,£1.38 per 100g,
Fray Bentos Meatballs In Gravy,Fray Bentos Meatballs In Gravy380g,£1.20,31.6p per 100g,
Fray Bentos Meatballs In Tomato Sauce,Fray Bentos Meatballs In Tomato Sauce380g,£1.20,31.6p per 100g,
Fray Bentos Minced Beef Pie,Fray Bentos Minced Beef Pie425g,£3.25,76.5p per 100g,Buy 2 for £5
Fray Bentos Steak & Gravy Pie,Fray Bentos Steak & Gravy Pie425g,£3.25,76.5p per 100g,Buy 2 for £5
Fray Bentos Steak & Kidney Pie,Fray Bentos Steak & Kidney Pie425g,£3.25,76.5p per 100g,Buy 2 for £5
Fray Bentos Steak & Kidney Pudding,Fray Bentos Steak & Kidney Pudding200g,£2.75,£1.38 per 100g,
Fray Bentos Steak & Kidney Pudding,Fray Bentos Steak & Kidney Pudding400g,£3.25,81.3p per 100g,
Frenchs American Classic Mustard,Frenchs American Classic Mustard397g,£2.85,71.8p per 100g,
French's Classic Yellow Mustard,French's Classic Yellow Mustard226g,£2.15,95.1p per 100g,
Fruit-Tella Berries & Cherries,Fruit-Tella Berries & Cherries170g,£1.50,88.2p per 100g,
Fruit Bowl Black Currant Peelers,Fruit Bowl Black Currant Peelers5 x 16g,£2.49,£3.11 per 100g,
Fruit Bowl Raspberry Peelers ,Fruit Bowl Raspberry Peelers 5 x 16g,£2.49,£3.11 per 100g,
Fruit Bowl Raspberry Yogurt Flakes,Fruit Bowl Raspberry Yogurt Flakes5 x 21g,£2.25,£2.14 per 100g,
Fruit Bowl Strawberry Peelers,Fruit Bowl Strawberry Peelers5 x 16g,£2.49,£3.11 per 100g,
Fruit Bowl Strawberry Yogurt Flakes,Fruit Bowl Strawberry Yogurt Flakes5 x 21g,£2.25,£2.14 per 100g,
Fruit Bowl Yogurt Raisins,Fruit Bowl Yogurt Raisins5 x 25g,£2.25,£1.80 per 100g,
Fruit Factory Fruit Stars      ,Fruit Factory Fruit Stars      5 x 20g,£1.75,£1.75 per 100g,
Fruittella Duo Stix Sweets Bag,Fruittella Duo Stix Sweets Bag160g,£1.50,93.8p per 100g,
Fruittella Favourites Chewy Sweets Multipack,Fruittella Favourites Chewy Sweets Multipack164g,£1.45,88.4p per 100g,
Fruittella Juicy Chews Sharing Sweets Bag,Fruittella Juicy Chews Sharing Sweets Bag170g,£1.50,88.2p per 100g,
Fruittella Mini Chewy Fruit Sweets,Fruittella Mini Chewy Fruit Sweets140g,£1,71.4p per 100g,
Fruittella Sugarfree Fruit Jellies Coins ,Fruittella Sugarfree Fruit Jellies Coins 90g,£1.15,£1.28 per 100g,
Fruittella Sugarfree Fruit Jellies Duos,Fruittella Sugarfree Fruit Jellies Duos90g,£1.15,£1.28 per 100g,
Fruittella Under The Sea,Fruittella Under The Sea110g,£1.15,£1.05 per 100g,
Frylight Butter Flavour 1 Cal Cooking Spray,Frylight Butter Flavour 1 Cal Cooking Spray190ml,£2.75,£1.45 per 100ml,
Frylight Coconut Oil 1 Cal Cooking Spray,Frylight Coconut Oil 1 Cal Cooking Spray190ml,£2.75,£1.45 per 100ml,
Frylight Extra Virgin Olive Oil 1 Cal Cooking Spray,Frylight Extra Virgin Olive Oil 1 Cal Cooking Spray190ml,£2.75,£1.45 per 100ml,
Frylight Garlic Oil 1 Cal Cooking Spray,Frylight Garlic Oil 1 Cal Cooking Spray190ml,£2.75,£1.45 per 100ml,
Frylight Rapeseed Oil 1 Cal Cooking Spray,Frylight Rapeseed Oil 1 Cal Cooking Spray190ml,£2.75,£1.45 per 100ml,
Frylight Sunflower Oil 1 Cal Cooking Spray,Frylight Sunflower Oil 1 Cal Cooking Spray190ml,£2.75,£1.45 per 100ml,
Fry's Chocolate Cream Multipack 3 Pack,Fry's Chocolate Cream Multipack 3 Pack147g,£1,68p per 100g,
Fry's Orange Cream Multipack 3 Pack,Fry's Orange Cream Multipack 3 Pack147g,£1,68p per 100g,
Fry's Peppermint Cream Multipack 3 Pack,Fry's Peppermint Cream Multipack 3 Pack147g,£1,68p per 100g,
Fry's Turkish Delight Chocolate Multipack 3 Pack,Fry's Turkish Delight Choco…153g,£1,65.4p per 100g,
Fudco Roasted & Salted Cashew Nuts,Fudco Roasted & Salted Cashew Nuts200g,£2.90,£1.45 per 100g,
Fuel 10K Chunky Granola Chocolate Loaded,Fuel 10K Chunky Granola Chocolate Loaded400g,£3.25,81.3p per 100g,
Fuel10K Granola Chunky Chocolate,Fuel10K Granola Chunky Chocolate70g,£1.29,£1.84 per 100g,
Fuel10K Granola Fruit & Nut,Fuel10K Granola Fruit & Nut400g,£3,75p per 100g,
Fuel10K Granola Mocha,Fuel10K Granola Mocha400g,£3,75p per 100g,
Fuel 10K High Protein Boosted Porridge Chocolate,Fuel 10K High Protein Boost…70g,£1.29,£1.84 per 100g,
Fulfil Chocolate Brownie Vitamin & Protein Bar ,Fulfil Chocolate Brownie Vitamin & Protein Bar 55g,£2.70,£4.91 per 100g,
Fulfil Chocolate Hazelnut Whip Vitamin & Protein Cereal Bar,Fulfil Chocolate Hazelnut Whip Vi…55g,£2.70,£4.91 per 100g,
Fulfil Chocolate Salted Caramel Vitamin & Protein Bar,Fulfil Chocolate Salted Caram…55g,£2.70,£4.91 per 100g,
Full Green Cauli Rice Original,Full Green Cauli Rice Original200g,£2,£10.00 per kg,
Fullgreen Vegi Rice Sweet Potato,Fullgreen Vegi Rice Sweet Potato200g,£2,£10.00 per kg,
Galaxy Caramel Trufle Egg ,Galaxy Caramel Trufle Egg 297g,£10,£3.37 per 100g,
Galaxy Cookie Crumble & Milk Chocolate Block Bar Vegetarian,Galaxy Cookie Crumble & Milk Choc…114g,£1.50,£1.32 per 100g,
Galaxy Counters Milk Chocolate Buttons Pouch Bag ,Galaxy Counters Milk Chocol…122g,£1.50,£1.23 per 100g,
Galaxy Fusions Luxury 70% Cocoa Dark Chocolate Block Bar ,Galaxy Fusions Luxury 70% Cocoa D…100g,£2,£2.00 per 100g,
Galaxy Hot Chocolate Dolce Gusto Compatible 8 Pods,Galaxy Hot Chocolate Dolce…136g,£4,£2.94 per 100g,
Galaxy Instant Hot Chocolate,Galaxy Instant Hot Chocolate370g,£3.49,94.3p per 100g,
Galaxy Milk Chocolate & Caramel Easter Mini Eggs Bag ,Galaxy Milk Chocolate & Caram…80g,£1.25,£1.56 per 100g,
Galaxy Milk Chocolate Bar Indulgence Extra Large Easter Egg,Galaxy Milk Chocolate Bar Indulge…310g,£5,£1.61 per 100g,
Galaxy Milk Chocolate Enchanted Eggs Large Easter Egg ,Galaxy Milk Chocolate Enchanted…206g,£3.25,£1.58 per 100g,
Galaxy Minstrels Milk Chocolate Buttons Bag Multipack ,Galaxy Minstrels Milk Chocolate…3 x 42g,£1.65,£1.31 per 100g,"Offer price £1.65, was £1.95"
Galaxy Minstrels Milk Chocolate Buttons Pouch Bag,Galaxy Minstrels Milk Choco…125g,£1.50,£1.20 per 100g,
Galaxy Minstrels Milk Chocolate Buttons Sharing Pouch Bag,Galaxy Minstrels Milk Chocolate B…240g,£2.50,£1.04 per 100g,
Galaxy Minstrels Milk Chocolate Large Easter Egg ,Galaxy Minstrels Milk Choco…234g,£3.25,£1.39 per 100g,
Galaxy Orange Milk Chocolate Block Bar Vegetarian ,Galaxy Orange Milk Chocolat…110g,£1.50,£1.36 per 100g,
Galaxy Ripple Chocolate Bars Multipack 4 x 33g,Galaxy Ripple Chocolate Bars Multipack 4 x 33g132g,£1.65,£1.25 per 100g,"Offer price £1.65, was £1.95"
Galaxy Salted Caramel & Milk Chocolate Block Bar Vegetarian,Galaxy Salted Caramel & Milk Choc…135g,£1.50,£1.11 per 100g,
Galaxy Smooth Caramel & Milk Chocolate Block Bar Vegetarian,Galaxy Smooth Caramel & Milk Choc…135g,£1.50,£1.11 per 100g,
Galaxy Smooth Milk Chocolate Block Bar Vegetarian,Galaxy Smooth Milk Chocolat…110g,£1.50,£1.36 per 100g,
Galaxy Smooth Milk Chocolate Block Sharing Bar Vegetarian ,Galaxy Smooth Milk Chocolate Bloc…200g,£2,£1.00 per 100g,
Galaxy Smooth Milk Chocolate Snack Bars Multipack Vegetarian,Galaxy Smooth Milk Chocolate Snack…4 x 42g,£1.65,98.2p per 100g,"Offer price £1.65, was £1.95"
Galaxy Triple Treat Fruit & Nut Milk Chocolate Snack Bars Multipack,Galaxy Triple Treat Fruit & Nut Milk Ch…4 x 32g,£1.75,£1.37 per 100g,
"Galaxy Triple Treat Fruit, Nut & Chocolate Snack Bar","Galaxy Triple Treat Fruit, Nu…40g",65p,£1.63 per 100g,
Garner's Pickled Eggs ,Garner's Pickled Eggs 440g,£3.89,88.4p per 100g,
Geeta's Lime & Chilli Chutney Hot,Geeta's Lime & Chilli Chutney Hot230g,£1.50,65.2p per 100g,"Offer price £1.50, was £1.89"
Geeta's Premium Mango Chutney,Geeta's Premium Mango Chutney230g,£1.50,65.2p per 100g,"Offer price £1.50, was £1.90"
Gia Chilli Puree,Gia Chilli Puree80g,99p,£12.38 per kg,
Gia Garlic Puree in Vegetable Oil,Gia Garlic Puree in Vegetable Oil90g,99p,£11.00 per kg,
Glenryck Pilchards in Brine (400g),Glenryck Pilchards in Brine (400g)280g,£1.59,56.8p per 100g,
Glenryck Pilchards in Tomato Sauce,Glenryck Pilchards in Tomato Sauce155g,75p,48.4p per 100g,
Glenryck Pilchards in Tomato Sauce,Glenryck Pilchards in Tomato Sauce400g,£1.59,39.8p per 100g,
Go Ahead Apple Crispy Fruit Slice Snack Bars,Go Ahead Apple Crispy Fruit Slice Snack Bars4 x 44g,£1,56.8p per 100g,
Go Ahead Forest Fruit Crispy Fruit Slice Snack Bars,Go Ahead Forest Fruit Crispy…4 x 44g,£1,56.8p per 100g,
Go Ahead Fruit & Oat Bakes Apple Biscuit Bars,Go Ahead Fruit & Oat Bakes Apple Biscuit Bars210g,£1.25,59.5p per 100g,"Offer price £1.25, was £1.75"
Go Ahead Fruit & Oat Bakes Strawberry Biscuit Bars,Go Ahead Fruit & Oat Bakes…210g,£1.25,59.5p per 100g,"Offer price £1.25, was £1.75"
Go Ahead Raspberry Crispy Fruit Slices Snack Bars,Go Ahead Raspberry Crispy F…4 x 44g,£1,56.8p per 100g,
Go Ahead Yoghurt Breaks Forest Fruit Snack Bars,Go Ahead Yoghurt Breaks Forest Fruit Snack Bars4 x 35.5g,£1.25,87.9p per 100g,"Offer price £1.25, was £1.75"
Go Ahead Yoghurt Breaks Strawberry Snack Bars,Go Ahead Yoghurt Breaks Strawberry Snack Bars3 x 35.5g,£1.25,£1.17 per 100g,"Offer price £1.25, was £1.75"
Go Go Squeez Fruit Snack Apple Mango,Go Go Squeez Fruit Snack Apple Mango4 x 90g,£2,55.5p per 100g,"Offer price £2, was £2.55"
Go Go Squeez Fruit Snack Apple Strawberry,Go Go Squeez Fruit Snack Apple Strawberry4 x 90g,£2,55.5p per 100g,"Offer price £2, was £2.55"
Goldenfields Rapeseed Oil,Goldenfields Rapeseed Oil1L,£2.50,25p per 100ml,
Golden Wonder Ringos Cheese & Onion ,Golden Wonder Ringos Cheese & Onion 6 x 12.5g,£1.29,£1.72 per 100g,
Good Hemp The Original Hemp Seed Oil ,Good Hemp The Original Hemp Seed Oil 500ml,£6,£1.20 per 100ml,
Gourmet Burger Kitchen House Relish,Gourmet Burger Kitchen House Relish250g,£2,80p per 100g,
Grace Chicken Noodle Soup Mix,Grace Chicken Noodle Soup Mix60g,69p,£1.15 per 100g,
Grace Fish Tea Soup Mix,Grace Fish Tea Soup Mix50g,69p,£1.38 per 100g,
Grace Halal Chicken Vienna Sausages (200g),Grace Halal Chicken Vienna Sausages (200g)120g,£1.39,£1.16 per 100g,
Grace Halal Hot & Spicy Vienna Sausages (200g),Grace Halal Hot & Spicy Vienna Sausages (200g)120g,£1.39,£1.16 per 100g,
Grace Instant Cornmeal Porridge ,Grace Instant Cornmeal Porridge 60g,£1.59,£2.65 per 100g,
Gran Gallo Risotto,Gran Gallo Risotto500g,£2.65,£5.30 per kg,
Gran Luchito Lightly Salted Tortilla Chips ,Gran Luchito Lightly Salted Tortilla Chips 170g,£2.65,£1.56 per 100g,Buy 2 for £4.50
Graze Cherry Bakewell Flapjack,Graze Cherry Bakewell Flapjack53g,£1.20,£2.26 per 100g,
Graze Crunchy Protein Nuts & Veggies,Graze Crunchy Protein Nuts & Veggies118g,£2,£1.69 per 100g,"Offer price £2, was £3"
Graze Lively Lemon Flapjack,Graze Lively Lemon Flapjack53g,£1.20,£2.26 per 100g,
Graze Marmite Crunch,Graze Marmite Crunch28g,£1.20,£4.29 per 100g,
Graze Oat Boosts Cherry Bakewells,Graze Oat Boosts Cherry Bakewells4 x 30g,£2.75,£2.29 per 100g,
Graze Oat Boosts Lemon Blueberry,Graze Oat Boosts Lemon Blueberry4 x 30g,£2.75,£2.29 per 100g,
Graze Peanut Butter Chocolate Flapjack,Graze Peanut Butter Chocolate Flapjack50g,£1.20,£2.40 per 100g,
Graze Protein Bites 4 Cocoa Vanilla Oat Squares,Graze Protein Bites 4 Cocoa Vanilla Oat Squares120g,£2.75,£2.29 per 100g,
Graze Protein Oat Boosts Cocoa Orange,Graze Protein Oat Boosts Cocoa Orange4 x 30g,£2.75,£2.29 per 100g,
Graze Salt & Vinegar Crunch ,Graze Salt & Vinegar Crunch 104g,£3,£2.88 per 100g,
Graze Smokehouse BBQ Crunch 104g,Graze Smokehouse BBQ Crunch 104g104g,£3,£2.88 per 100g,
Graze Smoky Barbecue Crunch,Graze Smoky Barbecue Crunch28g,£1.20,£4.29 per 100g,
Graze Sweet Chilli Crunch ,Graze Sweet Chilli Crunch 104g,£3,£2.88 per 100g,
Graze Triple Pack Lemon Drizzle Flapjack ,Graze Triple Pack Lemon Drizzle Flapjack 3 x 53g,£2.75,£1.73 per 100g,
Green & Black's Dark Chocolate Dark 70% Bar,Green & Black's Dark Chocolate Dark 70% Bar90g,£1.60,£1.78 per 100g,"Offer price £1.60, was £2"
Green & Black's Dark Chocolate Dark 85% Bar,Green & Black's Dark Chocolate Dark 85% Bar90g,£1.60,£1.78 per 100g,"Offer price £1.60, was £2"
Green & Black's Organic Dark Chocolate Easter Egg ,Green & Black's Organic Dar…165g,£4,£2.42 per 100g,
Green & Black's Organic Hot Chocolate Tub,Green & Black's Organic Hot Chocolate Tub300g,£3.99,£1.33 per 100g,
Green & Black's Organic Milk Chocolate 37% Cocoa Bar,Green & Black's Organic Milk…90g,£1.60,£1.78 per 100g,"Offer price £1.60, was £2"
Green & Black's Organic Smooth Dark Mint,Green & Black's Organic Smooth Dark Mint90g,£1.60,£1.78 per 100g,"Offer price £1.60, was £2"
Green & Black's Velvet Edition Dark Chocolate Salted Caramel Bar,Green & Black's Velvet Edition Dark C…90g,£1.60,£1.78 per 100g,"Offer price £1.60, was £2"
Green Giant Artichoke Hearts (400g),Green Giant Artichoke Hearts (400g)240g,£2.60,£10.83 per kg,
Green Giant Hearts of Palm (410g),Green Giant Hearts of Palm (410g)220g,£2.55,£11.59 per kg,
Green Giant Original Sweetcorn (198g),Green Giant Original Sweetcorn (198g)165g,99p,£6.00 per kg,
Green Giant Original Sweetcorn (340g),Green Giant Original Sweetcorn (340g)285g,£1.15,£4.04 per kg,
Green Giant Original Sweetcorn (3x340g),Green Giant Original Sweetcorn (3x340g)3 x 285g,£3.19,£3.73 per kg,
Green Giant Original Sweetcorn (4x198g),Green Giant Original Sweetcorn (4x198g)4 x 165g,£3.50,£5.30 per kg,
Green Giant Salad Crisp Sweetcorn (150g),Green Giant Salad Crisp Sweetcorn (150g)140g,89p,£6.36 per kg,
Green Giant Salt Free Sweetcorn (198g),Green Giant Salt Free Sweetcorn (198g)165g,99p,£6.00 per kg,
Green Giant Sweetcorn With Peppers (198g),Green Giant Sweetcorn With Peppers (198g)165g,85p,£5.15 per kg,
Greens Red Quick Jel Single Sachet,Greens Red Quick Jel Single Sachet35g,49p,£1.40 per 100g,
Gu Salted Caramel Melt In The Middle Puds ,Gu Salted Caramel Melt In The Middle Puds 2 x 95g,£2.50,£1.32 per 100g,"Offer price £2.50, was £3.59"
Guylian Artisanal Belgian Chocolate,Guylian Artisanal Belgian Chocolate250g,£4.50,£1.80 per 100g,
Guylian Praline Easter Egg,Guylian Praline Easter Egg306g,£7,£2.29 per 100g,
Haliborange Vitamin C Blackcurrant Effervescent Tablets 1000mg 12yrs+ ,Haliborange Vitamin C Blackcurrant Efferv…20 per pack,£4,20p each,
Hammonds of Yorkshire Chop Brown Sauce,Hammonds of Yorkshire Chop Brown Sauce698g,£2.15,30.8p per 100g,
Happy Easter Cupcake Cases,Happy Easter Cupcake Cases75 per pack,£2.90,3.9p each,
Haribo Balla Stixx Strawberry Sweets Share Bag,Haribo Balla Stixx Strawb…140g,£1.25,89.3p per 100g,
Haribo Chamallows Marshmallows Share Bag,Haribo Chamallows Marshmallows Share Bag140g,£1.25,89.3p per 100g,
Haribo Eggs Galore,Haribo Eggs Galore160g,£1,62.5p per 100g,
Haribo Eggs Galore 30 Mini Bags Easter Sweets,Haribo Eggs Galore 30 Mini Bags Easter Sweets480g,£3.75,78.1p per 100g,
Haribo Fruitilicious Sweets Pocket,Haribo Fruitilicious Sweets Pocket42g,50p,£1.19 per 100g,
Haribo Funtasia Share ,Haribo Funtasia Share 150g,£1.25,83.3p per 100g,
Haribo Giant Strawbs Vegetarian Sweets Share Bag,Haribo Giant Strawbs Vegeta…175g,£1.25,71.4p per 100g,
Haribo Goldbears Sweets Share Bag,Haribo Goldbears Sweets Share Bag175g,£1.25,71.4p per 100g,
Haribo Jelly Babies Double Trouble Share Size,Haribo Jelly Babies Double Trouble Share Size175g,£1.25,71.4p per 100g,
Haribo Jelly Bunnies,Haribo Jelly Bunnies160g,£1,62.5p per 100g,
Haribo Pontefract Cakes Soft Liquorice Sweets Share Bag,Haribo Pontefract Cakes Soft Li…175g,£1.25,71.4p per 100g,
Haribo Share The Happy 11 Mini Bags Sweets Multipack,Haribo Share The Happy 11 Min…176g,£1.50,85.2p per 100g,
Haribo Share The Happy 60 Mini Bags Sweets Multipack,Haribo Share The Happy 60 Min…960g,£6.50,67.7p per 100g,
Haribo Sour Sparks Vegetarian Sweets Share Bag,Haribo Sour Sparks Vegeta…175g,£1.25,71.4p per 100g,
Haribo Starmix 11 Mini Bags Sweets Multipack,Haribo Starmix 11 Mini Bags Sweets Multipack176g,£1.50,85.2p per 100g,
Haribo Starmix Sweets Share Bag,Haribo Starmix Sweets Share Bag175g,£1.25,71.4p per 100g,
Haribo Supermix Sweets Share Bag,Haribo Supermix Sweets Share Bag175g,£1.25,71.4p per 100g,
Haribo Tangfastics 11 Mini Bags Sweets Multipack,Haribo Tangfastics 11 Mini Bags Sweets Multipack176g,£1.50,85.2p per 100g,
Haribo Tangfastics Sweets Share Bag,Haribo Tangfastics Sweets Share Bag175g,£1.25,71.4p per 100g,
Haribo Twin Snakes Share Size,Haribo Twin Snakes Share Size175g,£1.25,71.4p per 100g,
Haribo Zingfest Share ,Haribo Zingfest Share 150g,£1.25,83.3p per 100g,
Hartleys 10 Cal Blueberry & Blackcurrant Flavour Jelly 6PK,Hartleys 10 Cal Blueberry & Black…1050g,£3.50,33.3p per 100g,
Hartley's 10 Cal Gin & Tonic Flavour Jelly,Hartley's 10 Cal Gin & Tonic Flavour Jelly175g,89p,50.9p per 100g,Buy 3 for £2
Hartley's 10 Cal Jelly Orange ,Hartley's 10 Cal Jelly Orange 175g,89p,50.9p per 100g,Buy 3 for £2
Hartley's 10 Cal Jelly Raspberry ,Hartley's 10 Cal Jelly Raspberry 175g,89p,50.9p per 100g,Buy 3 for £2
Hartley's 10 Cal Jelly Strawberry ,Hartley's 10 Cal Jelly Strawberry 175g,89p,50.9p per 100g,Buy 3 for £2
Hartley's 10 Calorie Blueberry & Blackcurrant Jelly Pot,Hartley's 10 Calorie Blueberry…175g,85p,48.6p per 100g,Buy 3 for £2
Hartley's 10 Calorie Cranberry & Raspberry Jelly Pot,Hartley's 10 Calorie Cranberr…175g,85p,48.6p per 100g,Buy 3 for £2
Hartley's 10 Calorie Mango & Passionfruit Jelly Pot,Hartley's 10 Calorie Mango &…175g,85p,48.6p per 100g,Buy 3 for £2
Hartley's 10 Cal Pina Colada Flavour Jelly,Hartley's 10 Cal Pina Colada Flavour Jelly175g,89p,50.9p per 100g,Buy 3 for £2
Hartleys 10 CalRaspberry Flavour Jelly 6PK,Hartleys 10 CalRaspberry Flavour Jelly 6PK1050g,£3.50,33.3p per 100g,
Hartleys 10 Cal Strawberry Flavour Jelly 6PK,Hartleys 10 Cal Strawbe…1050g,£3.50,33.3p per 100g,
Hartley's Best Strawberry Jam,Hartley's Best Strawberry Jam340g,£2.10,61.8p per 100g,
Hartley's Blackcurrant Jelly Pot,Hartley's Blackcurrant Jelly Pot125g,85p,68p per 100g,Buy 4 for £2
Hartleys Jelly Black Cherry,Hartleys Jelly Black Cherry135g,99p,73.3p per 100g,
Hartley's Jelly Blackcurrant,Hartley's Jelly Blackcurrant135g,99p,73.3p per 100g,
Hartleys Jelly Blackcurrant Flavour Jelly 6PK,Hartleys Jelly Blackcurrant Flavour Jelly 6PK750g,£2.25,30p per 100g,
Hartleys Jelly Orange Flavour Jelly 6PK,Hartleys Jelly Orange Flavour Jelly 6PK750g,£2.25,30p per 100g,
Hartley's Jelly Sours Cherry,Hartley's Jelly Sours Cherry125g,79p,63.2p per 100g,Buy 4 for £2
Hartley's Jelly Sours Strawberry ,Hartley's Jelly Sours Strawberry 125g,79p,63.2p per 100g,Buy 4 for £2
Hartley's Lemon & Lime Jelly Pot,Hartley's Lemon & Lime Jelly Pot125g,85p,68p per 100g,Buy 4 for £2
Hartley's Lemon Jelly,Hartley's Lemon Jelly135g,99p,73.3p per 100g,
Hartley's Lime Jelly,Hartley's Lime Jelly135g,99p,73.3p per 100g,
Hartley's Low Sugar Raspberry Jelly Pot,Hartley's Low Sugar Raspberry Jelly Pot115g,85p,73.9p per 100g,Buy 4 for £2
Hartley's Ma Made Prepared Thin Cut Seville Oranges,Hartley's Ma Made Prepared Th…850g,£2.39,28.1p per 100g,
Hartleys No Added Sugar Blackcurrant Jelly ,Hartleys No Added Sugar Blackcurrant Jelly 6 x 115g,£2.25,32.6p per 100g,
Hartleys No Added  Sugar Jelly Blackcurrant,Hartleys No Added  Sugar Jelly Blackcurrant115g,65p,56.5p per 100g,Buy 4 for £2
Hartleys No Added Sugar Jelly Raspberry Flavour 6PK,Hartleys No Added Sugar Jelly…690g,£2.25,32.6p per 100g,
Hartley's No Added Sugar Orange Jelly Pot,Hartley's No Added Sugar Orange Jelly Pot115g,85p,73.9p per 100g,Buy 4 for £2
Hartleys No Added Sugar Strawberry Jelly,Hartleys No Added Sugar Strawberry Jelly6 x 115g,£2.25,32.6p per 100g,
Hartley's No Added Sugar Strawberry Jelly Pot,Hartley's No Added Sugar Strawberry Jelly Pot115g,85p,73.9p per 100g,Buy 4 for £2
Hartley's Orange Jelly,Hartley's Orange Jelly135g,99p,73.3p per 100g,
Hartley's Orange Jelly Pot,Hartley's Orange Jelly Pot125g,85p,68p per 100g,Buy 4 for £2
Hartley's Raspberry Jelly,Hartley's Raspberry Jelly135g,99p,73.3p per 100g,
Hartleys Raspberry Jelly,Hartleys Raspberry Jelly6 x 125g,£2.25,30p per 100g,
Hartley's Raspberry Jelly Pot,Hartley's Raspberry Jelly Pot125g,85p,68p per 100g,Buy 4 for £2
Hartley's Sour Apple Jelly ,Hartley's Sour Apple Jelly 125g,65p,52p per 100g,Buy 4 for £2
Hartley's Strawberry Jelly,Hartley's Strawberry Jelly135g,99p,73.3p per 100g,
Hartleys Strawberry Jelly,Hartleys Strawberry Jelly6 x 125g,£2.25,30p per 100g,
Hartley's Strawberry Jelly Pot,Hartley's Strawberry Jelly Pot125g,85p,68p per 100g,Buy 4 for £2
Hartley's Strawberry Seedless Jam ,Hartley's Strawberry Seedless Jam 340g,£2.10,61.8p per 100g,
Hartley's Sugar Free Orange Jelly,Hartley's Sugar Free Orange Jelly23g,£1.39,£6.04 per 100g,
Hartley's Sugar Free Raspberry Flavour Jelly,Hartley's Sugar Free Raspberry Flavour Jelly23g,£1.39,£6.04 per 100g,
Hartley's Sugar Free Strawberry Flavour Jelly,Hartley's Sugar Free Strawberry Flavour Jelly23g,£1.39,£6.04 per 100g,
Harvest Snaps Sour Cream & Chives Crunchy Lentil Rings,Harvest Snaps Sour Cream & Chiv…6 x 17g,£1.25,£1.23 per 100g,"Offer price £1.25, was £1.50"
Haywards Hot & Spicy Pickled Onions (400g),Haywards Hot & Spicy Pickled Onions (400g)215g,£2.09,97.2p per 100g,
Haywards Medium & Tangy Mix Pickle (400g),Haywards Medium & Tangy Mix Pickle (400g)160g,£2.09,£1.31 per 100g,
Haywards Medium & Tangy Red Cabbage (400g),Haywards Medium & Tangy…185g,£2.09,£1.13 per 100g,
Haywards Sweet & Mild Silverskin Onions (400g),Haywards Sweet & Mild Silverskin Onions (400g)215g,£2.09,97.2p per 100g,
Health & Her Sleep+ Multi Nutrient Support,Health & Her Sleep+ Multi Nutrient Support30 per pack,£15,50p each,"Offer price £15, was £20"
Heinz Aioli Sauce,Heinz Aioli Sauce220ml,£2.29,£1.04 per 100ml,
Heinz Alphabetti Pasta,Heinz Alphabetti Pasta400g,80p,£2.00 per kg,"Offer price 80p, was £1.25"
Heinz American Style Burger Sauce,Heinz American Style Burger Sauce230g,£2.29,99.6p per 100g,
Heinz American Style Smokey Baconnaise Sauce,Heinz American Style Sm…225g,£2.29,£1.02 per 100g,
Heinz Baked Beans and Pork Sausages ,Heinz Baked Beans and Pork Sausages 200g,£1.39,£6.95 per kg,Buy 3 for £3
Heinz Baked Beans and Sausages ,Heinz Baked Beans and Sausages 415g,£1.99,£4.80 per kg,Buy 3 for £5
Heinz Baked Beans Barbecue,Heinz Baked Beans Barbecue390g,£1.79,£4.59 per kg,
Heinz Baked Beans in a Rich Tomato Sauce,Heinz Baked Beans in a Rich Tomato Sauce150g,79p,£5.27 per kg,
Heinz Baked Beans in a Rich Tomato Sauce ,Heinz Baked Beans in a Rich Tomato Sauce 415g,£1.79,£4.31 per kg,
Heinz Baked Beans in a Rich Tomato Sauce,Heinz Baked Beans in a Rich Tomato Sauce200g,99p,£4.95 per kg,Buy 4 for £3
Heinz Baked Beans in a Rich Tomato Sauce ,Heinz Baked Beans in a Rich Tomato Sauce 4 x 415g,£4.49,£2.70 per kg,Buy 3 for £10
Heinz Baked Beans in a Rich Tomato Sauce,Heinz Baked Beans in a Rich Tomato Sauce3 x 200g,£2.49,£4.15 per kg,Buy 3 for £5
Heinz Baked Beans in a Rich Tomato Sauce,Heinz Baked Beans in a Rich Tomato Sauce6 x 415g,£5.49,£2.20 per kg,Buy 2 for £10
Heinz Baked Beans Snap Pots ,Heinz Baked Beans Snap Pots 4 x 200g,£3.49,£4.36 per kg,Buy 2 for £6
Heinz Baked Beanz ,Heinz Baked Beanz 415g,£1.39,£3.35 per kg,Buy 2 for £2.50
Heinz Baked Beanz Curry,Heinz Baked Beanz Curry390g,£1.79,45.9p per 100g,
Heinz Balsamic Garlic Salad Dressing Spray,Heinz Balsamic Garlic Salad Dressing Spray200ml,£2.29,£1.15 per 100ml,
Heinz Beanz & Vegan Sausages,Heinz Beanz & Vegan Sausages415g,£1.99,48p per 100g,Buy 3 for £5
Heinz Beanz No Added Sugar Snap Pots,Heinz Beanz No Added Sugar Snap Pots4 x 200g,£3.49,£4.36 per kg,Buy 2 for £6
Heinz Beef & Vegetable Chunky Big Soup ,Heinz Beef & Vegetable Chunky Big Soup 400g,£1.99,49.8p per 100g,Buy 3 for £5
Heinz Beef Broth Chunky Big Soup ,Heinz Beef Broth Chunky Big Soup 400g,£1.99,49.8p per 100g,Buy 3 for £5
Heinz Beef Broth Soup,Heinz Beef Broth Soup400g,£1.69,42.3p per 100g,Buy 4 for £5
Heinz Beef Ravioli,Heinz Beef Ravioli400g,£1.99,£4.98 per kg,Buy 3 for £5
Heinz Beef Ravioli in Tomato Sauce,Heinz Beef Ravioli in Tomato Sauce200g,£1.39,£6.95 per kg,Buy 3 for £3
Heinz Big Soup Chunky Vegetable,Heinz Big Soup Chunky Vegetable400g,£1.99,49.8p per 100g,Buy 3 for £5
Heinz Big Soup Steak & Potato,Heinz Big Soup Steak & Potato400g,£1.99,49.8p per 100g,Buy 3 for £5
Heinz Chicken & Leek Chunky Big Soup,Heinz Chicken & Leek Chunky Big Soup400g,£1.99,49.8p per 100g,Buy 3 for £5
Heinz Chicken & Mushroom Soup,Heinz Chicken & Mushroom Soup400g,£1.69,42.3p per 100g,Buy 4 for £5
Heinz Chicken & Sweetcorn Soup,Heinz Chicken & Sweetcorn Soup400g,£1.69,42.3p per 100g,Buy 4 for £5
Heinz Chicken & Vegetable Chunky Big Soup,Heinz Chicken & Veget…400g,£1.99,49.8p per 100g,Buy 3 for £5
Heinz Chicken & Veg Noodle Cup Soup,Heinz Chicken & Veg Noodle Cup Soup4 x 18g,£1.49,£2.07 per 100g,Buy 3 for £4
Heinz Chicken and Bacon Chunky Big Soup,Heinz Chicken and Bacon Chunky Big Soup400g,£1.99,49.8p per 100g,Buy 3 for £5
Heinz Chicken Noodle Soup,Heinz Chicken Noodle Soup400g,£1.69,42.3p per 100g,Buy 4 for £5
Heinz Classic Barbecue Sauce,Heinz Classic Barbecue Sauce480g,£3.39,70.6p per 100g,Buy 2 for £5
Heinz Classic Barbecue Sauce,Heinz Classic Barbecue Sauce665g,£3.89,58.5p per 100g,
Heinz Classic Chicken Soup 4 Pack,Heinz Classic Chicken Soup 4 Pack4 x 400g,£4.49,28.1p per 100g,Buy 3 for £10
Heinz Classic Tomato Soup 4 Pack,Heinz Classic Tomato Soup 4 Pack4 x 400g,£4.49,28.1p per 100g,Buy 3 for £10
Heinz Classic Tomato Soup Family Pack,Heinz Classic Tomato Soup Family Pack6 x 400g,£5.49,22.9p per 100g,Buy 2 for £10
Heinz Classic Vegetable Soup 4 Pack,Heinz Classic Vegetable Soup 4 Pack4 x 400g,£4.49,28.1p per 100g,Buy 3 for £10
Heinz Cream of Chicken Cup Soup 4 Sachets,Heinz Cream of Chicken Cup Soup 4 Sachets68g,£1.49,£2.19 per 100g,Buy 3 for £4
Heinz Cream of Chicken Soup,Heinz Cream of Chicken Soup400g,£1.69,42.3p per 100g,Buy 4 for £5
Heinz Cream Of Chicken Soup ,Heinz Cream Of Chicken Soup 6 x 400g,£5.49,22.9p per 100g,Buy 2 for £10
Heinz Cream of Mushroom Cup Soup,Heinz Cream of Mushroom Cup Soup4 x 17.5g,£1.49,£2.13 per 100g,Buy 3 for £4
Heinz Cream of Mushroom Soup,Heinz Cream of Mushroom Soup400g,£1.69,42.3p per 100g,Buy 4 for £5
Heinz Cream of Tomato & Basil Cup Soup,Heinz Cream of Tomato & Basil Cup Soup4 x 22g,£1.49,£1.69 per 100g,Buy 3 for £4
Heinz Cream of Tomato & Basil Soup,Heinz Cream of Tomato & Basil Soup400g,£1.69,42.3p per 100g,Buy 4 for £5
Heinz Cream of Tomato Cup Soup,Heinz Cream of Tomato Cup Soup4 x 22g,£1.49,£1.69 per 100g,Buy 3 for £4
Heinz Cream of Tomato Soup,Heinz Cream of Tomato Soup400g,£1.69,42.3p per 100g,Buy 4 for £5
Heinz Curry Sauce,Heinz Curry Sauce375ml,£1.99,53.1p per 100ml,
Heinz Despicable Me Minions Pasta Shapes in Tomato Sauce,Heinz Despicable Me Minions Pas…205g,89p,£4.34 per kg,Buy 4 for £3
Heinz Disney Frozen Snap Pot,Heinz Disney Frozen Snap Pot4 x 190g,£3.25,42.8p per 100g,Buy 2 for £6
Heinz Frozen Pasta Shapes Snap Pots,Heinz Frozen Pasta Shapes Snap Pots2 x 190g,£2.19,£5.76 per kg,
Heinz Hoops,Heinz Hoops400g,80p,£2.00 per kg,
Heinz Hoops Snap Pots,Heinz Hoops Snap Pots4 x 190g,£3.25,£4.28 per kg,Buy 2 for £6
Heinz Lentil & Bacon Soup,Heinz Lentil & Bacon Soup400g,£1.69,42.3p per 100g,Buy 4 for £5
Heinz Lentil Soup,Heinz Lentil Soup400g,£1.69,42.3p per 100g,Buy 4 for £5
Heinz Macaroni Cheese,Heinz Macaroni Cheese200g,£1.39,£6.95 per kg,Buy 3 for £3
Heinz Macaroni Cheese,Heinz Macaroni Cheese400g,£1.99,£4.98 per kg,Buy 3 for £5
Heinz Made For Veggiez Chilli & Miso Sauce,Heinz Made For Veggiez Chilli & Miso Sauce250ml,£2,80p per 100ml,
Heinz Minestrone Cup Soup,Heinz Minestrone Cup Soup4 x 18g,£1.49,£2.07 per 100g,Buy 3 for £4
Heinz Minestrone Soup,Heinz Minestrone Soup400g,£1.69,42.3p per 100g,Buy 4 for £5
Heinz Mulligatawny Soup,Heinz Mulligatawny Soup400g,£1.69,42.3p per 100g,Buy 4 for £5
Heinz No Added Sugar & Salt Tomato Ketchup,Heinz No Added Sugar & Salt Tomato Ketchup425g,£3.39,79.8p per 100g,Buy 2 for £5
Heinz No Added Sugar Baked Beans in a Rich Tomato Sauce ,Heinz No Added Sugar Baked Bean…4 x 415g,£4.49,£2.70 per kg,Buy 3 for £10
Heinz No Added Sugar Baked Beans in a Rich Tomato Sauce,Heinz No Added Sugar Baked Bean…415g,£1.39,£3.35 per kg,Buy 2 for £2.50
Heinz No Added Sugar Baked Beans in a Rich Tomato Sauce,Heinz No Added Sugar Baked Bean…200g,99p,£4.95 per kg,Buy 4 for £3
Heinz No Added Sugar Baked Beans in a Rich Tomato Sauce ,Heinz No Added Sugar Baked Bean…3 x 200g,£2.49,£4.15 per kg,Buy 3 for £5
Heinz No Added Sugar Baked Beanz,Heinz No Added Sugar Baked Beanz6 x 415g,£5.49,£2.20 per kg,Buy 2 for £10
Heinz No Added Sugar Cream of Tomato Soup,Heinz No Added Sugar Cream of Tomato Soup400g,£1.69,42.3p per 100g,Buy 4 for £5
Heinz No Added Sugar Hoops,Heinz No Added Sugar Hoops205g,89p,£4.34 per kg,Buy 4 for £3
Heinz Organic Baked Beanz,Heinz Organic Baked Beanz415g,£1.79,£4.31 per kg,
Heinz Original Sandwich Spread ,Heinz Original Sandwich Spread 300g,£1.95,65p per 100g,
Heinz Oxtail Soup,Heinz Oxtail Soup400g,£1.69,42.3p per 100g,Buy 4 for £5
Heinz Peppa Pig Pasta Shapes in Tomato Sauce,Heinz Peppa Pig Pasta Shapes in Tomato Sauce205g,89p,£4.34 per kg,Buy 4 for £3
Heinz Peppa Pig Pasta Shapes Snap Pots,Heinz Peppa Pig Pasta Shapes Snap Pots2 x 190g,£2.19,£5.76 per kg,
Heinz Peppa Pig Snap Pot,Heinz Peppa Pig Snap Pot4 x 190g,£3.25,42.8p per 100g,Buy 2 for £6
Heinz Plant Based Creamy Tomato Soup,Heinz Plant Based Creamy Tomato Soup400g,£1.69,42.3p per 100g,Buy 4 for £5
Heinz Potato & Leek Soup,Heinz Potato & Leek Soup400g,£1.69,42.3p per 100g,Buy 4 for £5
Heinz Salad Cream 30% Less Fat,Heinz Salad Cream 30% Less Fat415g,£3.39,81.7p per 100g,Buy 2 for £5
Heinz Salad Cream 30% Less Fat,Heinz Salad Cream 30% Less Fat605g,£3.89,64.3p per 100g,
Heinz Salad Cream 70% Less Fat ,Heinz Salad Cream 70% Less Fat 435g,£3.39,77.9p per 100g,Buy 2 for £5
Heinz Salad Cream Original,Heinz Salad Cream Original285g,£1.69,59.3p per 100g,
Heinz Salad Cream Original,Heinz Salad Cream Original425g,£3.39,79.8p per 100g,Buy 2 for £5
Heinz Salad Cream Original,Heinz Salad Cream Original605g,£3.89,64.3p per 100g,
Heinz Saucy Sauce Mayonnaise Ketchup Sauce,Heinz Saucy Sauce Mayon…425g,£2.69,63.3p per 100g,
Heinz Sausage & Vegetable Chunky Big Soup,Heinz Sausage & Veget…400g,£1.99,49.8p per 100g,Buy 3 for £5
Heinz Seriously Good Garlic &Caramelised Onion Mayonnaise ,Heinz Seriously Good Garlic &Cara…220ml,£2.29,£1.04 per 100ml,
Heinz Seriously Good Lemon & Black Pepper Mayonnaise,Heinz Seriously Good Lemon &…220ml,£2.29,£1.04 per 100ml,
Heinz Seriously Good Light Mayonnaise,Heinz Seriously Good Light Mayonnaise815g,£3.99,49p per 100g,
Heinz Seriously Good Light Mayonnaise,Heinz Seriously Good Light Mayonnaise230g,£2.29,99.6p per 100g,
Heinz Seriously Good Light Mayonnaise ,Heinz Seriously Good Light Mayonnaise 565ml,£2.65,46.9p per 100ml,Buy 2 for £5
Heinz Seriously Good Mayonnaise,Heinz Seriously Good Mayonnaise775g,£3.99,51.5p per 100g,
Heinz Seriously Good Mayonnaise ,Heinz Seriously Good Mayonnaise 565ml,£2.65,46.9p per 100ml,Buy 2 for £5
Heinz Seriously Good Truffle Mayonnaise,Heinz Seriously Good Truffle Mayonnaise220ml,£2.29,£1.04 per 100ml,
Heinz Seriously Good Vegan Mayonnaise Chilli,Heinz Seriously Good Vegan Mayonnaise Chilli220ml,£2.29,£1.04 per 100ml,
Heinz Spaghetti,Heinz Spaghetti400g,80p,£2.00 per kg,
Heinz Spaghetti & Sausages,Heinz Spaghetti & Sausages200g,£1.39,£6.95 per kg,Buy 3 for £3
Heinz Spaghetti & Sausages,Heinz Spaghetti & Sausages400g,£1.99,£4.98 per kg,Buy 3 for £5
Heinz Spaghetti Bolognese,Heinz Spaghetti Bolognese200g,£1.39,£6.95 per kg,Buy 3 for £3
Heinz Spaghetti Bolognese,Heinz Spaghetti Bolognese400g,£1.99,£4.98 per kg,Buy 3 for £5
Heinz Spaghetti Hoops in Tomato Sauce,Heinz Spaghetti Hoops in Tomato Sauce205g,89p,£4.34 per kg,Buy 4 for £3
Heinz Spaghetti Hoops in Tomato Sauce,Heinz Spaghetti Hoops in Tomato Sauce4 x 400g,£3.99,£2.49 per kg,Buy 3 for £10
Heinz Spaghetti in Tomato Sauce,Heinz Spaghetti in Tomato Sauce200g,89p,£4.45 per kg,Buy 4 for £3
Heinz Spaghetti in Tomato Sauce Multipack,Heinz Spaghetti in Tomato Sauce Multipack4 x 400g,£3.99,£2.49 per kg,Buy 3 for £10
Heinz Spring Vegetable Soup,Heinz Spring Vegetable Soup400g,£1.69,42.3p per 100g,Buy 4 for £5
Heinz Steak and Onion Chunky Big Soup ,Heinz Steak and Onion Chunky Big Soup 400g,£1.99,49.8p per 100g,Buy 3 for £5
Heinz Sweet Barbecue Sauce,Heinz Sweet Barbecue Sauce500g,£3.39,67.8p per 100g,Buy 2 for £5
Heinz Sweet Chilli Sauce,Heinz Sweet Chilli Sauce400ml,£2.50,62.5p per 100ml,
Heinz Thai Style Sweet Chilli Sauce,Heinz Thai Style Sweet Chilli Sauce260g,£2.29,88.1p per 100g,
Heinz Thomas & Friends Pasta Shapes in Tomato Sauce ,Heinz Thomas & Friends Pasta…205g,89p,£4.34 per kg,Buy 4 for £3
Heinz Tomato Ketchup,Heinz Tomato Ketchup342g,£2.49,72.8p per 100g,
Heinz Tomato Ketchup ,Heinz Tomato Ketchup 460g,£3.39,73.7p per 100g,
Heinz Tomato Ketchup ,Heinz Tomato Ketchup 910g,£4,43.9p per 100g,"Offer price £4, was £4.49"
Heinz Tomato Ketchup ,Heinz Tomato Ketchup 700g,£3.50,50p per 100g,
Heinz Tomato Ketchup,Heinz Tomato Ketchup250g,£2.29,91.6p per 100g,
Heinz Tomato Ketchup,Heinz Tomato Ketchup2.15L,£10,46.5p per 100ml,
Heinz Tomato Ketchup 50% Less Sugar & Salt ,Heinz Tomato Ketchup 50% Less Sugar & Salt 880g,£4,45.4p per 100g,"Offer price £4, was £4.49"
Heinz Tomato Ketchup 50% Less Sugar And Salt,Heinz Tomato Ketchup 50% Less Sugar And Salt605ml,£3.50,57.9p per 100ml,
Heinz Vegetable Cup Soup,Heinz Vegetable Cup Soup4 x 19g,£1.49,£1.96 per 100g,Buy 3 for £4
Heinz Vegetable Soup,Heinz Vegetable Soup400g,£1.69,42.3p per 100g,Buy 4 for £5
Heinz Vegetable Spaghetti Hoops ,Heinz Vegetable Spaghetti Hoops 400g,£1.25,31.3p per 100g,
Hellmann's Coronation Mayo ,Hellmann's Coronation Mayo 250ml,£2.59,£1.04 per 100ml,
Hellmann's Garlic Squeezy Mayonnaise,Hellmann's Garlic Squeezy Mayonnaise250ml,£2.59,£1.04 per 100ml,
Hellmann's Gravy Mayo ,Hellmann's Gravy Mayo 250ml,£2.59,£1.04 per 100ml,
Hellmann's Lighter Than Light Mayonnaise ,Hellmann's Lighter Than Light Mayonnaise 750ml,£3.90,52p per 100ml,
Hellmann's Light Mayonnaise,Hellmann's Light Mayonnaise400g,£2.75,68.8p per 100g,
Hellmann's Light Mayonnaise,Hellmann's Light Mayonnaise600g,£3,50p per 100g,"Offer price £3, was £3.75"
Hellmann's Light Squeezy Mayonnaise,Hellmann's Light Squeezy Mayonnaise750ml,£3.90,52p per 100ml,
Hellmann's Light Squeezy Mayonnaise,Hellmann's Light Squeezy Mayonnaise430ml,£2.50,58.2p per 100ml,"Offer price £2.50, was £2.75"
Hellmann's Real Mayonnaise,Hellmann's Real Mayonnaise400g,£2.75,68.8p per 100g,
Hellmann's Real Mayonnaise  ,Hellmann's Real Mayonnaise  600g,£3,50p per 100g,"Offer price £3, was £3.75"
Hellmann's Real Squeezy Mayonnaise,Hellmann's Real Squeezy Mayonnaise430ml,£2.50,58.2p per 100ml,"Offer price £2.50, was £2.75"
Hellmann's Real Squeezy Mayonnaise,Hellmann's Real Squeezy Mayonnaise750ml,£3.90,52p per 100ml,
Hellmann's Salad Dressings Fat Free Original,Hellmann's Salad Dressi…250ml,£1.50,60p per 100ml,"Offer price £1.50, was £2"
Hellmann's Salad Dressings Garlic,Hellmann's Salad Dressings Garlic250ml,£1.50,60p per 100ml,"Offer price £1.50, was £2"
Hellmann's Salad Dressings Thousand Island ,Hellmann's Salad Dressi…250ml,£1.50,60p per 100ml,"Offer price £1.50, was £2"
Hellmann's Vegan Mayonnaise ,Hellmann's Vegan Mayonnaise 280ml,£2.59,92.5p per 100ml,
Henderson's Relish,Henderson's Relish284ml,£1.25,44p per 100ml,"Offer price £1.25, was £1.90"
Henry Goode's Soft Eating Liquorice,Henry Goode's Soft Eating Liquorice200g,£1.35,67.5p per 100g,
Hermesetas,Hermesetas1200 per pack,£4.50,0.4p each,
Hermesetas Mini Sweeteners 400 Tablets,Hermesetas Mini Sweeteners 400 Tablets,£2,,
Hey Duggee Cupcake Kit,Hey Duggee Cupcake Kit171g,£2,£1.17 per 100g,
Hi Chew Grape ,Hi Chew Grape 50g,£1.50,£3.00 per 100g,
Hi Chew Green Apple,Hi Chew Green Apple50g,£1.50,£3.00 per 100g,
Hi Chew Strawberry,Hi Chew Strawberry50g,£1.50,£3.00 per 100g,
Hi Chew Watermelon,Hi Chew Watermelon50g,£1.50,£3.00 per 100g,
Hilltop Blossom Honey,Hilltop Blossom Honey720g,£4.19,58.2p per 100g,
Hilltop Honey Mgo 50+ Manuka Honey ,Hilltop Honey Mgo 50+ Manuka Honey 225g,£8,£3.56 per 100g,
Hilltop Honey Organic Blossom Honey,Hilltop Honey Organic Blossom Honey720g,£5,69.4p per 100g,
Hilltop Maple Flavour Syrup,Hilltop Maple Flavour Syrup230g,£2,87p per 100g,
Hilltop Very  Dark Maple Syrup 230G,Hilltop Very  Dark Maple Syrup 230G230g,£3.60,£1.57 per 100g,
Homepride 30% Reduced Fat Pasta Bake Mac 'N' Cheese,Homepride 30% Reduced Fat Pas…485g,£2.49,51.3p per 100g,
Homepride American Texan BBQ Cooking Sauce,Homepride American Texan BBQ Cooking Sauce200g,£1.75,87.9p per 100g,"Offer price £1.75, was £2.49"
Homepride Barbecue Cooking Sauce,Homepride Barbecue Cooking Sauce400g,£2.79,69.8p per 100g,
Homepride Classic Mac & Cheese,Homepride Classic Mac & Cheese350g,£1.75,50p per 100g,"Offer price £1.75, was £2.49"
Homepride Curry ,Homepride Curry 485g,£1.75,36.1p per 100g,"Offer price £1.75, was £2.79"
Homepride Curry Sauce,Homepride Curry Sauce400g,£2.79,69.8p per 100g,
Homepride Family Favourite Chilli,Homepride Family Favourite Chilli485g,£1.75,36.1p per 100g,"Offer price £1.75, was £2.79"
Homepride Hunter's Chicken,Homepride Hunter's Chicken485g,£1.75,36.1p per 100g,"Offer price £1.75, was £2.79"
Homepride No Added Sugar Pasta Bake Tomato & Cheddar,Homepride No Added Sugar Past…485g,£1.99,41p per 100g,
Homepride No Added Sugar Pasta Bake Tomato & Herb,Homepride No Added Sugar Pa…485g,£1.99,41p per 100g,
Homepride Pasta Bake Cheese & Bacon,Homepride Pasta Bake Cheese & Bacon485g,£2.79,57.5p per 100g,
Homepride Pasta Bake Creamy Tomato & Bacon 485G,Homepride Pasta Bake Crea…485g,£2.79,57.5p per 100g,
Homepride Pasta Bake Creamy Tomato & Herb,Homepride Pasta Bake Creamy Tomato & Herb485g,£2.79,57.5p per 100g,
"Homepride Pasta Bake Tomato, Garlic & Chilli","Homepride Pasta Bake Tomato, Garlic & Chilli485g",£2.79,57.5p per 100g,
Homepride Premium Plain Flour,Homepride Premium Plain Flour1kg,£2,£2.00 per kg,
Homepride Red Wine Cooking Sauce,Homepride Red Wine Cooking Sauce400g,£2.79,69.8p per 100g,
Homepride Slow Cook Bbq Pulled Pork,Homepride Slow Cook Bbq Pulled Pork150g,£1.75,£1.17 per 100g,
Homepride Slow Cook Beef & Ale Stew,Homepride Slow Cook Beef & Ale Stew170g,£1.75,£1.03 per 100g,
Homepride Slow Cook Chilli,Homepride Slow Cook Chilli170g,£1.75,£1.03 per 100g,"Offer price £1.75, was £2.49"
Homepride Slow Cook Curry,Homepride Slow Cook Curry170g,£1.75,£1.03 per 100g,"Offer price £1.75, was £2.49"
Homepride White Wine & Cream Cooking Sauce,Homepride White Wine & Cream Cooking Sauce400g,£2.79,69.8p per 100g,
Honey Monster Banana Milkshake Wheat Puffs ,Honey Monster Banana Milkshake Wheat Puffs 360g,£3,83.3p per 100g,
Honey Monster Wheat Puffs,Honey Monster Wheat Puffs520g,£3,57.7p per 100g,
Horlicks Malted Milk Drink Sachet,Horlicks Malted Milk Drink Sachet32g,39p,£1.22 per 100g,
Horlicks Traditional Malted Milk Drink,Horlicks Traditional Malted Milk Drink500g,£3.99,79.8p per 100g,
Horlicks Traditional Malted Milk Drink Light,Horlicks Traditional Malted Milk Drink Light500g,£3.99,79.8p per 100g,
Horlicks Vegan Malted Drink ,Horlicks Vegan Malted Drink 400g,£3.99,99.8p per 100g,
Hovis Bakery Granary Bread Flour,Hovis Bakery Granary Bread Flour1kg,£2.35,£2.35 per kg,
Hovis Best Of Both Bread Flour,Hovis Best Of Both Bread Flour1kg,£2.35,£2.35 per kg,
HP Baked Beans,HP Baked Beans415g,99p,23.9p per 100g,
HP Baked Beans,HP Baked Beans4 x 415g,£2.75,16.6p per 100g,"Offer price £2.75, was £2.99"
HP Brown Sauce,HP Brown Sauce450g,£3.39,75.3p per 100g,Buy 2 for £5
HP Brown Sauce      ,HP Brown Sauce      600g,£3.89,64.8p per 100g,
HP Brown Sauce Handy Pack,HP Brown Sauce Handy Pack285g,£2.29,80.4p per 100g,
HP Fruity Brown Sauce,HP Fruity Brown Sauce470g,£3.39,72.1p per 100g,Buy 2 for £5
HP Honey BBQ Woodsmoke Sauce,HP Honey BBQ Woodsmoke Sauce465g,£2.50,53.8p per 100g,
HP Sauce,HP Sauce2.15L,£10,£4.65 per litre,
HP Squeezy Classic BBQ Woodsmoke Sauce,HP Squeezy Classic BBQ Woodsmoke Sauce465g,£2.50,53.8p per 100g,
Hula Big Hoops BBQ Beef ,Hula Big Hoops BBQ Beef 45g,99p,£2.20 per 100g,
Hula Big Hoops Salted Grab Bag,Hula Big Hoops Salted Grab Bag45g,99p,£2.20 per 100g,
Hula Hoops BBQ Beef Crisps,Hula Hoops BBQ Beef Crisps6 x 24g,£2.25,£1.56 per 100g,Buy 2 for £3
Hula Hoops Original Multipack Crisps 6 Pack,Hula Hoops Original Multipack Crisps 6 Pack6 x 24g,£2.25,£1.56 per 100g,Buy 2 for £3
Hula Hoops Puft Beef Multipack Crisps 6 Pack,Hula Hoops Puft Beef Multipack Crisps 6 Pack90g,£2.25,£2.50 per 100g,Buy 2 for £3
Hula Hoops Puft Salted Multipack Crisps 6 Pack,Hula Hoops Puft Salted Multipack Crisps 6 Pack90g,£2.25,£2.50 per 100g,Buy 2 for £3
Hula Hoops Salt & Vinegar,Hula Hoops Salt & Vinegar6 x 24g,£2.25,£1.56 per 100g,Buy 2 for £3
Hula Hoops Variety Multipack Crisps 18 Pack,Hula Hoops Variety Multipack Crisps 18 Pack18 x 24g,£5.25,£1.22 per 100g,
Hula Hoops Variety Multipack Crisps 6 Pack,Hula Hoops Variety Multipack Crisps 6 Pack6 x 24g,£2.25,£1.56 per 100g,Buy 2 for £3
Hunger Breaks All Day Breakfast,Hunger Breaks All Day Breakfast395g,£2.15,£5.44 per kg,
Hunger Breaks The Full Monty,Hunger Breaks The Full Monty395g,£2.15,£5.44 per kg,
Idahoan Perfect Mash Bubble & Squeak ,Idahoan Perfect Mash Bubble & Squeak 55g,£1,£18.18 per kg,
Idahoan Perfect Mash Butter & Herb,Idahoan Perfect Mash Butter & Herb109g,£1,£9.17 per kg,"Offer price £1, was £1.69"
Idahoan Perfect Mash Buttery,Idahoan Perfect Mash Buttery109g,£1,£9.17 per kg,"Offer price £1, was £1.69"
Idahoan Perfect Mash Cheddar Cheese,Idahoan Perfect Mash Cheddar Cheese109g,£1,£9.17 per kg,"Offer price £1, was £1.69"
Idahoan Perfect Mash Cheese & Bacon ,Idahoan Perfect Mash Cheese & Bacon 55g,£1,£18.18 per kg,
Idahoan Perfect Mash Roasted Garlic,Idahoan Perfect Mash Roasted Garlic109g,£1,£9.17 per kg,"Offer price £1, was £1.69"
Illy Espresso Ground Coffee,Illy Espresso Ground Coffee250g,£6.79,£2.72 per 100g,
Illy Instant Coffee Smooth Taste 95G,Illy Instant Coffee Smooth Taste 95G95g,£5.85,£6.16 per 100g,
Indomie Instant Noodles Chicken Flavour ,Indomie Instant Noodles Chicken Flavour 70g,60p,£8.57 per kg,
Indo Mie Mi Goreng Stir Fry Noodles ,Indo Mie Mi Goreng Stir Fry Noodles 80g,69p,£8.63 per kg,
Indomie Pedas Instant Noodles ,Indomie Pedas Instant Noodles 80g,99p,£12.38 per kg,
Indomie Special Chicken Instant Noodles,Indomie Special Chicken Instant Noodles75g,99p,£13.20 per kg,
Indus Garlic Paste,Indus Garlic Paste750g,£2.50,33.3p per 100g,"Offer price £2.50, was £3"
Indus Ginger & Garlic Paste,Indus Ginger & Garlic Paste750g,£2.50,33.3p per 100g,"Offer price £2.50, was £3"
Indus Ginger & Garlic Paste,Indus Ginger & Garlic Paste340g,£1.60,47.1p per 100g,
Indus Ginger Paste,Indus Ginger Paste340g,£1.60,47.1p per 100g,
Indus Ginger Paste,Indus Ginger Paste750g,£2.50,33.3p per 100g,"Offer price £2.50, was £3"
Itsu Chilli Miso Rice Noodles,Itsu Chilli Miso Rice Noodles64g,£1.85,£2.89 per 100g,
Itsu Crispy Seaweed Thins Sea Salt,Itsu Crispy Seaweed Thins Sea Salt3 x 5g,£1.50,£10.00 per 100g,
Itsu Crispy Seaweed Thins Sweet Soy & Sea Salt,Itsu Crispy Seaweed Thins Sweet Soy & Sea Salt3 x 5g,£1.50,£10.00 per 100g,
Itsu Crispy Seaweed Thins Wasabi Flavour,Itsu Crispy Seaweed Thins Wasabi Flavour3 x 5g,£1.50,£10.00 per 100g,
Itsu Katsu Rice Noodles,Itsu Katsu Rice Noodles63g,£1.85,£2.94 per 100g,
Itsu Miso Easy Chilli Miso,Itsu Miso Easy Chilli Miso3 x 20g,£1.50,£2.50 per 100g,"Offer price £1.50, was £2"
Itsu Miso Easy Traditional,Itsu Miso Easy Traditional5 x 21g,£1.50,£1.43 per 100g,"Offer price £1.50, was £2"
Itsu Prawn Crackers Peking Duck,Itsu Prawn Crackers Peking Duck60g,£1.60,£2.67 per 100g,
Itsu Prawn Crackers Sweet Chilli,Itsu Prawn Crackers Sweet Chilli60g,£2,£3.33 per 100g,
Itsu Satay Rice Noodles,Itsu Satay Rice Noodles64g,£1.85,£28.91 per kg,
Itsu Tonkotsu Rice Noodles,Itsu Tonkotsu Rice Noodles63g,£1.85,£29.37 per kg,
Jack Daniel's Gluten Free Honey BBQ Sauce ,Jack Daniel's Gluten Free Honey BBQ Sauce 553g,£4.25,76.9p per 100g,
Jack Daniel's Gluten Free Original BBQ Sauce,Jack Daniel's Gluten Free Original BBQ Sauce553g,£4.25,76.9p per 100g,
Jack Link's  Original Beef Jerky     ,Jack Link's  Original Beef Jerky     25g,£1.25,£5.00 per 100g,"Offer price £1.25, was £1.69"
Jacob's Baked Cheddars Cheese Crackers,Jacob's Baked Cheddars Cheese Crackers150g,£1.25,83.3p per 100g,
Jacobs Baked Cheddars Red Leicester Biscuits,Jacobs Baked Cheddars Red Leicester Biscuits150g,£1.25,83.3p per 100g,
Jacob's Baked Crinklys Cheese & Onion Snacks ,Jacob's Baked Crinklys Cheese & Onion Snacks 6 x 23g,£1.35,97.8p per 100g,
Jacob's Biscuits for Cheese Crackers Carton,Jacob's Biscuits for Cheese Crackers Carton300g,£3.25,£1.08 per 100g,
Jacobs Choice Multigrain,Jacobs Choice Multigrain200g,£1.69,8.5p per 10g,
Jacob's Cornish Wafers Crackers,Jacob's Cornish Wafers Crackers150g,£1.69,£1.13 per 100g,
Jacob's Cream Crackers Twin Pack,Jacob's Cream Crackers Twin Pack2 x 200g,£1.99,49.8p per 100g,
Jacob's Crispbreads Chive,Jacob's Crispbreads Chive190g,£1.89,99.5p per 100g,Buy 2 for £2.70
Jacob's Crispbreads Mixed Grain,Jacob's Crispbreads Mixed Grain190g,£1.89,99.5p per 100g,Buy 2 for £2.70
Jacob's Flatbreads Salt & Cracked Black Pepper,Jacob's Flatbreads Salt & Cracked Black Pepper150g,£2.09,£1.39 per 100g,Buy 2 for £2.70
Jacob's High Fibre Cream Crackers ,Jacob's High Fibre Cream Crackers 200g,£1.69,84.5p per 100g,
Jacob's Krackawheat,Jacob's Krackawheat230g,£2.09,90.9p per 100g,
Jacobs Mini Cheddars Double Gloucester & Chive Flavour,Jacobs Mini Cheddars Double Glo…6 x 17g,£1.80,£1.76 per 100g,
Jacob's Mini Cheddars Drum ,Jacob's Mini Cheddars Drum 260g,£2,76.9p per 100g,
Jacob's Mini Cheddars Nibblies Cheddar & Paprika Baked Snacks,Jacob's Mini Cheddars Nibblies Ched…6 x 17g,£1.80,£1.76 per 100g,
Jacob's Mini Cheddars Nibblies Cheddar & Paprika Baked Snacks,Jacob's Mini Cheddars Nibblies Ched…35g,95p,£2.71 per 100g,
Jacobs Mini Cheddars Nibblies Double Gloucester & Chive Flavour,Jacobs Mini Cheddars Nibb…115g,£1.25,£1.09 per 100g,"Offer price £1.25, was £2"
Jacob's Mini Cheddars Original Baked Snacks,Jacob's Mini Cheddars Original Baked Snacks6 x 23g,£1.35,9.8p per 10g,"Offer price £1.35, was £1.75"
Jacob's Mini Cheddars Original Baked Snacks,Jacob's Mini Cheddars Original Baked Snacks12 x 23g,£2.99,£1.08 per 100g,
Jacob's Mini Cheddars Original Cheese Baked Snacks Grab Bag,Jacob's Mini Cheddars Original Ch…45g,95p,£2.11 per 100g,
Jacob's Mini Cheddars Red Leicester Baked Snacks,Jacob's Mini Cheddars Red Leicester Baked Snacks6 x 23g,£1.35,98p per 100g,"Offer price £1.35, was £1.75"
Jacob's Mini Cheddars Red Leicester Baked Snacks ,Jacob's Mini Cheddars Red Leicester Baked Snacks 12 x 23g,£2.99,£1.08 per 100g,
Jacob's Original Cream Crackers,Jacob's Original Cream Crackers200g,£1.29,64.5p per 100g,
Jacob's Original Cream Crackers 8 x 2 Crackers Snack Packs,Jacob's Original Cream Crackers 8…185g,£2.09,£1.13 per 100g,
Jacob's Savours Bakes Salt & Cracked Black Peppers Crackers,Jacob's Savours Bakes Salt & Crac…200g,£1.89,94.5p per 100g,Buy 2 for £2.70
Jacob's Savours Thins Sour Cream & Chive Crackers,Jacob's Savours Thins Sour…150g,£1.89,£1.26 per 100g,Buy 2 for £2.70
Jacob's TUC Sandwich Snack Crackers,Jacob's TUC Sandwich Snack Crackers150g,£1.69,£1.13 per 100g,
Jamie Oliver Curried Chickpeas,Jamie Oliver Curried Chickpeas250g,£2.30,£9.20 per kg,
Jamie Oliver Indian-Spiced Veg Quinoa & Rice ,Jamie Oliver Indian-Spiced Veg Quinoa & Rice 225g,£2.30,£1.02 per 100g,
Jamie Oliver Lovely Lentils ,Jamie Oliver Lovely Lentils 250g,£2.30,£9.20 per kg,
Jamie Oliver Moroccan Salad,Jamie Oliver Moroccan Salad250g,£2.30,£9.20 per kg,
Jamie Oliver Orzotto,Jamie Oliver Orzotto250g,£2.30,£9.20 per kg,
Jamie Oliver Smoky Veggie Chilli,Jamie Oliver Smoky Veggie Chilli250g,£2.30,£9.20 per kg,
Jamie Oliver Tomato & Olive Quinoa,Jamie Oliver Tomato & Olive Quinoa250g,£2.30,£9.20 per kg,
Jamie Oliver Ultimate Black Daal ,Jamie Oliver Ultimate Black Daal 250g,£2.30,£9.20 per kg,
Jammie Dodgers Choccie Dodgers,Jammie Dodgers Choccie Dodgers140g,85p,60.7p per 100g,
Jammie Dodgers Mini Biscuit Snack Packs,Jammie Dodgers Mini Biscuit Snack Packs120g,£1.20,£1.00 per 100g,
Jammie Dodgers Raspberry Flavoured Biscuits,Jammie Dodgers Raspberr…140g,85p,60.7p per 100g,
Jelly Squeeze Strawberry Flavour Jelly,Jelly Squeeze Strawberry Flavour Jelly6 x 95g,£2.49,43.7p per 100g,
Jim Jams Hazelnut Chocolate Spread,Jim Jams Hazelnut Chocolate Spread350g,£2.79,79.7p per 100g,
Jim Jams Milk Chocolate Spread,Jim Jams Milk Chocolate Spread350g,£2.79,79.7p per 100g,
Jim Jams Vegan Dark Hazelnut Choc Spread No Added Sugar,Jim Jams Vegan Dark Hazelnut Ch…330g,£2.80,84.8p per 100g,
Jimjams Vegan No Added Sugar Dark Chocolate Orange Spread,Jimjams Vegan No Added Sugar Dark…330g,£2.80,84.8p per 100g,
Joe & Seph's Gourmet Popcorn,Joe & Seph's Gourmet Popcorn113g,£6,£5.31 per 100g,
John West 30% Lower Salt Tuna Chunks In Brine ,John West 30% Lower Salt Tuna Chunks In Brine 3 x 145g,£5,£1.15 per 100g,
John West 30% Lower Salt Tuna Chunks In Spring Water,John West 30% Lower Salt Tuna…3 x 145g,£5,£1.15 per 100g,
John West 30% Lower Salt Tuna Chunks In Sunflower Oil ,John West 30% Lower Salt Tuna C…3 x 145g,£5,£1.15 per 100g,
John West Boneless Sardines in Sunflower Oil,John West Boneless Sardines in Sunflower Oil67g,£1.39,£2.07 per 100g,
John West Boneless Sardines in Tomato Sauce,John West Boneless Sardines in Tomato Sauce95g,£1.39,£1.46 per 100g,
John West Cracker Toppers Tuna Mayo Sweetcorn ,John West Cracker Toppers…80g,£1.25,£1.56 per 100g,
John West Cracker Toppers Tuna Sweet Chilli,John West Cracker Toppers Tuna Sweet Chilli80g,£1.25,£1.56 per 100g,
John West Fridge Pot No Drain Tuna Steak in Brine,John West Fridge Pot No Drain Tuna Steak in Brine110g,£1.79,£1.63 per 100g,
John West Fridge Pot No Drain Tuna Steak In Brine ,John West Fridge Pot No Drain Tuna Steak In Brine 3 x 110g,£4,£1.21 per 100g,
John West Fridge Pot No Drain Tuna Steak In Spring Water,John West Fridge Pot No Drain T…3 x 110g,£4,£1.21 per 100g,
John West Fridge Pot No Drain Tuna Steak In Sunflower Oil,John West Fridge Pot No Drain Tun…3 x 110g,£4,£1.21 per 100g,
John West Fridge Pot Tuna Steak with a little Sunflower Oil,John West Fridge Pot Tuna Steak w…110g,£1.79,£1.63 per 100g,
John West Herring Fillet in Tomato Sauce,John West Herring Fillet in Tomato Sauce160g,£1.99,£1.24 per 100g,
John West Infusions Tuna Chilli & Garlic,John West Infusions Tuna Chilli & Garlic80g,£1.69,£2.11 per 100g,
John West Infusions Tuna Sweet Chilli ,John West Infusions Tuna Sweet Chilli 80g,£1.69,£2.11 per 100g,
John West Infu Tuna Basil,John West Infu Tuna Basil3 x 60g,£3.50,£1.94 per 100g,
John West Kipper Fillets In Brine (160g),John West Kipper Fillets In Brine (160g)115g,£1.75,£1.52 per 100g,
John West Kipper Fillets in Sunflower Oil,John West Kipper Fillets in Sunflower Oil150g,£1.75,£1.17 per 100g,
John West Lemon & Thyme Tuna Infusions,John West Lemon & Thyme Tuna Infusions80g,£1.69,£2.11 per 100g,
John West Light Lunch Italian Style Tuna Salad,John West Light Lunch Italian Style Tuna Salad220g,£2,91.1p per 100g,"Offer price £2, was £3.25"
John West Light Lunch Mexican Style Tuna Salad,John West Light Lunch Mexican Style Tuna Salad220g,£2,91.1p per 100g,"Offer price £2, was £3.25"
John West Light Lunch Mild Curry Tuna Rice Salad ,John West Light Lunch Mild…220g,£2,91.1p per 100g,"Offer price £2, was £3.25"
John West Mackerel Fillets In Olive Oil,John West Mackerel Fillets In Olive Oil115g,£1.45,£1.26 per 100g,
John West Mackerel Fillets In Spicy Tomato & Chilli Sauce,John West Mackerel Fillets In Spi…115g,£1.45,£1.26 per 100g,
John West Mackerel Fillets In Sunflower Oil,John West Mackerel Fillets In Sunflower Oil115g,£1.45,£1.26 per 100g,
John West Mackerel Fillets In Sweet Chilli,John West Mackerel Fillets In Sweet Chilli115g,£1.45,£1.26 per 100g,
John West Mackerel Fillets In Tomato Sauce,John West Mackerel Fillets In Tomato Sauce115g,£1.45,£1.26 per 100g,
John West Mexican Tuna Spreadables ,John West Mexican Tuna Spreadables 80g,£1.25,£1.56 per 100g,
John West No Drain Tuna Steak,John West No Drain Tuna Steak3 x 60g,£3.25,£1.81 per 100g,
John West No Drain Tuna Steak in Brine ,John West No Drain Tuna Steak in Brine 3 x 60g,£3.25,£1.81 per 100g,
John West On The Go Basil Super Tuna Salad,John West On The Go Basil Super Tuna Salad220g,£3.25,£1.48 per 100g,
John West On The Go Harissa Super Tuna Salad ,John West On The Go Harissa Super Tuna Salad 220g,£3.25,£1.48 per 100g,
John West On The Go Honey & Ginger Super Tuna Salad ,John West On The Go Honey & G…220g,£3.25,£1.48 per 100g,
John West On The Go Indian Super Tuna Salad,John West On The Go Indian Super Tuna Salad220g,£3.25,£1.48 per 100g,
John West On The Go Mediterranean Tuna Couscous Pot,John West On The Go Mediterra…220g,£1.99,90.5p per 100g,
John West On The Go Moroccan Tuna Bulgar Wheat Salad,John West On The Go Moroccan…220g,£3.25,£1.48 per 100g,
John West On The Go Tuna Indian Rice Pot Biryani Curry,John West On The Go Tuna Indian…120g,£1.99,£1.66 per 100g,
John West On The Go Tuna Italian Pasta Tomato & Herb,John West On The Go Tuna Ital…120g,£1.99,£1.66 per 100g,
John West On The Go Tuna Thai Noodle Pot Green Curry,John West On The Go Tuna Thai…120g,£1.99,£1.66 per 100g,
John West Pink Salmon,John West Pink Salmon128g,£3.25,£2.54 per 100g,
John West Pink Salmon,John West Pink Salmon3 x 80g,£4.25,£1.77 per 100g,
John West Sardines In Brine (120g),John West Sardines In Brine (120g)90g,99p,£1.10 per 100g,
John West Sardines in Olive Oil,John West Sardines in Olive Oil120g,99p,82.5p per 100g,
John West Sardines in Spicy Tomato Sauce,John West Sardines in Spicy Tomato Sauce120g,99p,82.5p per 100g,
John West Sardines in Sunflower Oil,John West Sardines in Sunflower Oil120g,99p,82.5p per 100g,
John West Sardines in Tomato Sauce,John West Sardines in Tomato Sauce120g,£1.25,£1.04 per 100g,
John West Sild In Sunflower Oil ,John West Sild In Sunflower Oil 110g,£1.65,£1.50 per 100g,
John West Sild in Tomato Sauce,John West Sild in Tomato Sauce110g,£1.65,£1.50 per 100g,
John West Skinless & Boneless Mackerel Fillets In Smoke House Bbq Sauce,John West Skinless & Boneless…115g,£1.45,£1.26 per 100g,
John West Skippers Brisling in Tomato Sauce,John West Skippers Brisling in Tomato Sauce106g,£1.50,£1.42 per 100g,
John West Smoked Mussels in Sunflower Oil (85g),John West Smoked Mussels…65g,£2.79,£4.29 per 100g,
John West Soft Cod Roes    ,John West Soft Cod Roes    100g,£1.80,£1.80 per 100g,
John West Sundried Tomato Tuna Infusions,John West Sundried Tomato Tuna Infusions80g,£1.69,£2.11 per 100g,
John West Tuna & Basil Infusions,John West Tuna & Basil Infusions80g,£1.69,£2.11 per 100g,
John West Tuna Chilli & Garlic,John West Tuna Chilli & Garlic3 x 60g,£3.50,£1.94 per 100g,
John West Tuna Chunks In Brine,John West Tuna Chunks In Brine145g,£1.50,£1.03 per 100g,Buy 3 for £3
John West Tuna Chunks In Brine ,John West Tuna Chunks In Brine 4 x 145g,£4,69p per 100g,
John West Tuna Chunks In Brine,John West Tuna Chunks In Brine6 x 145g,£5.99,68.9p per 100g,
John West Tuna Chunks In Spring Water,John West Tuna Chunks In Spring Water145g,£1.50,£1.03 per 100g,Buy 3 for £3
John West Tuna Chunks In Spring Water ,John West Tuna Chunks In Spring Water 4 x 145g,£4,69p per 100g,
John West Tuna Chunks In Spring Water (3x80g),John West Tuna Chunks In Spring Water (3x80g)3 x 56g,£2.89,£1.72 per 100g,
John West Tuna Chunks In Sunflower Oil,John West Tuna Chunks In Sunflower Oil145g,£1.50,£1.03 per 100g,Buy 3 for £3
John West Tuna Chunks In Sunflower Oil ,John West Tuna Chunks In Sunflower Oil 4 x 145g,£4,69p per 100g,
John West Tuna Chunks With A Little Brine,John West Tuna Chunks With A Little Brine3 x 110g,£4,£1.21 per 100g,
John West Tuna Chunks With A Little Spring Water,John West Tuna Chunks With A Little Spring Water3 x 110g,£4,£1.21 per 100g,
John West Tuna Chunks With A Little Sunflower Oil,John West Tuna Chunks With A Little Sunflower Oil3 x 110g,£4,£1.21 per 100g,
John West Tuna Lemon & Thyme ,John West Tuna Lemon & Thyme 3 x 60g,£3.50,£1.94 per 100g,
John West Tuna Light Lunch French Style,John West Tuna Light Lunch French Style220g,£2,91.1p per 100g,"Offer price £2, was £3.25"
John West Tuna Light Lunch Mediterranean,John West Tuna Light Lunch Mediterranean220g,£2,91.1p per 100g,"Offer price £2, was £3.25"
John West Tuna Spreadables Mediterranean,John West Tuna Spread…80g,£1.25,£1.56 per 100g,
John West Tuna With A Twist Of Lime,John West Tuna With A Twist Of Lime85g,£1.39,£1.64 per 100g,
John West Tuna With A Twist Of Tomato & Herb,John West Tuna With A Twist Of Tomato & Herb85g,£1.39,£1.64 per 100g,
John West Wild Pacific Red Salmon       ,John West Wild Pacific Red Salmon       105g,£3.99,£3.80 per 100g,
John West Wild Pink Salmon,John West Wild Pink Salmon213g,£2.99,£1.40 per 100g,
John West Wild Red Salmon,John West Wild Red Salmon213g,£4.59,£2.15 per 100g,
John West WW Tuna In Tomato & Herb Dressing,John West WW Tuna In Tomato & Herb Dressing3 x 80g,£3.49,£1.45 per 100g,
John West WW Tuna Mayonnaise & Sweetcorn,John West WW Tuna Mayonnaise & Sweetcorn3 x 80g,£3.49,£1.45 per 100g,
Jordans Berry Burst Muesli,Jordans Berry Burst Muesli800g,£3.59,44.9p per 100g,
Jordans Blueberry Burst Frusli Bars ,Jordans Blueberry Burst Frusli Bars 6 x 30g,£1.50,83.3p per 100g,
Jordans Country Crisp Chocolate & Hazelnut,Jordans Country Crisp Chocolate & Hazelnut500g,£3.59,71.8p per 100g,
Jordans Country Crisp Chunky Nuts,Jordans Country Crisp Chunky Nuts500g,£3.59,71.8p per 100g,
Jordans Country Crisp Delicious Honey & Nut,Jordans Country Crisp Delicious Honey & Nut500g,£3.59,71.8p per 100g,
Jordan's Country Crisp With 70% Cocoa Dark Chocolate,Jordan's Country Crisp With 7…500g,£3.59,71.8p per 100g,
Jordans Country Crisp with Juicy Flame Raisins,Jordans Country Crisp with Juicy Flame Raisins500g,£3.59,71.8p per 100g,
Jordans Crunchy Oat Granola Fruit & Nut,Jordans Crunchy Oat Granola Fruit & Nut750g,£2.75,36.7p per 100g,"Offer price £2.75, was £3.59"
Jordans Crunchy Oat Granola Tropical ,Jordans Crunchy Oat Granola Tropical 750g,£2.75,36.7p per 100g,"Offer price £2.75, was £3.59"
Jordans Natural Muesli,Jordans Natural Muesli1kg,£3.59,35.9p per 100g,
Jordans Raisin & Almond Nut Granola,Jordans Raisin & Almond Nut Granola750g,£2.75,36.7p per 100g,"Offer price £2.75, was £3.59"
Jordans Raspberry Country Crisp ,Jordans Raspberry Country Crisp 500g,£3.59,71.8p per 100g,
Jordans Red Berries Frusli Bars ,Jordans Red Berries Frusli Bars 6 x 30g,£1.50,83.3p per 100g,
Jordans Simply Granola,Jordans Simply Granola750g,£2.75,36.7p per 100g,"Offer price £2.75, was £3.59"
Jordans Strawberry Country Crisp,Jordans Strawberry Country Crisp500g,£3.59,71.8p per 100g,
Jordans Super Berry Granola,Jordans Super Berry Granola550g,£3.50,63.6p per 100g,"Offer price £3.50, was £4.29"
Jordans Super Nutty Granola,Jordans Super Nutty Granola550g,£3.50,63.6p per 100g,"Offer price £3.50, was £4.29"
Joseph Dobson & Sons Bonfire Mega Lollies ,Joseph Dobson & Sons Bonfire Mega Lollies 200g,£2.25,£1.13 per 100g,
Joseph Dobson & Sons Ltd. Yorkshire Mixtures,Joseph Dobson & Sons Ltd. Yorkshire Mixtures200g,£1.25,62.5p per 100g,
Jubbly Cola Ice Lollies,Jubbly Cola Ice Lollies8 x 62ml,£1.69,34.1p per 100ml,
Jubbly  Orange Ice Lollies,Jubbly  Orange Ice Lollies8 x 62ml,£1.69,34.1p per 100ml,
Jus-Rol 6 Cinnamon Swirls Dough x6,Jus-Rol 6 Cinnamon Swirls Dough x6270g,£2.29,£8.48 per kg,Buy 2 for £3.50
Jus-Rol Puff Pastry Block,Jus-Rol Puff Pastry Block500g,£1.59,£3.18 per kg,
Jus Rol Puff Pastry Ready Rolled Sheet,Jus Rol Puff Pastry Ready Rolled Sheet320g,£1.25,£3.91 per kg,"Offer price £1.25, was £1.75"
Jus Rol Shortcrust Pastry Block,Jus Rol Shortcrust Pastry Block500g,£1.59,£3.18 per kg,
Jus Rol Shortcrust Pastry Ready Rolled Sheet,Jus Rol Shortcrust Pastry Ready Rolled Sheet320g,£1.25,£3.91 per kg,"Offer price £1.25, was £1.75"
Kallo Beetroot Veggie Cakes,Kallo Beetroot Veggie Cakes122g,£2.75,£2.25 per 100g,
Kallo Belgian Dark Chocolate Rice Cake Minis 4 Snack Packs,Kallo Belgian Dark Chocolate Rice…84g,£2,£2.38 per 100g,
Kallo Belgian Dark Organic Chocolate Rice Cake Thins,Kallo Belgian Dark Organic Ch…90g,£1.25,£1.39 per 100g,"Offer price £1.25, was £1.55"
Kallo Belgian Milk Chocolate Rice Cake Minis 4 Snack Packs,Kallo Belgian Milk Chocolate Rice…84g,£2,£2.38 per 100g,
Kallo Blueberry And Vanilla Rice And Corn Cakes,Kallo Blueberry And Vanil…131g,£1.25,95.1p per 100g,"Offer price £1.25, was £1.59"
Kallo Organic Chicken Stock Cubes 8s,Kallo Organic Chicken Stock Cubes 8s88g,£1.50,£1.71 per 100g,"Offer price £1.50, was £1.60"
Kallo Organic Lightly Salted Wholegrain Low Fat Rice Cakes,Kallo Organic Lightly Salted Whol…130g,£1.49,£1.15 per 100g,
Kallo Organic Vegetable Stock Cubes 8s,Kallo Organic Vegetable Stock Cubes 8s88g,£1.50,£1.71 per 100g,"Offer price £1.50, was £1.60"
Kallo Protein Packed Lentil Cakes ,Kallo Protein Packed Lentil Cakes 100g,£1.50,£1.50 per 100g,"Offer price £1.50, was £1.99"
Kallo Spinach And Pesto Veggie Cakes,Kallo Spinach And Pesto Veggie Cakes122g,£2.75,£2.25 per 100g,
Kallo Veggie Cakes Caramelised Onion Chutney,Kallo Veggie Cakes Cara…122g,£2.75,£2.25 per 100g,
Kellogg All Bran Original,Kellogg All Bran Original500g,£2.49,49.8p per 100g,
Kellogg's All-Bran Bran Flakes,Kellogg's All-Bran Bran Flakes750g,£3,40p per 100g,Buy 2 for £5
Kellogg's All-Bran Fibre Crunch,Kellogg's All-Bran Fibre Crunch390g,£3,76.9p per 100g,Buy 2 for £5
Kellogg's All-Bran Original,Kellogg's All-Bran Original750g,£3.05,40.7p per 100g,Buy 2 for £5
Kellogg's Apricot Wheats,Kellogg's Apricot Wheats500g,£2.15,43p per 100g,
Kellogg's Blueberry Wheats,Kellogg's Blueberry Wheats500g,£2.15,43p per 100g,
Kellogg's Bran Flakes,Kellogg's Bran Flakes375g,£1.75,46.7p per 100g,
Kellogg's Choco Hazelnut Coco Pops Cereal,Kellogg's Choco Hazelnut Coco Pops Cereal480g,£3,62.5p per 100g,
Kellogg's Chocolate Wheats ,Kellogg's Chocolate Wheats 480g,£2.15,44.8p per 100g,
Kellogg's Coco Pops ,Kellogg's Coco Pops 295g,£2.25,76.3p per 100g,
Kellogg's Coco Pops,Kellogg's Coco Pops720g,£3.75,52.1p per 100g,"Offer price £3.75, was £4"
Kellogg's Coco Pops Breakfast Cereal ,Kellogg's Coco Pops Breakfast Cereal 650g,£3.75,57.7p per 100g,"Offer price £3.75, was £3.99"
Kellogg's Coco Pops Breakfast Cereal,Kellogg's Coco Pops Breakfast Cereal925g,£3.75,40.5p per 100g,
Kellogg's Coco Pops Cereal ,Kellogg's Coco Pops Cereal 35g,60p,£1.71 per 100g,
Kellogg's Coco Pops Chocolate Breakfast Cereal Bars ,Kellogg's Coco Pops Chocolate…6 x 20g,£1.50,£1.25 per 100g,
Kellogg's Coco Pops Chocos Chocolate Breakfast Cereal,Kellogg's Coco Pops Chocos Ch…430g,£2.99,69.5p per 100g,
Kellogg's Coco Pops Rocks Cereal,Kellogg's Coco Pops Rocks Cereal350g,£1.25,35.7p per 100g,
Kellogg's Corn Flakes,Kellogg's Corn Flakes1kg,£4.25,42.5p per 100g,
Kellogg's Crunchy Nut ,Kellogg's Crunchy Nut 300g,£2.25,75p per 100g,
Kellogg's Crunchy Nut Bites Cereal,Kellogg's Crunchy Nut Bites Cereal375g,£3,80p per 100g,Buy 2 for £5
Kellogg's Crunchy Nut Cereal,Kellogg's Crunchy Nut Cereal500g,£3.30,66p per 100g,Buy 2 for £5
Kellogg's Crunchy Nut Clusters Chocolate Breakfast Cereal ,Kellogg's Crunchy Nut Clusters Ch…400g,£3.49,87.3p per 100g,
Kellogg's Crunchy Nut Glorious Oat Granola Cracking Hazelnuts & Chocolate,Kellogg's Crunchy Nut Glorious…600g,£4,66.7p per 100g,
Kellogg's Crunchy Nut Granola Chocolate & Nut,Kellogg's Crunchy Nut Granola Chocolate & Nut380g,£3,78.9p per 100g,Buy 2 for £5
Kellogg's Crunchy Nut Granola Fruit & Nut ,Kellogg's Crunchy Nut Granola Fruit & Nut 380g,£3,78.9p per 100g,Buy 2 for £5
Kellogg's Crunchy Nut Granola Red Berries,Kellogg's Crunchy Nut Granola Red Berries380g,£3,78.9p per 100g,Buy 2 for £5
Kellogg's Crunchy Nut Honey & Nut Clusters Breakfast Cereal ,Kellogg's Crunchy Nut Honey & Nut C…400g,£2.99,74.8p per 100g,
Kellogg's Crunchy Nut Oat Granola with Caramelised Hazelnuts ,Kellogg's Crunchy Nut Oat Granola w…380g,£3,78.9p per 100g,Buy 2 for £5
Kellogg's Crunchy Nut Salted Caramel Breakfast Cereal ,Kellogg's Crunchy Nut Salted Ca…375g,£2.99,79.7p per 100g,
Kellogg's Frosted Wheats,Kellogg's Frosted Wheats500g,£2.15,43p per 100g,
Kellogg's Frosties Breakfast Cereal,Kellogg's Frosties Breakfast Cereal470g,£3.29,70p per 100g,Buy 2 for £5
Kellogg's Frosties Breakfast Cereal,Kellogg's Frosties Breakfast Cereal925g,£4.25,45.9p per 100g,
Kellogg's Frosties Cereal,Kellogg's Frosties Cereal500g,£3.30,66p per 100g,
Kellogg's Frosties Cereal,Kellogg's Frosties Cereal1kg,£4.25,42.5p per 100g,
Kellogg's Frosties Cereal Bars ,Kellogg's Frosties Cereal Bars 6 x 25g,£1.50,£1.00 per 100g,
Kellogg's Fruit 'N Fibre,Kellogg's Fruit 'N Fibre375g,£2.49,66.4p per 100g,
Kellogg's Fruit 'N Fibre Cereal,Kellogg's Fruit 'N Fibre Cereal700g,£3.49,49.9p per 100g,
Kelloggs Fruit Winders Mango,Kelloggs Fruit Winders Mango85g,£1.25,£1.47 per 100g,
Kelloggs Fruit Winders Rolls Strawberry & Apple 5 Pack,Kelloggs Fruit Winders Rolls St…85g,£1.25,£1.47 per 100g,
Kelloggs Fruit Winders Rolls Strawberry & Blackcurrent 5 Pack,Kelloggs Fruit Winders Rolls Strawb…85g,£1.25,£1.47 per 100g,
Kelloggs Fruit Winders Rolls Strawberry 5 Pack,Kelloggs Fruit Winders Rolls Strawberry 5 Pack85g,£1.25,£1.47 per 100g,
Kellogg's Honey & Nut Crunchy Nut Clusters,Kellogg's Honey & Nut Crunchy Nut Clusters450g,£3,66.7p per 100g,
Kellogg's Just Right Flakes Cereal,Kellogg's Just Right Flakes Cereal500g,£3.50,70p per 100g,
Kellogg's Krave Chocolate Hazelnut Breakfast Cereal,Kellogg's Krave Chocolate Hazelnut Breakfast Cereal750g,£3.75,50p per 100g,
Kellogg's Krave Chocolate Hazelnut Stix Snack ,Kellogg's Krave Chocolate Hazelnut Stix Snack 5 x 20.5g,£2,£1.95 per 100g,
Kellogg's Krave Cookies & Cream Cereal,Kellogg's Krave Cookies & Cream Cereal410g,£3.29,80.2p per 100g,
Kellogg's Krave Milk Chocolate Breakfast Cereal,Kellogg's Krave Milk Choc…750g,£3.75,50p per 100g,
Kellogg's Krave Milk Chocolate Cereal ,Kellogg's Krave Milk Chocolate Cereal 850g,£3.75,44.2p per 100g,"Offer price £3.75, was £4"
Kellogg's Krave Stix Milk Chocolate Snacks ,Kellogg's Krave Stix Milk Chocolate Snacks 5 x 20.5g,£2,£1.95 per 100g,
Kellogg's Nutri-Grain Strawberry Snack Bars,Kellogg's Nutri-Grain Strawberry Snack Bars6 x 37g,£1.50,67.6p per 100g,"Offer price £1.50, was £2"
Kellogg's Original Wheats,Kellogg's Original Wheats500g,£2.15,43p per 100g,
Kellogg's Raisin Wheats,Kellogg's Raisin Wheats450g,£2.15,47.8p per 100g,
Kellogg's Rice Krispies,Kellogg's Rice Krispies340g,£2.25,66.2p per 100g,
Kellogg's Rice Krispies,Kellogg's Rice Krispies700g,£3.75,53.5p per 100g,"Offer price £3.75, was £4"
Kellogg's Rice Krispies Breakfast Cereal ,Kellogg's Rice Krispies Breakfast Cereal 310g,£2.99,96.5p per 100g,
Kellogg's Rice Krispies Breakfast Cereal ,Kellogg's Rice Krispies Breakfast Cereal 980g,£4.75,48.5p per 100g,
Kellogg's Rice Krispies Breakfast Cereal ,Kellogg's Rice Krispies Breakfast Cereal 660g,£3.75,56.9p per 100g,"Offer price £3.75, was £3.99"
Kellogg's Rice Krispies Breakfast Cereal Bars,Kellogg's Rice Krispies Breakfast Cereal Bars6 x 20g,£1.50,£1.25 per 100g,
Kellogg's Rice Krispies Multi-Grain Shapes,Kellogg's Rice Krispies Multi-Grain Shapes350g,£3.30,94.3p per 100g,Buy 2 for £5
Kellogg's Rice Krispies Multigrain Blueberry & Apple,Kellogg's Rice Krispies Multi…350g,£3,85.7p per 100g,Buy 2 for £5
Kellogg's Rice Krispies Multigrain Strawberry & Apple,Kellogg's Rice Krispies Multi…350g,£3,85.7p per 100g,Buy 2 for £5
Kellogg's Rice Krispies Squares Chocolate Orange Snack Bars ,Kellogg's Rice Krispies Squares Cho…4 x 36g,£1.50,£1.04 per 100g,
Kellogg's Rice Krispies Squares Curious Caramel & Chocolate Snack Bars,Kellogg's Rice Krispies Squares Curious C…4 x 36g,£1.50,£1.04 per 100g,
Kellogg's Rice Krispies Squares Delightfully Chocolatey Snack Bars ,Kellogg's Rice Krispies Squares Delight…4 x 36g,£1.50,£1.04 per 100g,
Kellogg's Rice Krispies Squares Marshmallow Snack Bars ,Kellogg's Rice Krispies Squares…4 x 28g,£1.50,£1.34 per 100g,
Kellogg's Special K Juicy Red Berry Bars,Kellogg's Special K Juicy Red Berry Bars6 x 21.5g,£2,£1.55 per 100g,
Kellogg's Special K Milk Chocolate,Kellogg's Special K Milk Chocolate360g,£3.29,91.4p per 100g,
Kellogg's Special K Milk Chocolate Snack Bars ,Kellogg's Special K Milk Chocolate Snack Bars 6 x 20g,£2,£1.67 per 100g,
Kellogg's Special K Oats & Honey Cereal,Kellogg's Special K Oats & Honey Cereal420g,£3.29,78.3p per 100g,
Kellogg's Special K Original,Kellogg's Special K Original750g,£3.75,50p per 100g,"Offer price £3.75, was £4.50"
Kellogg's Special K Original,Kellogg's Special K Original500g,£3.29,65.8p per 100g,
Kellogg's Special K Original,Kellogg's Special K Original300g,£2,66.7p per 100g,
Kellogg's Special K Protein Nuts Clusters & Seeds,Kellogg's Special K Protein Nuts Clusters & Seeds330g,£3.29,99.7p per 100g,
Kellogg's Special K Red Berries,Kellogg's Special K Red Berries500g,£4.25,85p per 100g,
Kellogg's Special K Red Berries ,Kellogg's Special K Red Berries 330g,£3.29,99.7p per 100g,
Kellogg's Variety Pack Cereal 196g,Kellogg's Variety Pack Cereal 196g8 per pack,£2.99,37.4p each,
Kellog's Cornflakes ,Kellog's Cornflakes 500g,£2.50,50p per 100g,
Kellog's Crunchy Nut Original,Kellog's Crunchy Nut Original720g,£4.25,59p per 100g,
Kenco 2in1 Instant Coffee Sachets with Milk x5 Sachets,Kenco 2in1 Instant Coffee Sache…70g,£1.10,£1.57 per 100g,"Offer price £1.10, was £1.20"
Kenco 3in1 Instant Coffee Sachets with Milk & Sugars x5 Sachets,Kenco 3in1 Instant Coffee Sachets wit…100g,£1.10,£1.10 per 100g,"Offer price £1.10, was £1.20"
Kenco 6 Duo Cappuccino Sachets,Kenco 6 Duo Cappuccino Sachets109.8g,£3.99,£3.63 per 100g,
Kenco 6 Duo Latte Sachets,Kenco 6 Duo Latte Sachets103.5g,£3.99,£3.86 per 100g,
KENCO 6 Duo Salted Caramel Latte Sachets,KENCO 6 Duo Salted Caramel Latte Sachets103.8g,£3.99,£3.84 per 100g,
Kenco 6 Unsweetened Cappuccino Sachets,Kenco 6 Unsweetened Cappuccino Sachets106.8g,£3.99,£3.74 per 100g,
Kenco 8 Baileys Latte Sachets,Kenco 8 Baileys Latte Sachets120g,£1.75,£1.46 per 100g,
Kenco 8 Cappuccino Sachets,Kenco 8 Cappuccino Sachets118.4g,£1.75,£1.48 per 100g,
Kenco 8 Original Latte Sachets,Kenco 8 Original Latte Sachets130.4g,£1.75,£1.34 per 100g,
Kenco Cappuccino Instant Coffee Sachets 8 x 14.8g,Kenco Cappuccino Instant Coffee Sachets 8 x 14.8g118.4g,£1.75,£1.48 per 100g,
Kenco Decaff Instant Coffee,Kenco Decaff Instant Coffee200g,£6.99,£3.50 per 100g,
Kenco Decaff Refill Instant Coffee,Kenco Decaff Refill Instant Coffee150g,£4.99,£3.33 per 100g,
Kenco Flat White Instant Coffee Sachets 8 x 14.8g,Kenco Flat White Instant Coffee Sachets 8 x 14.8g118.4g,£1.75,£1.48 per 100g,
Kenco Iced Hot Salted Caramel Latte Coffee Sachets ,Kenco Iced Hot Salted Caramel…162.4g,£1.75,£1.08 per 100g,
Kenco Iced Hot Vanilla Latte Coffee Sachets ,Kenco Iced Hot Vanilla Latte Coffee Sachets 162.4g,£1.75,£1.08 per 100g,
Kenco Millicano Americano Decaff Instant  Coffee,Kenco Millicano Americano D…100g,£4,£4.00 per 100g,
Kenco Millicano Americano Instant Coffee,Kenco Millicano Americano Instant Coffee100g,£4,£4.00 per 100g,
Kenco Millicano Americano Intense Instant Coffee,Kenco Millicano Americano I…95g,£4,£4.21 per 100g,
Kenco Rich Instant Coffee ,Kenco Rich Instant Coffee 200g,£6.99,£3.50 per 100g,
Kenco Rich Refill Instant Coffee,Kenco Rich Refill Instant Coffee150g,£4.99,£3.33 per 100g,
Kenco Smooth Coffee ,Kenco Smooth Coffee 100g,£3.89,£3.89 per 100g,
Kenco Smooth Instant Coffee,Kenco Smooth Instant Coffee200g,£6.99,£3.50 per 100g,
Kenco Smooth Refill Instant Coffee,Kenco Smooth Refill Instant Coffee150g,£4.99,£3.33 per 100g,
Kettle Chips Lightly Salted Sharing Crisps ,Kettle Chips Lightly Salted Sharing Crisps 130g,£2.39,£1.84 per 100g,
Kettle Chips Mature Cheddar & Red Onion Sharing Crisps,Kettle Chips Mature Cheddar & R…130g,£2.39,£1.84 per 100g,
Kettle Chips Sea Salt & Balsamic Vinegar Sharing Crisps,Kettle Chips Sea Salt & Balsami…130g,£2.39,£1.84 per 100g,
Kettle Chips Sweet Chili & Sour Cream Sharing Crisps,Kettle Chips Sweet Chili & So…130g,£2.39,£1.84 per 100g,
Kikkoman Naturally Brewed Soy ,Kikkoman Naturally Brewed Soy 150ml,£2.25,£1.50 per 100ml,"Offer price £2.25, was £2.99"
Kikkoman Teriyaki Marinade,Kikkoman Teriyaki Marinade250ml,£2.45,98p per 100ml,"Offer price £2.45, was £3.25"
Kind Blueberry Almond Breakfast Bar,Kind Blueberry Almond Breakfast Bar40g,£1,£2.50 per 100g,
KIND Caramel Almond & Sea Salt Snack Bars Multipack,KIND Caramel Almond & Sea Sal…3 x 30g,£3,£3.33 per 100g,
KIND Dark Chocolate Nuts & Sea Salt Snack Bars Multipack,KIND Dark Chocolate Nuts & Sea…3 x 30g,£3,£3.33 per 100g,
Kinder Bueno Milk Chocolate & Hazelnuts Bars Multipack,Kinder Bueno Milk Chocolate & H…4 x 43g,£2,£1.16 per 100g,"Offer price £2, was £2.55"
Kinder Bueno Twin Finger Bar,Kinder Bueno Twin Finger Bar2 per pack,90p,45p each,Buy 2 for £1.20
Kinder Bueno White Chocolate & Hazelnuts Bars Multipack ,Kinder Bueno White Chocolate &…156g,£2,£1.28 per 100g,"Offer price £2, was £2.55"
Kinder Bunny,Kinder Bunny75g,£2,£2.67 per 100g,
Kinder Bunny,Kinder Bunny55g,£1,£1.82 per 100g,
Kinder Cards Chocolate and Milk Wafer Biscuit Multipack,Kinder Cards Chocolate and Milk…102.4g,£1.80,£1.76 per 100g,
Kinder Choc Medium Bars 2X21G,Kinder Choc Medium Bars 2X21G2 x 21g,90p,£2.14 per 100g,Buy 2 for £1.20
Kinder Chocolate Medium Snack Bars Multipack,Kinder Chocolate Medium Snack Bars Multipack6 x 21g,£1.65,£1.31 per 100g,
Kinder Chocolate Small Snack Bars Multipack,Kinder Chocolate Small Snack Bars Multipack16 x 12g,£2,£1.04 per 100g,"Offer price £2, was £2.45"
Kinder Easter Egg,Kinder Easter Egg220g,£10,£4.55 per 100g,
Kinder Egg Hunt Maxi Kit,Kinder Egg Hunt Maxi Kit150g,£5,£3.33 per 100g,
Kinder Happy Hippo Milk Chocolate & Hazelnut Biscuits Multipack,Kinder Happy Hippo Milk Chocolate & H…103.5g,£1.65,£1.59 per 100g,
Kinder Joy With Surprise Egg ,Kinder Joy With Surprise Egg 20g,£1,£5.00 per 100g,Buy 2 for £1.70
Kinder Large Egg Marvel/Disney Princess,Kinder Large Egg Marvel/Disney Princess100g,£4,£4.00 per 100g,
Kinder Mini Eggs,Kinder Mini Eggs75g,£1,£1.33 per 100g,
Kinder Surprise Multipack,Kinder Surprise Multipack60g,£2,£3.33 per 100g,"Offer price £2, was £2.45"
Kinder Surprise Single Egg,Kinder Surprise Single Egg20g,£1.10,£5.50 per 100g,Buy 2 for £1.50
Kinder Surprise Single Egg Natoons,Kinder Surprise Single Egg Natoons20g,£1.10,£5.50 per 100g,Buy 2 for £1.50
KIND Fruit & Nut,KIND Fruit & Nut40g,£1.30,£3.25 per 100g,
KIND Honey Roasted Nuts & Sea Salt ,KIND Honey Roasted Nuts & Sea Salt 40g,£1.30,£3.25 per 100g,
KIND Maple Pecan & Almond ,KIND Maple Pecan & Almond 3 x 30g,£3,£3.33 per 100g,
KIND Maple Pecan & Almond,KIND Maple Pecan & Almond40g,£1.30,£3.25 per 100g,
KIND Peanut Butter Dark Chocolate Snack Bars Multipack,KIND Peanut Butter Dark Chocola…3 x 30g,£3,£3.33 per 100g,
Kind Thins Dark Chocolate Nuts & Sea Salt ,Kind Thins Dark Chocolate Nuts & Sea Salt 4 x 19g,£3,£3.95 per 100g,
Kingfisher Bean Sprouts In Water ,Kingfisher Bean Sprouts In Water 410g,£1.15,28p per 100g,
Kingfisher Catch Lump Crab Meat In Brine,Kingfisher Catch Lump Crab Meat In Brine145g,£3.15,£2.17 per 100g,
Kingfisher Sliced Bamboo Shoot in Water ,Kingfisher Sliced Bamboo Shoot in Water 225g,£1.15,51.1p per 100g,
Kingfisher Water Chestnuts,Kingfisher Water Chestnuts225g,£1.15,51.1p per 100g,
King Pot Noodle Beef & Tomato,King Pot Noodle Beef & Tomato114g,£1.20,£10.53 per kg,
King Pot Noodle Bombay Bad Boy,King Pot Noodle Bombay Bad Boy114g,£1.20,£10.53 per kg,
King Pot Noodle Original Curry,King Pot Noodle Original Curry114g,£1.20,£10.53 per kg,
King Pot Pasta Bolognese,King Pot Pasta Bolognese73g,£1.20,£1.64 per 100g,
King Pot Pasta Creamy Carbonara,King Pot Pasta Creamy Carbonara69g,£1,£1.45 per 100g,
Kingsfood 8 Hot Dogs In Brine (400g),Kingsfood 8 Hot Dogs In Brine (400g)184g,99p,53.8p per 100g,
Kit Kat 2 Finger Caramel Chocolate Biscuit Bar Multipack 9 Pack,Kit Kat 2 Finger Caramel Chocolate Bi…9 x 186.3g,£1.65,9.8p per 100g,
Kit Kat 2 Finger Dark Chocolate Biscuit Bar Multipack 9 Pack,Kit Kat 2 Finger Dark Chocolate Bis…186.3g,£1.65,88.3p per 100g,"Offer price £1.65, was £2"
Kit Kat 2 Finger Dark Mint Chocolate Biscuit Bar Multipack 9 Pack,Kit Kat 2 Finger Dark Mint Chocolate…186.3g,£1.65,88.3p per 100g,"Offer price £1.65, was £2"
Kit Kat 2 Finger Milk Chocolate Biscuit Bar Multipack 14 Pack,Kit Kat 2 Finger Milk Chocolate Bis…289.9g,£2.50,86.2p per 100g,
Kit Kat 2 Finger Milk Chocolate Biscuit Bar Multipack 9 Pack,Kit Kat 2 Finger Milk Chocolate Bis…186.3g,£1.65,88.3p per 100g,"Offer price £1.65, was £2"
Kit Kat 2 Finger Orange Milk Chocolate Biscuit Bar Multipack 14 Pack,Kit Kat 2 Finger Orange Milk Chocolate…289.9g,£2.50,86.2p per 100g,
Kit Kat 2 Finger Orange Milk Chocolate Biscuit Bar Multipack 9 Pack,Kit Kat 2 Finger Orange Milk Chocolate…186.3g,£1.65,88.3p per 100g,"Offer price £1.65, was £2"
Kit Kat 2 Finger White Chocolate Biscuit Bar Multipack,Kit Kat 2 Finger White Chocolat…9 x 20.7g,£1.65,88.6p per 100g,
Kit Kat 4 Finger Milk Chocolate Bar Multipack 4 Pack,Kit Kat 4 Finger Milk Chocola…166g,£1.50,90.4p per 100g,
KitKat 4 Finger Milk Chocolate Bar Pack of 8,KitKat 4 Finger Milk Chocolate Bar Pack of 8332g,£2.75,82.8p per 100g,
Kit Kat 4 Finger Milk Chocolate Orange,Kit Kat 4 Finger Milk Chocolate Orange42.5g,75p,£1.76 per 100g,
Kit Kat Bites Milk Chocolate Sharing Bag,Kit Kat Bites Milk Chocolate Sharing Bag90g,£1.35,£1.50 per 100g,
Kitkat Bunny Giant Easter Egg,Kitkat Bunny Giant Easter Egg234g,£5,£2.14 per 100g,
Kitkat Bunny Milk Chocolate Sharing Bag ,Kitkat Bunny Milk Chocolate Sharing Bag 55g,£1.25,£2.27 per 100g,
Kit Kat Caramel Cookie Collision Incredible Egg,Kit Kat Caramel Cookie Collision Incredible Egg556.2g,£10,£1.80 per 100g,
Kit Kat Chunky Caramel Milk Chocolate Bar,Kit Kat Chunky Caramel Milk Chocolate Bar4 x 35g,£1.50,£1.07 per 100g,
Kitkat Chunky Large Egg,Kitkat Chunky Large Egg230g,£3.25,£1.41 per 100g,
Kit Kat Chunky Milk Chocolate Bar Multipack 4 Pack,Kit Kat Chunky Milk Chocola…160g,£1.50,93.8p per 100g,
Kit Kat Chunky White Chocolate Bar Multipack 4 Pack,Kit Kat Chunky White Chocolat…160g,£1.50,93.8p per 100g,
Kit Kat Milk Chocolate Bunny,Kit Kat Milk Chocolate Bunny29g,70p,£2.41 per 100g,Buy 2 for £1.20
Knorr Aromat All Purpose Savoury Seasoning,Knorr Aromat All Purpose Savoury Seasoning90g,£1.45,16.1p per 10g,
Knorr Beef Stock Cubes,Knorr Beef Stock Cubes200g,£2.50,£1.25 per 100g,"Offer price £2.50, was £2.65"
Knorr Beef Stock Cubes Zero Salt 8 Pack,Knorr Beef Stock Cubes Zero Salt 8 Pack72g,£1.75,£2.43 per 100g,
Knorr Chicken Stock Cubes 8 x 10g,Knorr Chicken Stock Cubes 8 x 10g80g,£1.75,£2.19 per 100g,
Knorr Chicken Stock Cubes Zero Salt 8 Pack,Knorr Chicken Stock Cubes Zero Salt 8 Pack72g,£1.75,£2.43 per 100g,
Knorr Chicken Stock Pot 4 Pack,Knorr Chicken Stock Pot 4 Pack4 x 28g,£1.65,£1.47 per 100g,
Knorr Chicken Stock Pot 8 Pack,Knorr Chicken Stock Pot 8 Pack8 x 28g,£2.50,£1.12 per 100g,
Knorr Dry Packet Soup Thick Vegetable,Knorr Dry Packet Soup Thick Vegetable75g,99p,£1.32 per 100g,
Knorr Ham Stock Cubes,Knorr Ham Stock Cubes80g,£1.75,£2.19 per 100g,
Knorr Lamb Stock Pot 4 Pack,Knorr Lamb Stock Pot 4 Pack4 x 28g,£1.65,£1.47 per 100g,
Knorr Rich Beef Stock Pot 4 Pack,Knorr Rich Beef Stock Pot 4 Pack4 x 28g,£1.65,£1.47 per 100g,
Knorr Rich Beef Stock Pot 8 x 28g,Knorr Rich Beef Stock Pot 8 x 28g224g,£2.50,£1.12 per 100g,
Knorr Stock Cubes 8 x 10g Box Lamb ,Knorr Stock Cubes 8 x 10g Box Lamb 80g,£1.75,£2.19 per 100g,
Knorr Stock Cubes 8 x 10g  Vegetable ,Knorr Stock Cubes 8 x 10g  Vegetable 80g,£1.75,£2.19 per 100g,
Knorr Stock Cubes Beef 8 x 10g,Knorr Stock Cubes Beef 8 x 10g80g,£1.75,£2.19 per 100g,
Knorr Stock Cubes Chicken 20 x 10g,Knorr Stock Cubes Chicken 20 x 10g200g,£2.50,£1.25 per 100g,"Offer price £2.50, was £2.65"
Knorr Stock Cubes Fish 8 x 10g,Knorr Stock Cubes Fish 8 x 10g80g,£1.75,£2.19 per 100g,
Knorr Stock Cubes Vegetable 20 x 10g,Knorr Stock Cubes Vegetable 20 x 10g200g,£2.50,£1.25 per 100g,
Knorr Super Chicken Noodle Dry Packet Soup,Knorr Super Chicken Noodle Dry Packet Soup51g,99p,£1.94 per 100g,
Knorr Vegetable Stock Cubes Zero Salt 8 Pack,Knorr Vegetable Stock Cubes Zero Salt 8 Pack72 per pack,£1.75,2.4p each,
Knorr Vegetable Stock Pot ,Knorr Vegetable Stock Pot 8 x 28g,£2.50,£1.12 per 100g,
Knorr Vegetable Stock Pot 4 Pack,Knorr Vegetable Stock Pot 4 Pack4 x 28g,£1.65,£1.47 per 100g,
Ko-Lee Go Mixed Vegetable Noodles,Ko-Lee Go Mixed Vegetable Noodles65g,£1,£15.38 per kg,
Ko-Lee Go Noodles Barbeque ,Ko-Lee Go Noodles Barbeque 65g,£1,£15.38 per kg,
Ko-Lee Medium Egg Noodles,Ko-Lee Medium Egg Noodles375g,£1.50,£4.00 per kg,
Ko-Lee Thai Hot & Spicy Go Noodles ,Ko-Lee Thai Hot & Spicy Go Noodles 65g,£1,£15.38 per kg,
Ko-Lee Vermicelli Noodles,Ko-Lee Vermicelli Noodles200g,£1.39,£6.95 per kg,
Kohinoor Delhi Butter Chicken Cooking Sauce ,Kohinoor Delhi Butter Chicken Cooking Sauce 375g,£1.95,52p per 100g,Buy 2 for £3
Kohinoor Lucknowi Adraki Bhuna,Kohinoor Lucknowi Adraki Bhuna375g,£1.95,52p per 100g,Buy 2 for £3
Kohinoor Punjabi Karahi Cooking Sauce ,Kohinoor Punjabi Karahi Cooking Sauce 375g,£1.95,52p per 100g,Buy 2 for £3
KP Dry Roasted Peanuts ,KP Dry Roasted Peanuts 250g,£2.99,£1.20 per 100g,
KP Dry Roasted Peanuts ,KP Dry Roasted Peanuts 415g,£3.50,84p per 100g,"Offer price £3.50, was £4.25"
KP Dry Roasted Peanuts,KP Dry Roasted Peanuts50g,£1.10,£2.20 per 100g,
KP Dry Roasted Peanuts 5 x Snack Packs ,KP Dry Roasted Peanuts 5 x Snack Packs 150g,£3.25,£2.17 per 100g,Buy 2 for £5
KP Flavour Kravers Flame Grilled Steak Peanuts,KP Flavour Kravers Flame Grilled Steak Peanuts140g,£1.75,£1.25 per 100g,
KP Flavour Kravers Smokin' Paprika Peanuts,KP Flavour Kravers Smokin' Paprika Peanuts140g,£1.75,£1.25 per 100g,
KP Flavour Kravers Sour Cream & Chive Peanuts,KP Flavour Kravers Sour Cream & Chive Peanuts140g,£1.75,£1.25 per 100g,
KP Honey Roast Peanuts ,KP Honey Roast Peanuts 225g,£2.99,£1.33 per 100g,Buy 2 for £5
KP Nut-Tastic Crunchy Peanut Butter,KP Nut-Tastic Crunchy Peanut Butter340g,£2,58.8p per 100g,"Offer price £2, was £3"
Kp Nut-Tastic Fruit & Nut Mix,Kp Nut-Tastic Fruit & Nut Mix120g,£2.25,£1.88 per 100g,
KP Nut-Tastic Fruit & Nut Mix Grazing Bag,KP Nut-Tastic Fruit & Nut Mix Grazing Bag100g,£3.25,£3.25 per 100g,Buy 2 for £5
KP Nut-Tastic Pinch Of Salt Nut Mix Grazing Bag,KP Nut-Tastic Pinch Of Salt Nut Mix Grazing Bag100g,£3.25,£3.25 per 100g,Buy 2 for £5
KP Nut-Tastic Smooth Peanut Butter,KP Nut-Tastic Smooth Peanut Butter340g,£2,58.8p per 100g,"Offer price £2, was £3"
KP Nuts Honey Roast Cashews ,KP Nuts Honey Roast Cashews 110g,£3.85,£3.50 per 100g,
KP Original Salted Peanuts ,KP Original Salted Peanuts 250g,£2.99,£1.20 per 100g,
KP Original Salted Peanuts ,KP Original Salted Peanuts 415g,£3.50,84p per 100g,"Offer price £3.50, was £4.25"
KP Original Salted Peanuts,KP Original Salted Peanuts50g,£1.10,£2.20 per 100g,
KP Salt & Vinegar Peanuts ,KP Salt & Vinegar Peanuts 225g,£2.99,£1.33 per 100g,Buy 2 for £5
KP Salt & Vinegar Peanuts 5 x Snack Packs ,KP Salt & Vinegar Peanuts 5 x Snack Packs 150g,£3.25,£2.17 per 100g,Buy 2 for £5
KP Salted Peanuts 5 x Snack Packs,KP Salted Peanuts 5 x Snack Packs150g,£3.25,£2.17 per 100g,Buy 2 for £5
KP Spicy Chilli Peanuts,KP Spicy Chilli Peanuts225g,£2.99,£1.33 per 100g,Buy 2 for £5
KP Unsalted Peanuts ,KP Unsalted Peanuts 250g,£2.99,£1.20 per 100g,
Krakus Sauerkraut       ,Krakus Sauerkraut       900g,£1.59,17.7p per 100g,
Krave Chocolate & Hazelnut Cereal,Krave Chocolate & Hazelnut Cereal410g,£3.29,80.2p per 100g,
Krave Milk Chocolate Cereal,Krave Milk Chocolate Cereal410g,£3.29,80.2p per 100g,
Krunchie Malt Vinegar ,Krunchie Malt Vinegar 284ml,50p,£1.76 per litre,
KTC Alphonso Mango Pulp,KTC Alphonso Mango Pulp850g,£2.10,£2.47 per kg,"Offer price £2.10, was £2.50"
KTC Blackeye Beans In Salted Water,KTC Blackeye Beans In Salted Water240g,65p,£2.71 per kg,
KTC Blended Pomace Oil,KTC Blended Pomace Oil1L,£3.20,32p per 100ml,"Offer price £3.20, was £3.25"
KTC Brown Chana In Salted Water,KTC Brown Chana In Salted Water240g,65p,£2.71 per kg,
KTC Brown Lentils ,KTC Brown Lentils 1kg,£2,£2.00 per kg,
KTC Butter Beans In Salted Water ,KTC Butter Beans In Salted Water 240g,65p,£2.71 per kg,
KTC Capellini Nests,KTC Capellini Nests500g,£1.10,£2.20 per kg,"Offer price £1.10, was £1.29"
KTC Chana Dal,KTC Chana Dal1kg,£2,£2.00 per kg,
KTC Chicken Fry Mix,KTC Chicken Fry Mix300g,£2.19,7.3p per 10g,
KTC Chick Peas,KTC Chick Peas1kg,£2,£2.00 per kg,
KTC Chilli Beans In Spicy Sauce ,KTC Chilli Beans In Spicy Sauce 240g,65p,£2.71 per kg,
KTC Coconut Milk     ,KTC Coconut Milk     400g,£1,25.1p per 100g,"Offer price £1, was £1.09"
KTC Green Lentils,KTC Green Lentils1kg,£2,£2.00 per kg,
KTC Hot & Spicy Chicken Mix,KTC Hot & Spicy Chicken Mix300g,£2,6.7p per 10g,"Offer price £2, was £2.09"
KTC Jalapeno Slices,KTC Jalapeno Slices210g,95p,45.2p per 100g,"Offer price 95p, was £1"
KTC Kesar Mango Pulp,KTC Kesar Mango Pulp850g,£2.25,£2.64 per kg,"Offer price £2.25, was £2.85"
KTC Mung Dal Yellow,KTC Mung Dal Yellow1kg,£2,£2.00 per kg,
KTC Pure Butter Ghee,KTC Pure Butter Ghee500g,£4.50,£9.00 per kg,"Offer price £4.50, was £5"
KTC Pure Corn Oil    ,KTC Pure Corn Oil    1L,£2.95,29.5p per 100ml,"Offer price £2.95, was £2.99"
KTC Rapeseed Oil,KTC Rapeseed Oil1L,£3.45,34.5p per 100ml,"Offer price £3.45, was £3.50"
KTC Red Kidney Beans in Salted Water (400g),KTC Red Kidney Beans in Salted Water (400g)240g,65p,£2.71 per kg,Buy 4 for £2
KTC Red Lentils,KTC Red Lentils1kg,£2,£2.00 per kg,
KTC Spinach Puree In Salted Water,KTC Spinach Puree In Salted Water795g,£1.35,£1.70 per kg,
KTC Taj Mahal Best Ghee,KTC Taj Mahal Best Ghee1kg,£2.85,28.5p per 100g,"Offer price £2.85, was £2.90"
KTC Vegetable Cooking Oil,KTC Vegetable Cooking Oil5L,£10.80,21.6p per 100ml,"Offer price £10.80, was £10.99"
KTC Vermicelli     ,KTC Vermicelli     500g,£1.15,£2.30 per kg,
KTC Vermicelli,KTC Vermicelli200g,69p,£3.45 per kg,
KTC White Kidney Beans In Salted Water,KTC White Kidney Beans In Salted Water240g,65p,£2.71 per kg,
Kuchenmeister Flan Base,Kuchenmeister Flan Base200g,£2,£1.00 per 100g,
La Doria Ratatouille,La Doria Ratatouille390g,£1.35,£3.46 per kg,
Laila Basmati Gluten Free Rice,Laila Basmati Gluten Free Rice10kg,£16.25,£1.63 per kg,
Laila Basmati Rice ,Laila Basmati Rice 5kg,£8.49,£1.70 per kg,
Laila Brown Basmati Rice,Laila Brown Basmati Rice2kg,£5.25,£2.63 per kg,
Laila Everyday Rice ,Laila Everyday Rice 1kg,£1.50,£1.50 per kg,
Lavazza Cafe Espresso Coffee Beans ,Lavazza Cafe Espresso Coffee Beans 1kg,£12,£1.20 per 100g,
Lavazza Caffè Espresso Ground Coffee,Lavazza Caffè Espresso Ground Coffee250g,£4.50,£1.80 per 100g,
Lavazza Crema e Gusto Ground Coffee,Lavazza Crema e Gusto Ground Coffee250g,£4.50,£1.80 per 100g,
Lavazza Decaffeinated Coffee Beans ,Lavazza Decaffeinated Coffee Beans 500g,£7,£1.40 per 100g,
Lavazza Decaffeinated Ground Coffee,Lavazza Decaffeinated Ground Coffee250g,£4.50,£1.80 per 100g,
Lavazza Prontissimo Intenso Instant Coffee,Lavazza Prontissimo Intenso Instant Coffee95g,£3.50,£3.68 per 100g,"Offer price £3.50, was £4.99"
Lavazza Qualita Rossa Coffee Beans ,Lavazza Qualita Rossa Coffee Beans 1000g,£15,£1.50 per 100g,
Lavazza Qualita Rossa Ground Coffee ,Lavazza Qualita Rossa Ground Coffee 500g,£8,£1.60 per 100g,
Lavazza Qualita Rossa Roast & Ground Coffee Beans ,Lavazza Qualita Rossa Roast…250g,£4.50,£1.80 per 100g,
Lavazza Qualità Rossa Ground Coffee,Lavazza Qualità Rossa Ground Coffee250g,£4.50,£1.80 per 100g,
La Vieja Fabrica Seville Orange Fine Cut Marmalade,La Vieja Fabrica Seville Or…365g,£1.99,54.5p per 100g,
La Vieja Fabrica Seville Orange St Clements Marmalade,La Vieja Fabrica Seville Oran…365g,£1.99,54.5p per 100g,
Lea & Perrins Worcestershire Sauce,Lea & Perrins Worcestershire Sauce290ml,£2.99,£1.03 per 100ml,
Lea & Perrins Worcestershire Sauce,Lea & Perrins Worcestershire Sauce150ml,£1.59,£1.06 per 100ml,
Lee Kum Kee Black Bean Garlic Sauce,Lee Kum Kee Black Bean Garlic Sauce205g,£1.90,92.7p per 100g,
Lee Kum Kee Char Siu Sauce,Lee Kum Kee Char Siu Sauce225g,£1.90,84.4p per 100g,
Lee Kum Kee Chilli Bean Sauce,Lee Kum Kee Chilli Bean Sauce195g,£1.90,97.4p per 100g,
Lee Kum Kee Chilli Garlic Sauce,Lee Kum Kee Chilli Garlic Sauce190g,£1.90,£1.00 per 100g,
Lee Kum Kee Chiu Chow Chilli Oil,Lee Kum Kee Chiu Chow Chilli Oil170g,£3,£1.76 per 100g,
Lee Kum Kee Hoisin Sauce,Lee Kum Kee Hoisin Sauce210g,£2.09,99.5p per 100g,
Lee Kum Kee Panda Oyster Sauce,Lee Kum Kee Panda Oyster Sauce510ml,£2.35,46.1p per 100ml,
Lee Kum Kee Plum Sauce,Lee Kum Kee Plum Sauce220g,£1.90,86.4p per 100g,
Lee Kum Kee Premium Dark Soy Sauce,Lee Kum Kee Premium Dark Soy Sauce150ml,£1.49,99.3p per 100ml,
Lee Kum Kee Premium Light Soy Sauce,Lee Kum Kee Premium Light Soy Sauce150ml,£1.49,99.3p per 100ml,
Lee Kum Kee Premium Light Soy Sauce,Lee Kum Kee Premium Light Soy Sauce250ml,£1.75,70p per 100ml,
Lee Kum Kee Teriyaki Sauce,Lee Kum Kee Teriyaki Sauce200g,£1.90,95p per 100g,
Lesieur Rapeseed Oil,Lesieur Rapeseed Oil1L,£2.40,£2.40 per litre,
Lesieur Rapeseed Oil,Lesieur Rapeseed Oil3L,£5.99,£2.00 per litre,
Lesieur Sunflower Oil,Lesieur Sunflower Oil1L,£1.99,£1.99 per litre,
Levi Roots Reggae Reggae Jerk BBQ Sauce,Levi Roots Reggae Reggae Jerk BBQ Sauce290g,£2.20,75.9p per 100g,
Lift Instant Lemon Flavour Tea,Lift Instant Lemon Flavour Tea165g,£1.75,£1.06 per 100g,
Lift Instant Lemon Flavour Tea Reduced Sweetness ,Lift Instant Lemon Flavour Tea Reduced Sweetness 165g,£1.75,£1.06 per 100g,
Lily O'Briens 16 Handcrafted Chocolates,Lily O'Briens 16 Handcrafted Chocolates190g,£6,£3.16 per 100g,
Lily O'Briens Creamy Caramels with Sea Salt,Lily O'Briens Creamy Caramels with Sea Salt120g,£2,£1.66 per 100g,"Offer price £2, was £2.50"
Lily O'Briens Desserts,Lily O'Briens Desserts210g,£7,£3.33 per 100g,
Lily O'Brien's Salted Caramel Truffles,Lily O'Brien's Salted Caramel Truffles200g,£5,£2.50 per 100g,
Lindor Assorted Egg,Lindor Assorted Egg260g,£11,£4.23 per 100g,
Lindor Milk Chocolate Egg,Lindor Milk Chocolate Egg260g,£11,£4.23 per 100g,
Lindor Salted Caramel Egg,Lindor Salted Caramel Egg260g,£11,£4.23 per 100g,
Lindor Salted Caramel Filled Egg,Lindor Salted Caramel Filled Egg28g,70p,£2.50 per 100g,Buy 2 for £1.20
Lindt Classic Recipe Hazelnut Milk Chocolate,Lindt Classic Recipe Hazelnut Milk Chocolate125g,£1.60,£1.28 per 100g,"Offer price £1.60, was £2.10"
Lindt Classic Recipe Hazelnut Vegan Smooth ,Lindt Classic Recipe Hazelnut Vegan Smooth 100g,£3.20,£3.20 per 100g,
Lindt Classic Recipe Milk Chocolate Bar,Lindt Classic Recipe Milk Chocolate Bar125g,£1.60,£1.28 per 100g,"Offer price £1.60, was £2.10"
Lindt Classic Recipe Vegan Smooth,Lindt Classic Recipe Vegan Smooth100g,£3.20,£3.20 per 100g,
Lindt Excellence 70% Cocoa Dark Chocolate,Lindt Excellence 70% Cocoa Dark Chocolate100g,£1.95,£1.95 per 100g,
Lindt Excellence 85% Dark Chocolate,Lindt Excellence 85% Dark Chocolate100g,£1.95,£1.95 per 100g,
Lindt Excellence 90% Dark Supreme Chocolate Bar,Lindt Excellence 90% Dark Supreme Chocolate Bar100g,£1.95,£1.95 per 100g,
Lindt Excellence Caramel & Sea Salt Milk ,Lindt Excellence Caramel & Sea Salt Milk 100g,£1.95,£1.95 per 100g,
Lindt Excellence Dark Caramel & Sea Salt,Lindt Excellence Dark Caramel & Sea Salt100g,£1.95,£1.95 per 100g,
"Lindt Excellence Dark Cranberry, Almond & Hazelnut",Lindt Excellence Dark Cranb…100g,£1.95,£1.95 per 100g,
Lindt Excellence Dark Sea Salt,Lindt Excellence Dark Sea Salt100g,£1.95,£1.95 per 100g,
Lindt Excellence Extra Creamy Milk Chocolate Bar,Lindt Excellence Extra Crea…100g,£1.95,£1.95 per 100g,
Lindt Excellence Intense Dark Mint Chocolate,Lindt Excellence Intense Dark Mint Chocolate100g,£1.95,£1.95 per 100g,
Lindt Excellence Intense Orange Dark Chocolate,Lindt Excellence Intense Orange Dark Chocolate100g,£1.95,£1.95 per 100g,
Lindt Gold Bunnies Milk Chocolate 5Pk,Lindt Gold Bunnies Milk Chocolate 5Pk50g,£2,£4.00 per 100g,
Lindt Gold Bunny,Lindt Gold Bunny100g,£3.25,£3.25 per 100g,Buy 2 for £5.50
Lindt Gold Bunny,Lindt Gold Bunny50g,£1.65,£3.30 per 100g,
Lindt Gold Bunny Milk Chocolate,Lindt Gold Bunny Milk Chocolate200g,£4.50,£2.25 per 100g,
Lindt Gold Bunny White Chocolate,Lindt Gold Bunny White Chocolate100g,£3.25,£3.25 per 100g,Buy 2 for £5.50
Lindt Gold Bunny White Chocolate ,Lindt Gold Bunny White Chocolate 200g,£4.50,£2.25 per 100g,
Lindt Gold Milk Chocolate Bunnies & Easter Egg ,Lindt Gold Milk Chocolate Bunnies & Easter Egg 195g,£9,£4.62 per 100g,
Lindt Lindor Assorted Chocolate Cornet Truffles,Lindt Lindor Assorted Chocolate Cornet Truffles200g,£4.75,£2.38 per 100g,
Lindt Lindor Assorted Cornet Truffles         ,Lindt Lindor Assorted Cornet Truffles         337g,£7.50,£2.23 per 100g,"Offer price £7.50, was £9.50"
Lindt Lindor Cornet Blood Orange,Lindt Lindor Cornet Blood Orange200g,£4.75,£2.38 per 100g,
Lindt Lindor Double Chocolate ,Lindt Lindor Double Chocolate 200g,£4.75,£2.38 per 100g,"Offer price £4.75, was £6"
Lindt Lindor Double Chocolate Mini Eggs ,Lindt Lindor Double Chocolate Mini Eggs 80g,£1.60,£2.00 per 100g,
Lindt Lindor Easter Egg With Double Chocolate Truffles,Lindt Lindor Easter Egg With Do…260g,£11,£4.23 per 100g,
Lindt Lindor Egg Blood Orange,Lindt Lindor Egg Blood Orange260g,£11,£4.23 per 100g,
Lindt Lindor Egg Single,Lindt Lindor Egg Single28g,70p,£2.50 per 100g,Buy 2 for £1.20
Lindt Lindor Limited Edition Mint,Lindt Lindor Limited Edition Mint200g,£5.50,£2.75 per 100g,
Lindt Lindor Milk,Lindt Lindor Milk100g,£2.45,£2.45 per 100g,
Lindt Lindor Milk Chocolate ,Lindt Lindor Milk Chocolate 37g,£1.49,£4.03 per 100g,
Lindt Lindor Milk Chocolate Cornet Truffles,Lindt Lindor Milk Chocolate Cornet Truffles337g,£7.50,£2.23 per 100g,"Offer price £7.50, was £9.50"
Lindt Lindor Milk Cornet Truffles,Lindt Lindor Milk Cornet Truffles200g,£4.75,£2.38 per 100g,
Lindt Lindor Milk Shell Egg,Lindt Lindor Milk Shell Egg215g,£9,£4.19 per 100g,
Lindt Lindor Salted Caramel,Lindt Lindor Salted Caramel200g,£4.75,£2.38 per 100g,
Lindt Lindor Shell Egg Assorted,Lindt Lindor Shell Egg Assorted215g,£9,£4.19 per 100g,
Lindt Lindor White Bar,Lindt Lindor White Bar100g,£2.45,£2.45 per 100g,
Lindt Lindor White Chocolate Truffles,Lindt Lindor White Chocolate Truffles200g,£4.75,£2.38 per 100g,
Lindt Luxury Selection,Lindt Luxury Selection195g,£11,£5.64 per 100g,
Lindt Master Chocolatier Collection ,Lindt Master Chocolatier Collection 184g,£8.50,£4.62 per 100g,
Lindt Milk Chocolate Gold Bunny Egg ,Lindt Milk Chocolate Gold Bunny Egg 360g,£12,£3.33 per 100g,
Lindt Milk Chocolate Gold Bunny Egg ,Lindt Milk Chocolate Gold Bunny Egg 115g,£5,£4.35 per 100g,
Lindt Milk Chocolate Mini Eggs Bag,Lindt Milk Chocolate Mini Eggs Bag80g,£1.60,£2.00 per 100g,
Lindt Milk Chocolate Teddy,Lindt Milk Chocolate Teddy40g,£1.25,£3.13 per 100g,
Lindt Selection ,Lindt Selection 427g,£14,£3.28 per 100g,
Lindt White Chocolate Mini Eggs Bag,Lindt White Chocolate Mini Eggs Bag80g,£1.60,£2.00 per 100g,
Linwoods Cold Flaxseed ,Linwoods Cold Flaxseed 200g,£2.50,£1.25 per 100g,
"Linwoods Cold Milled Flaxseed, Biocultures & Vitamin D",Linwoods Cold Milled Flaxseed…200g,£3,£15.00 per kg,
Linwoods Flaxseed & Chai Seeds,Linwoods Flaxseed & Chai Seeds200g,£3,£1.50 per 100g,
"Linwoods Milled Flaxseed, Almonds, Brazil Nuts, Walnuts & Q10 ","Linwoods Milled Flaxseed, Almonds…360g",£5,£1.39 per 100g,"Offer price £5, was £6.75"
Lion Milk Chocolate Bar Multipack 4 Pack,Lion Milk Chocolate Bar Multipack 4 Pack168g,£1.50,89.3p per 100g,
Lion Milk Duo,Lion Milk Duo60g,85p,£1.42 per 100g,
Little Rolo Milk Chocolate & Caramel Sharing Pouch,Little Rolo Milk Chocolate & Caramel Sharing Pouch103g,£1.35,£1.31 per 100g,"Offer price £1.35, was £1.60"
Littleseed Extra Virgin British Rapeseed Oil ,Littleseed Extra Virgin British Rapeseed Oil 500ml,£4.50,90p per 100ml,
Lizi's Granola Low Sugar Maple & Pecan ,Lizi's Granola Low Sugar Maple & Pecan 500g,£3.99,79.8p per 100g,
Lizi's High Protein Granola,Lizi's High Protein Granola350g,£3.89,£1.11 per 100g,
Lizi's Low Sugar Granola,Lizi's Low Sugar Granola500g,£3.99,79.8p per 100g,
Local Honey Man British Borage Honey,Local Honey Man British Borage Honey340g,£6,£1.76 per 100g,
Local Honey Man British Golden Honey,Local Honey Man British Golden Honey340g,£6,£1.76 per 100g,
Loma Linda Fishless Tuna Chilli ,Loma Linda Fishless Tuna Chilli 140g,£1.49,£1.06 per 100g,
Loma Linda Fishless Tuna Lemon Pepper,Loma Linda Fishless Tuna Lemon Pepper140g,£1.49,£1.06 per 100g,
Loma Linda Fishless Tuna Mayonnaise,Loma Linda Fishless Tuna Mayonnaise140g,£1.49,£1.06 per 100g,
Loma Linda Spicy Pad Thai With Konjac Noodles ,Loma Linda Spicy Pad Thai With Konjac Noodles 284g,£2.95,£1.04 per 100g,
Loma Linda Thai Green Curry ,Loma Linda Thai Green Curry 284g,£2.95,£1.04 per 100g,
Loma Linda Tuno In Spring Water ,Loma Linda Tuno In Spring Water 140g,£1.49,£1.06 per 100g,
L'OR Artiste Delicato Instant Coffee Intensity 5  ,L'OR Artiste Delicato Instant Coffee Intensity 5  95g,£4,£4.21 per 100g,
L'OR Artiste Vigoroso Instant Coffee Intensity 8,L'OR Artiste Vigoroso Instant Coffee Intensity 895g,£4,£4.21 per 100g,
L'Or Classique Instant Coffee,L'Or Classique Instant Coffee100g,£4,£4.00 per 100g,"Offer price £4, was £5"
L'OR Classique Instant Coffee,L'OR Classique Instant Coffee150g,£7.25,£4.83 per 100g,
L'Or Decaffinated Instant Coffee,L'Or Decaffinated Instant Coffee100g,£4,£4.00 per 100g,"Offer price £4, was £5"
L'OR Decaf Instant Coffee ,L'OR Decaf Instant Coffee 150g,£7.25,£4.83 per 100g,
L'OR Espresso Caramel Flavour Coffee Pods,L'OR Espresso Caramel Flavour Coffee Pods10 per pack,£3.59,35.9p each,
L'Or Espresso Colombia Aluminium Coffee Capsules x10,L'Or Espresso Colombia Alumin…10 x 52g,£3.59,69p per 100g,
L'Or Espresso Lungo Profondo Aluminium Coffee x10 Capsules Intensity 8,L'Or Espresso Lungo Profondo…10 x 5.2g,£3.59,£6.90 per 100g,
L'Or espresso ONYX Aluminium Coffee Capsules x10 no12,L'Or espresso ONYX Aluminium…52g,£3.59,£6.90 per 100g,
L'Or Espresso Ristretto 10 Aluminium Coffee Capsules Intensity 11,L'Or Espresso Ristretto 10 Aluminium…52g,£3.59,£6.90 per 100g,
L'Or Espresso Ristretto Decaff Aluminum Coffee Capsules x10,L'Or Espresso Ristretto Decaff Al…52g,£3.59,£6.90 per 100g,
L'Or Espresso Supremo 10 Aluminium Coffee Capsules intensity 10,L'Or Espresso Supremo 10 Aluminium Co…52g,£3.59,£6.90 per 100g,
L'Or Intense Instant Coffee,L'Or Intense Instant Coffee100g,£4,£4.00 per 100g,"Offer price £4, was £5"
L'OR Intense Instant Coffee ,L'OR Intense Instant Coffee 150g,£7.25,£4.83 per 100g,
Lotus Biscoff Chocolate ,Lotus Biscoff Chocolate 150g,£1.20,80.2p per 100g,"Offer price £1.20, was £1.75"
Lotus Biscoff Cream ,Lotus Biscoff Cream 150g,£1.20,80.2p per 100g,"Offer price £1.20, was £1.75"
Lotus Biscoff Milk Chocolate With Biscoff Cream,Lotus Biscoff Milk Chocol…180g,£3,£1.67 per 100g,
Lotus Biscoff Milk Chocolate With Biscoff Crumbs ,Lotus Biscoff Milk Chocolat…180g,£3,£1.67 per 100g,
Lotus Biscoff Spread,Lotus Biscoff Spread400g,£3.19,79.8p per 100g,
Lotus Biscoff White Chocolate With Biscoff Cream,Lotus Biscoff White Chocola…180g,£3,£1.67 per 100g,
Lotus Caramelised Biscuit Spread ,Lotus Caramelised Biscuit Spread 380g,£3.19,83.9p per 100g,
Lotus Original Caramelised Biscuits,Lotus Original Caramelised Biscuits250g,£1.20,48p per 100g,"Offer price £1.20, was £1.75"
Love Corn Cheese & Onion,Love Corn Cheese & Onion45g,£1,£2.22 per 100g,
Love Corn Smoked BBQ,Love Corn Smoked BBQ45g,£1,£2.22 per 100g,
Loyd Grossman Balti Medium Curry Sauce,Loyd Grossman Balti Medium Curry Sauce350g,£1.75,50p per 100g,"Offer price £1.75, was £2.99"
Loyd Grossman BBQ Pizza Topping,Loyd Grossman BBQ Pizza Topping350g,£2.99,85.4p per 100g,
Loyd Grossman Bolognese No Added Sugar,Loyd Grossman Bolognese No Added Sugar350g,£2.99,85.4p per 100g,
Loyd Grossman Bolognese Original,Loyd Grossman Bolognese Original350g,£2.99,85.4p per 100g,
Loyd Grossman Bolognese Sauce,Loyd Grossman Bolognese Sauce660g,£3,45.4p per 100g,"Offer price £3, was £4.49"
Loyd Grossman Flame Baked Pizza Bases 2 Pack,Loyd Grossman Flame Baked Pizza Bases 2 Pack220g,£2.49,£1.13 per 100g,
Loyd Grossman Italian Grated Cheese,Loyd Grossman Italian Grated Cheese80g,£2.49,£3.11 per 100g,
Loyd Grossman Korma Mild Curry Sauce,Loyd Grossman Korma Mild Curry Sauce350g,£1.75,50p per 100g,"Offer price £1.75, was £2.99"
Loyd Grossman Lasagne,Loyd Grossman Lasagne450g,£3.49,77.6p per 100g,
Loyd Grossman Pizza Sauce,Loyd Grossman Pizza Sauce350g,£3.49,99.7p per 100g,
Loyd Grossman Puttanesca Pasta Sauce,Loyd Grossman Puttanesca Pasta Sauce350g,£2.99,85.4p per 100g,
Loyd Grossman Tikka Masala Medium Curry Sauce,Loyd Grossman Tikka Masal…350g,£1.75,50p per 100g,"Offer price £1.75, was £2.99"
Loyd Grossman Tomato & Basil No Added Sugar,Loyd Grossman Tomato & Basil No Added Sugar350g,£2.99,85.4p per 100g,
Loyd Grossman Tomato & Basil No Added Sugar,Loyd Grossman Tomato & Basil No Added Sugar660g,£3,45.4p per 100g,"Offer price £3, was £4.49"
Loyd Grossman Tomato & Basil Pasta Sauce,Loyd Grossman Tomato & Basil Pasta Sauce350g,£2.99,85.4p per 100g,
Loyd Grossman Tomato & Basil Sauce,Loyd Grossman Tomato & Basil Sauce660g,£3,45.4p per 100g,"Offer price £3, was £4.49"
Loyd Grossman Tomato & Chilli No Added Sugar,Loyd Grossman Tomato & Chilli No Added Sugar350g,£2.99,85.4p per 100g,
Loyd Grossman Tomato & Chilli Pasta Sauce,Loyd Grossman Tomato & Chilli Pasta Sauce350g,£2.99,85.4p per 100g,
Loyd Grossman Tomato & Chilli Sauce,Loyd Grossman Tomato & Chilli Sauce660g,£3,45.4p per 100g,"Offer price £3, was £4.49"
Loyd Grossman Tomato & Red Wine Pasta Sauce ,Loyd Grossman Tomato & Red Wine Pasta Sauce 350g,£2.99,85.4p per 100g,
Loyd Grossman Tomato & Roasted Garlic Pasta Sauce,Loyd Grossman Tomato & Roas…350g,£2.99,85.4p per 100g,
Loyd Grossman Tomato & Smoked Bacon Pasta Sauce,Loyd Grossman Tomato & Sm…350g,£2.99,85.4p per 100g,
Loyd Grossman Tomato & Sweet Red Pepper Pasta Sauce,Loyd Grossman Tomato & Sweet…350g,£2.99,85.4p per 100g,
Loyd Grossman White Lasagne Sauce 30% Less Fat,Loyd Grossman White Lasag…440g,£3.49,79.3p per 100g,
Lucy's Honey Mustard Golden Dressing,Lucy's Honey Mustard Golden Dressing250ml,£2.85,£1.14 per 100ml,
Lu Le Petit Beurre,Lu Le Petit Beurre167g,£1.25,74.8p per 100g,"Offer price £1.25, was £1.50"
Lu Le Petit Biscotte Crunchy Cinnamon And Brown Sugar Biscuits,Lu Le Petit Biscotte Crunchy Cinnam…200g,£1.25,62.5p per 100g,"Offer price £1.25, was £1.50"
Lu Le Petit Chocolat,Lu Le Petit Chocolat150g,£1.25,83.3p per 100g,"Offer price £1.25, was £1.50"
Lu Le Petit Citron Lemon Flavoured Soft Bakes,Lu Le Petit Citron Lemon Flavoured Soft Bakes140g,£1.25,89.2p per 100g,"Offer price £1.25, was £1.50"
Lykkeberg Lumpfish Caviar,Lykkeberg Lumpfish Caviar50g,£3,£6.00 per 100g,
Lyle's Black Treacle,Lyle's Black Treacle454g,£1.75,38.5p per 100g,
Lyle's Golden Syrup,Lyle's Golden Syrup454g,£1.75,38.5p per 100g,
Lyle's Golden Syrup,Lyle's Golden Syrup907g,£2.50,27.6p per 100g,
Lyle's Golden Syrup ,Lyle's Golden Syrup 325g,£1,30.8p per 100g,
Lyle's Golden Syrup,Lyle's Golden Syrup700g,£2.19,31.3p per 100g,
Lyle's Topping Syrup Maple Flavour,Lyle's Topping Syrup Maple Flavour325g,£1.50,46.1p per 100g,"Offer price £1.50, was £2"
Lyons Rich Tea Biscuits ,Lyons Rich Tea Biscuits 300g,50p,16.7p per 100g,
M&M's Brownie Large Egg,M&M's Brownie Large Egg222g,£3.25,£1.46 per 100g,
M&M's Chocolate More To Share Pouch,M&M's Chocolate More To Share Pouch220g,£2.50,£1.14 per 100g,
M&M's Crispy Chocolate More to Share Pouch Bag,M&M's Crispy Chocolate More to Share Pouch Bag213g,£2.50,£1.17 per 100g,
M&M's Crispy Milk Chocolate Bites Pouch Bag ,M&M's Crispy Milk Choco…107g,£1.50,£1.40 per 100g,
M&M's Crunchy Peanut & Milk Chocolate Bites Pouch Bag,M&M's Crunchy Peanut & Milk C…125g,£1.50,£1.20 per 100g,
M&M's Milk Chocolate Bites Pouch Bag,M&M's Milk Chocolate Bites Pouch Bag125g,£1.50,£1.20 per 100g,
M&M's Milk Chocolate Easter Shape With Mini Chocolate,M&M's Milk Chocolate Easter S…100g,£2,£2.00 per 100g,
M&M's Milk Chocolate Speckled Mini Easter Eggs Pouch Bag,M&M's Milk Chocolate Speckled M…80g,£1,£1.25 per 100g,"Offer price £1, was £1.25"
M&M's Peanut Chocolate More to Share Pouch Bag,M&M's Peanut Chocolate More to Share Pouch Bag220g,£2.50,£1.14 per 100g,
Ma Baker Giant Bar Apple ,Ma Baker Giant Bar Apple 90g,89p,98.9p per 100g,
Ma Baker Giant Bar Cherry ,Ma Baker Giant Bar Cherry 90g,89p,98.9p per 100g,
Ma Baker Raspberry Flapjacks Sugar'D Out 4 Pack,Ma Baker Raspberry Flapja…4 x 50g,£2.60,13p per 10g,
Ma Baker Sugar'D Out Apricot Flapjacks 4 Pack,Ma Baker Sugar'D Out Apricot Flapjacks 4 Pack4 x 50g,£2.60,13p per 10g,
Mackays Apricot Preserve,Mackays Apricot Preserve340g,£1.50,44.1p per 100g,
Mackays Blueberry Preserve,Mackays Blueberry Preserve340g,£1.50,44.1p per 100g,
Mackays Ginger Preserve  ,Mackays Ginger Preserve  340g,£1.50,44.1p per 100g,
Mackays Rhubarb & Ginger Preserve,Mackays Rhubarb & Ginger Preserve340g,£1.50,44.1p per 100g,
Mackays Scottish Blackcurrant Preserve,Mackays Scottish Blackcurrant Preserve340g,£1.50,44.1p per 100g,
Mackays Scottish Raspberry Preserve,Mackays Scottish Raspberry Preserve340g,£1.50,44.1p per 100g,
Mackays Scottish Strawberry Preserve,Mackays Scottish Strawberry Preserve340g,£1.50,44.1p per 100g,
Mackays Scottish Three Berry Preserve,Mackays Scottish Three Berry Preserve340g,£1.50,44.1p per 100g,
Mackays Seedless Bramble Preserve,Mackays Seedless Bramble Preserve340g,£1.50,44.1p per 100g,
Mackays Seedless Raspberry Preserve,Mackays Seedless Raspberry Preserve340g,£1.99,58.5p per 100g,
Mackays Seville Orange Marmalade,Mackays Seville Orange Marmalade340g,£1.30,38.2p per 100g,
Mackays The Dundee Orange Marmalade,Mackays The Dundee Orange Marmalade340g,£1.30,38.2p per 100g,
Mackays Three Fruit Marmalade,Mackays Three Fruit Marmalade340g,£1.30,38.2p per 100g,
Mackays Vintage Dundee Orange Marmalade,Mackays Vintage Dundee Orange Marmalade340g,£1.30,38.2p per 100g,
Madina Ajwa Dates ,Madina Ajwa Dates 200g,£3,£1.50 per 100g,
Maggi 2 Minute Chicken Flavour Noodles ,Maggi 2 Minute Chicken Flavour Noodles 75g,55p,73.3p per 100g,Buy 3 for £1.20
Maggi 2 Minute Curry Noodles,Maggi 2 Minute Curry Noodles79g,55p,£6.96 per kg,Buy 3 for £1.20
Maggi Juicy Chasseur Chicken Herb and Spice Seasoning Mix,Maggi Juicy Chasseur Chicken Herb…38g,£1,26.3p per 10g,
Maggi Juicy Chicken Cajun Seasoning,Maggi Juicy Chicken Cajun Seasoning38g,£1,£2.63 per 100g,
Maggi Juicy Chicken Mediterranean,Maggi Juicy Chicken Mediterranean37g,£1,£2.70 per 100g,
Maggi  Juicy Creamy Butter Chicken Herb and Spice Seasoning Mix,Maggi  Juicy Creamy Butter Chicken He…46g,£1,£2.17 per 100g,
Maggi Juicy Garlic Chicken Herb and Spice Seasoning Mix,Maggi Juicy Garlic Chicken Herb…30g,£1,33.3p per 10g,
Maggi Juicy Paprika Chicken Herb and Spice Seasoning Mix,Maggi Juicy Paprika Chicken Her…30g,£1,£3.33 per 100g,
Maggi Juicy Smoky Piri Piri Chicken Herb and Spice Seasoning Mix,Maggi Juicy Smoky Piri Piri Chicken H…27g,£1,£3.70 per 100g,
Maggi Juicy Sticky BBQ Chicken Herb and Spice Seasoning Mix,Maggi Juicy Sticky BBQ Chicken He…47g,£1,£2.13 per 100g,
Maggi Juicy Sweet Chilli Halloumi Herb and Spice Seasoning Mix,Maggi Juicy Sweet Chilli Halloumi H…44g,£1,£2.27 per 100g,
Maggi Seasoning Liquid,Maggi Seasoning Liquid100ml,£1.25,£1.25 per 100ml,
Maggi So Juicy Italian Chicken Recipe Mix,Maggi So Juicy Italian Chicken Recipe Mix37g,£1,27p per 10g,
Maggi So Juicy Mixed Herbs Chicken Recipe Mix,Maggi So Juicy Mixed Herbs Chicken Recipe Mix30g,£1,£3.33 per 100g,
Maille Hollandaise Sauce ,Maille Hollandaise Sauce 200g,£3,£1.50 per 100g,
Maille Original Dijon Mustard,Maille Original Dijon Mustard215g,£2.75,£1.28 per 100g,
Maille Wholegrain Mustard,Maille Wholegrain Mustard210g,£2.75,£1.31 per 100g,
Malay Nasi Goreng Kit ,Malay Nasi Goreng Kit 165g,£2,£1.21 per 100g,
Malay Taste Laksa Kit ,Malay Taste Laksa Kit 220g,£2,90.9p per 100g,
Maldon Sea Salt,Maldon Sea Salt250g,£2.49,99.6p per 100g,
Maldon Sea Salt Flakes Perfectly Crushed ,Maldon Sea Salt Flakes Perfectly Crushed 55g,£3.50,£6.36 per 100g,
Malteser Medium Easter Egg 127G,Malteser Medium Easter Egg 127G127g,£1.50,£1.18 per 100g,Save 50p Off Your Next Shop
Maltesers Biscuits,Maltesers Biscuits110g,£1.55,£1.41 per 100g,
Maltesers Chocolate Bunny Extra Large Easter Egg,Maltesers Chocolate Bunny E…265g,£5,£1.89 per 100g,
Maltesers Chocolate Truffles Luxury Easter Egg,Maltesers Chocolate Truffles Luxury Easter Egg286g,£10,£3.50 per 100g,
Maltesers Dark Core Pouch,Maltesers Dark Core Pouch88g,£1.50,£1.70 per 100g,
Maltesers Easter Chocolate Bunny,Maltesers Easter Chocolate Bunny,70p,,Buy 2 for £1
Maltesers Easter Chocolate Mini Bunnies Bag,Maltesers Easter Chocol…58g,£1.25,£2.16 per 100g,Maltesers Easter Egg Bundle for £4
Maltesers Giant Large Egg,Maltesers Giant Large Egg496g,£10,£2.02 per 100g,
Maltesers Milk Chocolate & Honeycomb Bites Bag Fairtrade ,Maltesers Milk Chocolate & Honeyc…102g,£1.50,£1.47 per 100g,
Maltesers Milk Chocolate & Honeycomb Full Size Bags Multipack ,Maltesers Milk Chocolate & Honeycom…3 x 37g,£1.65,£1.49 per 100g,"Offer price £1.65, was £1.95"
Maltesers Milk Chocolate & Honeycomb Funsize Snack Bags Fairtrade,Maltesers Milk Chocolate & Honeycomb…214.5g,£4,£1.86 per 100g,
Maltesers Milk Chocolate & Honeycomb Gift Box of Chocolates Fairtrade ,Maltesers Milk Chocolate & Honeycomb Gift…310g,£4.25,£1.37 per 100g,
Maltesers Milk Chocolate & Honeycomb Sharing Pouch Bag,Maltesers Milk Chocolate & Hone…175g,£2.50,£1.43 per 100g,
Maltesers Orange Bunny ,Maltesers Orange Bunny 29g,70p,£2.41 per 100g,Buy 2 for £1
Maltesers Teasers Milk Chocolate & Honeycomb Block Bar,Maltesers Teasers Milk Chocolat…100g,£1.50,£1.50 per 100g,
Maltesers Teasers Milk Chocolate & Honeycomb Block Sharing Bar,Maltesers Teasers Milk Chocolate &…150g,£2,£1.33 per 100g,
Maltesers Teasers Milk Chocolate Large Easter Egg,Maltesers Teasers Milk Choc…220g,£3.25,£1.48 per 100g,Maltesers Easter Egg Bundle for £4
Maltesers White Chocolate Mini Bunnies Bag ,Maltesers White Chocola…58g,£1.25,£2.16 per 100g,
Mama Instant Vermicelli Noodles ,Mama Instant Vermicelli Noodles 225g,£1.85,£8.22 per kg,
Manomasa Chilli & Honey,Manomasa Chilli & Honey140g,£2,£1.43 per 100g,
Manomasa Chipotle & Lime ,Manomasa Chipotle & Lime 140g,£2,£1.43 per 100g,
Maoam Joystixx Sweets Share Bag,Maoam Joystixx Sweets Share Bag140g,£1.25,89.3p per 100g,
Maoam Mao Mixx Share Bag,Maoam Mao Mixx Share Bag300g,£2.60,86.7p per 100g,
Maoam Pinballs Sweets Share Bag,Maoam Pinballs Sweets Share Bag140g,£1.25,89.3p per 100g,
Maoam Stripes Sweets Share Bag,Maoam Stripes Sweets Share Bag140g,£1.25,89.3p per 100g,
Marigold Engevita B12 Nutritional Yeast Flakes ,Marigold Engevita B12 Nutritional Yeast Flakes 100g,£3.90,£3.90 per 100g,
Marigold Swiss Vegetable Bouillon Powder,Marigold Swiss Vegetable Bouillon Powder150g,£2.29,£1.53 per 100g,
Market Street Deli Caramelised Onion Chutney,Market Street Deli Cara…195g,£1.25,64.1p per 100g,
Market Street Deli Fig & Honey Chutney,Market Street Deli Fig & Honey Chutney195g,£1.25,64.1p per 100g,
Market Street Deli Habanero Chilli Jam,Market Street Deli Habanero Chilli Jam210g,£1.25,59.5p per 100g,
Marmite Rice Cakes,Marmite Rice Cakes110g,£1.59,£1.45 per 100g,
Marmite Spread Yeast Extract,Marmite Spread Yeast Extract500g,£5.85,£1.17 per 100g,
Marmite Yeast Extract,Marmite Yeast Extract250g,£3.35,£1.34 per 100g,
"Mars Caramel, Nougat & Milk Chocolate Snack Bars Multipack","Mars Caramel, Nougat & Milk Choco…4 x 39.4g",£1.65,£1.05 per 100g,"Offer price £1.65, was £1.95"
"Mars Caramel, Nougat & Milk Chocolate Snack Bars Multipack","Mars Caramel, Nougat & Milk Choco…8 x 33.8g",£2.50,92.5p per 100g,
Marshalls Macaroni  ,Marshalls Macaroni  500g,£1.35,£2.70 per kg,
Marshalls Pasta Spirali,Marshalls Pasta Spirali500g,£1.35,£2.70 per kg,
Mars Milk Chocolate Large Easter Egg ,Mars Milk Chocolate Large Easter Egg 252g,£3.25,£1.29 per 100g,
Mars Triple Treat Fruit & Nut Milk Chocolate Snack Bars Multipack,Mars Triple Treat Fruit & Nut Milk Ch…4 x 32g,£1.75,£1.37 per 100g,
Mars Triple Treat Fruit & Nut Milk Chocolate Snack Bar with Fudge Pieces,Mars Triple Treat Fruit & Nut Milk Chocolat…40g,65p,£1.63 per 100g,
Maryland Cookies Choc Chip,Maryland Cookies Choc Chip200g,75p,37.5p per 100g,"Offer price 75p, was £1.50"
Maryland Cookies Choc Chip Twin Pack,Maryland Cookies Choc Chip Twin Pack400g,£2,50p per 100g,
Maryland Cookies Double Chocolate,Maryland Cookies Double Chocolate200g,75p,37.5p per 100g,"Offer price 75p, was £1.50"
Maryland Cookies Minis Choc Chip 6 Mini Bags ,Maryland Cookies Minis Choc Chip 6 Mini Bags 118.8g,£1.20,£1.01 per 100g,
Maryland Cookies Minis Double Choc 6 Mini Bags,Maryland Cookies Minis Double Choc 6 Mini Bags118.8g,£1.20,£1.01 per 100g,
Mattessons Smoked Pork Sausage Garlic ,Mattessons Smoked Pork Sausage Garlic 160g,£2,£1.25 per 100g,
Mattessons Smoked Pork Sausage Original ,Mattessons Smoked Pork Sausage Original 160g,£2,£1.25 per 100g,
Mattessons Smoked Pork Sausage Original,Mattessons Smoked Pork Sausage Original260g,£2.50,£9.61 per kg,"Offer price £2.50, was £2.85"
Mattessons Smoked Pork Sausage Reduced Fat ,Mattessons Smoked Pork Sausage Reduced Fat 160g,£2,£1.25 per 100g,
Maynard Bassets Sports Mix,Maynard Bassets Sports Mix130g,£1.25,96.2p per 100g,
Maynard Bassetts Jelly Babies Easter Chicks Bag,Maynard Bassetts Jelly Babies Easter Chicks Bag165g,75p,45.5p per 100g,"Offer price 75p, was £1"
Maynard Bassett Wine Gums ,Maynard Bassett Wine Gums 130g,£1.25,96.2p per 100g,
Maynards Bassetts Jelly Babies Berry Mix Sweet Bag,Maynards Bassetts Jelly Bab…165g,£1.25,75.8p per 100g,
Maynards Bassetts Jelly Babies Carton,Maynards Bassetts Jelly Babies Carton350g,£3,85.7p per 100g,
Maynards Bassetts Jelly Babies Sweets Bag,Maynards Bassetts Jelly Babies Sweets Bag190g,£1.50,78.9p per 100g,
Maynards Bassetts Liquorice Allsorts Carton,Maynards Bassetts Liquorice Allsorts Carton350g,£3,85.7p per 100g,
Maynards Bassetts Liquorice Allsorts Sweets Bag,Maynards Bassetts Liquori…190g,£1.50,78.9p per 100g,
Maynards Bassetts Murray Mints Bag,Maynards Bassetts Murray Mints Bag193g,£1.25,64.8p per 100g,
Maynards Bassetts Wine Gums Carton,Maynards Bassetts Wine Gums Carton350g,£3,85.7p per 100g,
Maynards Fizzy Fish Sweet Bag,Maynards Fizzy Fish Sweet Bag160g,£1.25,78.1p per 100g,
Maynards Midget Gems Pouch Sweet Bag,Maynards Midget Gems Pouch Sweet Bag160g,£1.25,78.1p per 100g,
Maynards Sports Mix Sweet Bag,Maynards Sports Mix Sweet Bag190g,£1.50,78.9p per 100g,
Maynards Wine Gums Sweet Bag,Maynards Wine Gums Sweet Bag190g,£1.50,78.9p per 100g,
Mazola 100% Pure Rapeseed Oil ,Mazola 100% Pure Rapeseed Oil 1L,£3.50,35p per 100ml,"Offer price £3.50, was £3.99"
Mazola Pure Corn Oil,Mazola Pure Corn Oil1L,£4.75,47.5p per 100ml,
McCoy's Cheddar & Onion Grab,McCoy's Cheddar & Onion Grab45g,99p,£2.20 per 100g,
McCoy's Cheddar & Onion Multipack Crisps 6 Pack,McCoy's Cheddar & Onion Multipack Crisps 6 Pack6 x 25g,£2.25,£1.50 per 100g,Buy 2 for £3
McCoy's Classic Variety Multipack Crisps 6 Pack,McCoy's Classic Variety Multipack Crisps 6 Pack6 x 25g,£2.25,£1.50 per 100g,Buy 2 for £3
McCoy's Flame Grilled Steak Crisps,McCoy's Flame Grilled Steak Crisps45g,99p,£2.20 per 100g,
McCoy's Flame Grilled Steak Multipack Crisps 6 Pack,McCoy's Flame Grilled Steak M…6 x 25g,£2.25,£1.50 per 100g,Buy 2 for £3
McCoy's Ridge Cut Mighty Meaty,McCoy's Ridge Cut Mighty Meaty6 x 25g,£2.25,£1.50 per 100g,Buy 2 for £3
McCoy's Salt & Malt Vinegar Multipack Crisps 6 Pack,McCoy's Salt & Malt Vinegar M…6 x 25g,£2.25,£1.50 per 100g,Buy 2 for £3
McCoy's Salt & Vinegar Grab Bag ,McCoy's Salt & Vinegar Grab Bag 45g,99p,£2.20 per 100g,
McDougalls 30% Whole Grain Plain Flour,McDougalls 30% Whole Grain Plain Flour1kg,£1.65,£1.65 per kg,"Offer price £1.65, was £2"
McDougalls 30% Whole Grain Self Flour,McDougalls 30% Whole Grain Self Flour1kg,£1.65,£1.65 per kg,"Offer price £1.65, was £2"
McDougalls Granules For Thickening,McDougalls Granules For Thickening170g,95p,£5.59 per kg,
McDougalls Plain Flour,McDougalls Plain Flour1.1kg,£1.65,15p per 100g,
McDougalls Self Raising Flour,McDougalls Self Raising Flour1.1kg,£1.65,15p per 100g,
McDougalls Supreme Sponge Premium Self Raising Flour,McDougalls Supreme Sponge Pre…1kg,£2.49,£2.49 per kg,
McVitie's 6 Pack Iced Gems Fruit Flavour Iced Topped Biscuits,McVitie's 6 Pack Iced Gems Fruit Fl…6 x 23g,£1.25,90.6p per 100g,
McVitie's Blissfuls Belgian Milk Chocolate & Caramel,McVitie's Blissfuls Belgian Milk Chocolate & Caramel228g,£2,87.7p per 100g,"Offer price £2, was £2.60"
McVitie's Blissfuls Belgian Milk Chocolate & Hazelnut,McVitie's Blissfuls Belgian Milk Chocolate & Hazelnut228g,£2,87.7p per 100g,"Offer price £2, was £2.60"
McVitie's BN 16 Chocolate Flavour Biscuits,McVitie's BN 16 Chocolate Flavour Biscuits285g,£1.25,43.9p per 100g,
McVitie's BN 16 Vanilla Flavour Biscuits,McVitie's BN 16 Vanilla Flavour Biscuits285g,£1.25,43.9p per 100g,
Mcvities Caramel Digestives,Mcvities Caramel Digestives250g,£1.99,79.6p per 100g,
Mcvitie's Club Mint Chocolate 7 Bars,Mcvitie's Club Mint Chocolate 7 Bars161g,£1,62.3p per 100g,"Offer price £1, was £1.75"
Mcvitie's Club Orange Chocolate 7 Bars,Mcvitie's Club Orange Chocolate 7 Bars161g,£1,62.3p per 100g,"Offer price £1, was £1.75"
McVitie's Club Salted Caramel Chocolate Bar,McVitie's Club Salted Caramel Chocolate Bar7 x 161g,£1,8.9p per 100g,"Offer price £1, was £1.75"
McVitie's Dark Chocolate Digestive Biscuits,McVitie's Dark Chocolate Digestive Biscuits266g,£1.50,56.4p per 100g,"Offer price £1.50, was £1.89"
McVitie's Digestives Dark Chocolate,McVitie's Digestives Dark Chocolate400g,£2.25,56.3p per 100g,
Mcvitie's Digestives Dark Chocolate Twin Pack ,Mcvitie's Digestives Dark Chocolate Twin Pack 2 x 266g,£2.65,49.8p per 100g,
McVitie's Digestives Milk Chocolate,McVitie's Digestives Milk Chocolate400g,£2.25,56.3p per 100g,
McVitie's Digestives Milk Chocolate Twin Pack ,McVitie's Digestives Milk Chocolate Twin Pack 2 x 266g,£2.65,49.8p per 100g,
McVitie's Family Circle Biscuit Variety ,McVitie's Family Circle Biscuit Variety 310g,£2.99,96.5p per 100g,
McVitie's Fruit Shortcake Biscuits,McVitie's Fruit Shortcake Biscuits200g,£1.49,74.5p per 100g,
McVitie's Ginger Nuts Biscuits,McVitie's Ginger Nuts Biscuits250g,£1.49,59.6p per 100g,
McVitie's Gold Bars,McVitie's Gold Bars7 x 128.4g,£1,11.1p per 100g,"Offer price £1, was £1.75"
McVitie's Gold Biscuits Bars,McVitie's Gold Biscuits Bars8 x 22g,£1.50,85.2p per 100g,
McVitie's Hobnobs Milk Chocolate Biscuits,McVitie's Hobnobs Milk Chocolate Biscuits262g,£1.50,57.2p per 100g,"Offer price £1.50, was £1.89"
McVitie's Hobnobs Milk Chocolate Biscuits,McVitie's Hobnobs Milk Chocolate Biscuits431g,£3,69.6p per 100g,
McVitie's Hobnobs Milk Chocolate Twin Pack,McVitie's Hobnobs Milk Chocolate Twin Pack2 x 262g,£2.65,50.6p per 100g,
McVities Hob Nobs Original,McVities Hob Nobs Original255g,£1.49,58.4p per 100g,
McVitie's Iced Gems Chocolate Multipack Biscuits,McVitie's Iced Gems Chocola…5 x 19g,£1.25,£1.32 per 100g,
Mcvitie's Jaffa Cakes Jonuts 4 Pack,Mcvitie's Jaffa Cakes Jonuts 4 Pack172g,£1.50,87.4p per 100g,"Offer price £1.50, was £1.99"
McVitie's Jaffa Cakes Original Biscuits 10 Pack,McVitie's Jaffa Cakes Original Biscuits 10 Pack122g,£1.25,£1.02 per 100g,
McVitie's Jaffa Cakes Original Triple Pack Biscuits 30 Pack,McVitie's Jaffa Cakes Original Tr…30 per pack,£2.75,9.2p each,
McVitie's Jaffa Cakes Original Twin Pack Biscuits 20 Pack,McVitie's Jaffa Cakes Original Tw…244g,£1.50,61.5p per 100g,"Offer price £1.50, was £1.99"
McVitie's Milk Chocolate Digestive Biscuits,McVitie's Milk Chocolate Digestive Biscuits266g,£1.50,56.4p per 100g,"Offer price £1.50, was £1.89"
Mcvitie's Mini BN Chocolate Flavour,Mcvitie's Mini BN Chocolate Flavour5 x 25g,£1.25,£1.00 per 100g,
McVitie's Mini BN Strawberry Flavour,McVitie's Mini BN Strawberry Flavour5 x 25g,£1.25,£1.00 per 100g,
Mcvitie's Original Digestives Biscuits,Mcvitie's Original Digestives Biscuits360g,£1.79,49.7p per 100g,
Mcvitie's Original Digestive Twin Pack,Mcvitie's Original Digestive Twin Pack720g,£3,41.7p per 100g,
Mcvities Penguin Milk Chocolate Biscuit Bar,Mcvities Penguin Milk Chocolate Biscuit Bar14 x 344.4g,£2,4.1p per 100g,
Mcvities Penguin Mint Chocolate Biscuit Bar,Mcvities Penguin Mint Chocolate Biscuit Bar7 x 172g,£1,8.3p per 100g,"Offer price £1, was £1.75"
Mcvitie's Penguin Orange Chocolate Biscuit Bar,Mcvitie's Penguin Orange Chocolate Biscuit Bar7 x 172g,£1,8.3p per 100g,"Offer price £1, was £1.75"
McVitie's Rich Tea Classic Biscuits,McVitie's Rich Tea Classic Biscuits300g,£1.79,59.7p per 100g,
McVitie's Rich Tea Classic Biscuits Twin Pack,McVitie's Rich Tea Classic Biscuits Twin Pack2 x 300g,£3,50p per 100g,
Medahuman Energy ,Medahuman Energy 250ml,£2,80p per 100ml,"Offer price £2, was £2.50"
Medahuman Glow,Medahuman Glow250ml,£2,80p per 100ml,"Offer price £2, was £2.50"
Medahuman Night,Medahuman Night250ml,£2,80p per 100ml,"Offer price £2, was £2.50"
Medahuman Recover ,Medahuman Recover 250ml,£2,80p per 100ml,"Offer price £2, was £2.50"
Medahuman Relax ,Medahuman Relax 250ml,£2,80p per 100ml,"Offer price £2, was £2.50"
Melis Capers In Brine,Melis Capers In Brine180g,£1.49,82.8p per 100g,
Melis Pickled Gherkins (720ml),Melis Pickled Gherkins (720ml)680g,£1.59,23.4p per 100g,
Mellow Birds Instant Coffee Powder,Mellow Birds Instant Coffee Powder100g,£2.25,£2.25 per 100g,
Mentos Chewy Dragees Spearmint Rolls,Mentos Chewy Dragees Spearmint Rolls5 x 38g,£1.80,94.7p per 100g,
Mentos Gum Pure Fresh Cherry Sugar Free Chewing Gum Bottle 50 Pieces,Mentos Gum Pure Fresh Cherry…100g,£2.79,£2.79 per 100g,
Mentos Gum Pure Fresh Freshmint Sugar Free Chewing Gum Bottle 50 Pieces,Mentos Gum Pure Fresh Freshmi…100g,£2.79,£2.79 per 100g,
Mentos Gum Pure Fresh Spearmint Sugar Free Chewing Gum Bottle 50 Pieces,Mentos Gum Pure Fresh Spearmi…100g,£2.79,£2.79 per 100g,
Mentos Gum White Bubble Fresh Sugar Free Chewing Gum Bottle 40 Pieces,Mentos Gum White Bubble Fresh…60g,£1.29,£2.15 per 100g,
Mentos Gum White Peppermint Sugar Free Chewing Gum Bottle 40 Pieces,Mentos Gum White Peppermint…40 per pack,£1.29,3.2p each,
Merchant Gourmet Chestnuts Puree,Merchant Gourmet Chestnuts Puree200g,80p,£4.00 per kg,
Merchant Gourmet Fiery Jamaican Style Pulses & Grains,Merchant Gourmet Fiery Jamaic…250g,£1.50,£6.00 per kg,"Offer price £1.50, was £2"
Merchant Gourmet Grains Rice & Quinoa ,Merchant Gourmet Grains Rice & Quinoa 250g,£2,£8.00 per kg,
Merchant Gourmet Lentil Madras Curry,Merchant Gourmet Lentil Madras Curry330g,£2.50,£7.58 per kg,"Offer price £2.50, was £3.50"
Merchant Gourmet Lentil Thai Green Curry,Merchant Gourmet Lentil Thai Green Curry330g,£2.50,£7.58 per kg,"Offer price £2.50, was £3.50"
Merchant Gourmet Moreish Mediterranean Grains,Merchant Gourmet Moreish…250g,£1.50,£6.00 per kg,"Offer price £1.50, was £2"
Merchant Gourmet Pesto-Ey Italian - Infused Grains,Merchant Gourmet Pesto-Ey Italian - Infused Grains250g,£2,£8.00 per kg,
Merchant Gourmet Puy Lentils,Merchant Gourmet Puy Lentils250g,£2,£8.00 per kg,
Merchant Gourmet Puy Lentils Tomato & Basil,Merchant Gourmet Puy Lentils Tomato & Basil250g,£2,£8.00 per kg,
Merchant Gourmet Rich Puy Lentil Bolognese,Merchant Gourmet Rich Puy Lentil Bolognese330g,£2.50,£7.58 per kg,"Offer price £2.50, was £3.50"
Merchant Gourmet Spanish Quinoa,Merchant Gourmet Spanish Quinoa250g,£2,£8.00 per kg,
Merchant Gourmet Spicy Cajun Style Lentils & Red Kidney Beans ,Merchant Gourmet Spicy Cajun Style…250g,£1.50,£6.00 per kg,"Offer price £1.50, was £2"
Merchant Gourmet Spicy Lentil Chilli ,Merchant Gourmet Spicy Lentil Chilli 330g,£2.50,£7.58 per kg,"Offer price £2.50, was £3.50"
Merchant Gourmet Spicy Mexican-Style Grains & Pulses,Merchant Gourmet Spicy Mexica…250g,£1.50,£6.00 per kg,"Offer price £1.50, was £2"
Merchant Gourmet Sun Dried Tomatoes,Merchant Gourmet Sun Dried Tomatoes100g,£1.75,£1.75 per 100g,
Meridian Chocca Crunchy Chocolate Spread,Meridian Chocca Crunchy Chocolate Spread240g,£2,83.3p per 100g,"Offer price £2, was £3.29"
Meridian Crunchy Almond Butter,Meridian Crunchy Almond Butter170g,£3.45,£2.03 per 100g,
Meridian Crunchy Cashew Butter,Meridian Crunchy Cashew Butter170g,£3.30,£1.94 per 100g,
Meridian Crunchy Peanut Butter,Meridian Crunchy Peanut Butter280g,£2.80,£1.00 per 100g,
Meridian Crunchy Peanut Butter ,Meridian Crunchy Peanut Butter 1kg,£6.50,65p per 100g,
Meridian Crunchy Peanut Butter,Meridian Crunchy Peanut Butter470g,£3,63.8p per 100g,
Meridian Smooth Peanut Butter,Meridian Smooth Peanut Butter280g,£2.80,£1.00 per 100g,
Meridian Smooth Peanut Butter,Meridian Smooth Peanut Butter1kg,£6.50,65p per 100g,
Meridian Smooth Peanut Butter,Meridian Smooth Peanut Butter470g,£3,63.8p per 100g,
MezEast Middle Eastern Garlic Toum Sauce,MezEast Middle Eastern Garlic Toum Sauce170ml,£2.30,£1.35 per 100ml,
MezEast Middle Eastern Harissa Wrap Kit ,MezEast Middle Eastern Harissa Wrap Kit ,£3.69,,
MezEast Middle Eastern Pomegranate Sauce,MezEast Middle Eastern Pomegranate Sauce170ml,£2.30,£1.35 per 100ml,
MezEast Middle Eastern Shawarma Wrap Kit ,MezEast Middle Eastern Shawarma Wrap Kit ,£3.69,,
MezEast Middle Eastern Shish Wrap Kit ,MezEast Middle Eastern Shish Wrap Kit ,£3.69,,
MezEast Middle Eastern Tahini Sesame Sauce,MezEast Middle Eastern Tahini Sesame Sauce170ml,£2.30,£1.35 per 100ml,
Milka Yoghurt 100% Alpine Milk Chocolate,Milka Yoghurt 100% Alpine Milk Chocolate100g,£1.09,£1.09 per 100g,
Milkybar,Milkybar90g,£1.25,£1.39 per 100g,
Milkybar Buttons Gold Caramel White Chocolate Sharing Bag,Milkybar Buttons Gold Caramel Whi…86g,£1.35,£1.57 per 100g,
Milkybar Egg Hunt Pack 8 White Chocolate Eggs,Milkybar Egg Hunt Pack 8 White Chocolate Eggs120g,£3,£2.50 per 100g,
Milkybar Gold Caramel White Chocolate Sharing Bar ,Milkybar Gold Caramel White…85g,£1.25,£1.47 per 100g,
Milkybar Mini Egg Block,Milkybar Mini Egg Block90g,£1,£1.11 per 100g,"Offer price £1, was £1.25"
Milkybar White Chocolate Bar Pack of 6,Milkybar White Chocolate Bar Pack of 672g,£1.25,£1.74 per 100g,
Milkybar White Chocolate Giant Buttons Sharing Pouch,Milkybar White Chocolate Gian…94g,£1.35,£1.44 per 100g,
Milkybar White Chocolate Large Easter Bunny,Milkybar White Chocolate Large Easter Bunny88g,£2,£2.27 per 100g,
Milkybar White Chocolate Mini Eggs Sharing Pouch,Milkybar White Chocolate Mini Eggs Sharing Pouch80g,£1.25,£1.56 per 100g,
Milkybar White Chocolate Small Bunny,Milkybar White Chocolate Small Bunny17g,70p,£4.12 per 100g,Buy 2 for £1.20
Milkyway Biscuits,Milkyway Biscuits108g,£1,92.6p per 100g,
Milky Way Magic Stars Milk Chocolate Bites Pouch Bag,Milky Way Magic Stars Milk Ch…100g,£1.50,£1.50 per 100g,
Milky Way Nougat & Milk Chocolate Snack Bars Multipack,Milky Way Nougat & Milk Chocola…6 x 21.5g,£1.65,£1.28 per 100g,"Offer price £1.65, was £1.95"
Milton's Craft Bakers Original Multi-Grain Baked Crackers,Milton's Craft Bakers Original Mu…170g,£1.39,81.8p per 100g,
Mini Oreo Bags ,Mini Oreo Bags 114g,£1,87.7p per 100g,
Moma Jumbo Oat Porridge Peanut Butter & Maple Syrup Sachets,Moma Jumbo Oat Porridge Peanut Bu…8 x 35g,£2.75,98.2p per 100g,
Moma Porridge Raspberry Chia & Pumpkin Seeds Sachets,Moma Porridge Raspberry Chia…8 x 35g,£2.75,98.2p per 100g,
Monster Munch Roast Beef,Monster Munch Roast Beef6 x 20g,£1.75,£1.46 per 100g,Buy 2 for £3
M Organic Squeezy Pure Clear Honey,M Organic Squeezy Pure Clear Honey340g,£3.35,98.5p per 100g,
Mornflake Creamy Superfast Oats,Mornflake Creamy Superfast Oats3kg,£3,10p per 100g,
"Mornflake Fruit, Nut & Seed No Added Sugar Granola","Mornflake Fruit, Nut & Seed…500g",£2.65,53p per 100g,
Mornflake Hawaiian Oat Granola,Mornflake Hawaiian Oat Granola500g,£1.89,37.8p per 100g,
Mornflake Jumbo Oats,Mornflake Jumbo Oats500g,£1,20p per 100g,
Mornflake Luxury Muesli Fruit & Nut,Mornflake Luxury Muesli Fruit & Nut750g,£2.29,30.5p per 100g,
Mornflake Mighty Oats Original Heart Healthy Oatbran,Mornflake Mighty Oats Origina…800g,£2.59,32.4p per 100g,
Mornflake Mighty Oats Scottish Jumbo Oats,Mornflake Mighty Oats Scottish Jumbo Oats1.5kg,£2.80,18.7p per 100g,
Mornflake Oatmeal Medium,Mornflake Oatmeal Medium750g,£1.60,21.3p per 100g,
Mornflake Original Oat Granola,Mornflake Original Oat Granola500g,£1.89,37.8p per 100g,
Mornflake Superfast Oats,Mornflake Superfast Oats2kg,£3.09,15.5p per 100g,
Morriosons Sticky Toffee Pudding Kit,Morriosons Sticky Toffee Pudding Kit,£2,,
Morrison Lemon & Coriander Couscous,Morrison Lemon & Coriander Couscous110g,65p,£5.91 per kg,
Morrisons 100% Crunchy Peanut Butter,Morrisons 100% Crunchy Peanut Butter340g,£1.80,52.9p per 100g,
Morrisons 100% Smooth Peanut Butter,Morrisons 100% Smooth Peanut Butter340g,£1.80,52.9p per 100g,
Morrisons 25% Balsamic Vinegar For Cold Dishes,Morrisons 25% Balsamic Vinegar For Cold Dishes250ml,£1.09,£4.36 per litre,
Morrisons 25cm Cake Board,Morrisons 25cm Cake Board,£1.65,,
Morrisons All Purpose Seasoning,Morrisons All Purpose Seasoning48g,£1.09,£2.27 per 100g,Buy 2 for £2
Morrisons Allspice,Morrisons Allspice40g,£1.09,£2.73 per 100g,Buy 2 for £2
"Morrisons Almond, Fruit & Seed Porridge Breakfast Topper","Morrisons Almond, Fruit & Seed…200g",£1.75,87.5p per 100g,
Morrisons Almond Fingers   ,Morrisons Almond Fingers   6 per pack,£1.39,23.2p each,
Morrisons American Mustard ,Morrisons American Mustard 325g,£1.59,48.9p per 100g,
Morrisons American Pancake Mix,Morrisons American Pancake Mix,£1,,
Morrisons Anytime Decaff Ground Coffee,Morrisons Anytime Decaff Ground Coffee227g,£2.79,£1.23 per 100g,
Morrisons Anytime Ground Coffee,Morrisons Anytime Ground Coffee227g,£2.79,£1.23 per 100g,
Morrisons Apollo,Morrisons Apollo4 x 38g,£1.15,75.7p per 100g,
Morrisons Apple & Cinnamon Porridge Pot,Morrisons Apple & Cinnamon Porridge Pot55g,59p,£1.07 per 100g,Porridge Pots Bundle - Buy Any 3 For £1.30
Morrisons Apple & Sultana Bar,Morrisons Apple & Sultana Bar150g,£1.99,£1.33 per 100g,
Morrisons Apple and Cinnamon Porridge 8 Sachets,Morrisons Apple and Cinna…288g,£1.15,39.9p per 100g,
Morrisons Apricot Halves in Juice (135g),Morrisons Apricot Halves in Juice (135g)135g,79p,58.5p per 100g,
Morrisons Apricot Halves in Juice (410g),Morrisons Apricot Halves in Juice (410g)240g,£1.09,45.4p per 100g,
Morrisons Aromatic Green Tea 40's,Morrisons Aromatic Green Tea 40's80g,£1.65,£2.06 per 100g,Buy 2 for £2
Morrisons Asian Slaw,Morrisons Asian Slaw340g,£1.79,52.6p per 100g,
Morrisons Aubergine Mezze ,Morrisons Aubergine Mezze 185g,£1.89,£1.02 per 100g,
Morrisons Bacon Flavour Instant Noodles,Morrisons Bacon Flavour Instant Noodles85g,55p,£6.47 per kg,
Morrisons Bacon Grill,Morrisons Bacon Grill300g,£2.09,69.7p per 100g,
Morrisons Bacon Rashers,Morrisons Bacon Rashers140g,£1.25,89.3p per 100g,Buy 2 for £2
Morrisons Baked Beans,Morrisons Baked Beans220g,35p,£1.59 per kg,
Morrisons Baked Beans,Morrisons Baked Beans410g,49p,£1.20 per kg,
Morrisons Baked Beans,Morrisons Baked Beans4 x 410g,£1.70,£1.04 per kg,
Morrisons Baked Beans & Sausages,Morrisons Baked Beans & Sausages215g,85p,£3.95 per kg,
Morrisons Baked Beans & Sausages,Morrisons Baked Beans & Sausages400g,£1.15,£2.88 per kg,
Morrisons Baking Caramel,Morrisons Baking Caramel400g,£2.99,74.8p per 100g,
Morrisons Baking Cocoa Powder ,Morrisons Baking Cocoa Powder 250g,£2.39,95.6p per 100g,
Morrisons Baking Powder,Morrisons Baking Powder160g,£1.35,84.4p per 100g,
Morrisons Balsamic Glaze         ,Morrisons Balsamic Glaze         250ml,£1.99,£7.96 per litre,
Morrisons Balti Sauce,Morrisons Balti Sauce500g,£1.19,23.8p per 100g,
Morrisons Barbecue Seasoning ,Morrisons Barbecue Seasoning 30g,79p,26.3p per 10g,
Morrisons Basil            ,Morrisons Basil            16g,£1.09,68.1p per 10g,
Morrisons Basmati & Wild Rice,Morrisons Basmati & Wild Rice500g,£2.95,£5.90 per kg,
Morrisons Basmati Boil In The Bag Rice,Morrisons Basmati Boil In The Bag Rice4 x 125g,£1.95,39p per 100g,
Morrisons Basmati Micro Rice,Morrisons Basmati Micro Rice250g,38p,£1.52 per kg,"Offer price 38p, was 49p"
Morrisons Basmati Rice,Morrisons Basmati Rice1kg,£1.75,£1.75 per kg,
Morrisons Basmati Rice,Morrisons Basmati Rice500g,£1.25,£2.50 per kg,
Morrisons Basmati Rice,Morrisons Basmati Rice2kg,£3.40,17p per 100g,
Morrisons Batter Mix,Morrisons Batter Mix128g,45p,£3.52 per kg,
Morrisons Bay Leaves       ,Morrisons Bay Leaves       3g,£1.09,£3.63 per 10g,Buy 2 for £2
Morrisons BBQ Hummus Chips,Morrisons BBQ Hummus Chips5 x 20g,£1.15,£1.15 per 100g,
Morrisons Bbq Sauce,Morrisons Bbq Sauce450g,£1.25,27.8p per 100g,
Morrisons Bbq Saucers,Morrisons Bbq Saucers70g,£1.25,£1.79 per 100g,Buy 2 for £2
Morrisons Beef Casserole Sauce Mix ,Morrisons Beef Casserole Sauce Mix 37g,49p,£1.32 per 100g,
Morrisons Beef Flavour Potato Sticks,Morrisons Beef Flavour Potato Sticks150g,£1.25,83.3p per 100g,Buy 2 for £2
Morrisons Beef Gravy Granules ,Morrisons Beef Gravy Granules 200g,£1.15,57.5p per 100g,
Morrisons Beef Gravy Granules ,Morrisons Beef Gravy Granules 500g,£2.49,49.8p per 100g,
Morrisons Beef Paste,Morrisons Beef Paste75g,55p,73.3p per 100g,
Morrisons Beef Stew,Morrisons Beef Stew392g,£2.99,76.3p per 100g,
Morrisons Beef Stock Cubes 12's,Morrisons Beef Stock Cubes 12's120g,89p,74.2p per 100g,
Morrisons Beef Stock Pot,Morrisons Beef Stock Pot4 x 28g,£1.19,£1.06 per 100g,
Morrisons Beefy Drink             ,Morrisons Beefy Drink             230g,£2.75,£1.20 per 100g,
Morrisons Belgian Chocolate Eggs,Morrisons Belgian Chocolate Eggs154g,£3,£1.95 per 100g,"Offer price £3, was £5"
"Morrisons Berries, Coconut & Seeds Breakfast Topper","Morrisons Berries, Coconut & Seeds Breakfast Topper200g",£1.75,87.5p per 100g,
Morrisons Berry Sponge Puddings,Morrisons Berry Sponge Puddings2 x 105g,£2.09,99.5p per 100g,
Morrisons Bicarbonate Of Soda Powder,Morrisons Bicarbonate Of Soda Powder180g,£1.55,86.1p per 100g,
Morrisons Black Bean Cooking Sauce ,Morrisons Black Bean Cooking Sauce 500g,£1.19,23.8p per 100g,
Morrisons Black Bean Stir Fry Sauce,Morrisons Black Bean Stir Fry Sauce120g,65p,54.2p per 100g,
Morrisons Blackcurrant Jam,Morrisons Blackcurrant Jam454g,£1.15,25.3p per 100g,
Morrisons Black Olive Tapenade ,Morrisons Black Olive Tapenade 140g,£1.75,£1.25 per 100g,
Morrisons Black Onion Seeds,Morrisons Black Onion Seeds45g,£1.09,£2.42 per 100g,Buy 2 for £2
Morrisons Black Turtle Beans,Morrisons Black Turtle Beans500g,£1.80,£3.60 per kg,
Morrisons Blue & White Sugar Strands,Morrisons Blue & White Sugar Strands65g,£1.15,£1.77 per 100g,
Morrisons Bolognese Sauce,Morrisons Bolognese Sauce500g,£1.09,21.8p per 100g,
Morrisons Bolognese Sauce  ,Morrisons Bolognese Sauce  725g,£1.59,21.9p per 100g,
Morrisons Bolognese Sauce Mix ,Morrisons Bolognese Sauce Mix 42g,49p,£1.17 per 100g,
Morrisons Borlotti Beans In Water (400g),Morrisons Borlotti Beans In Water (400g)240g,89p,£3.71 per kg,
Morrisons Bouquet Garni    ,Morrisons Bouquet Garni    5g,£1.09,£2.18 per 10g,Buy 2 for £2
Morrisons Bourbon Creams,Morrisons Bourbon Creams300g,75p,25p per 100g,
Morrisons Bramble Jelly,Morrisons Bramble Jelly454g,£1.15,25.3p per 100g,
Morrisons Bramley Apple Sauce,Morrisons Bramley Apple Sauce280g,£1.05,37.5p per 100g,
Morrisons Bramley Apple Sauce,Morrisons Bramley Apple Sauce465g,£1.65,35.5p per 100g,
Morrisons Bran Flakes,Morrisons Bran Flakes1kg,£1.89,18.9p per 100g,
Morrisons Bran Flakes ,Morrisons Bran Flakes 625g,£1.29,20.6p per 100g,
Morrisons Bread & Butter Pudding,Morrisons Bread & Butter Pudding2 x 121g,£2.09,86.4p per 100g,
Morrisons Breakfast Muffin Mix,Morrisons Breakfast Muffin Mix270g,£1.89,70p per 100g,
Morrisons Bright Chocolate Dots Decorations,Morrisons Bright Chocol…30g,£1.15,£3.83 per 100g,
Morrisons Bright Sprinkles,Morrisons Bright Sprinkles80g,£1.15,£1.44 per 100g,
Morrisons Bright White Piping Tube,Morrisons Bright White Piping Tube120g,£1.59,£1.33 per 100g,
Morrisons Bright Writing Icing Pack ,Morrisons Bright Writing Icing Pack 76g,£2.15,£2.83 per 100g,
Morrisons Brown Basmati Rice,Morrisons Brown Basmati Rice1kg,£2.19,£2.19 per kg,
Morrisons Brown Flour,Morrisons Brown Flour1.5kg,£1.49,99.3p per kg,
Morrisons Brown Sauce,Morrisons Brown Sauce450g,£1.09,24.2p per 100g,
Morrisons Bunny Bites,Morrisons Bunny Bites200g,£1.50,75p per 100g,"Offer price £1.50, was £2.50"
Morrisons Burger Pickle,Morrisons Burger Pickle345g,£2.29,66.4p per 100g,
Morrisons Burger Sauce,Morrisons Burger Sauce270g,£1.25,46.3p per 100g,
Morrisons Butter Beans In Water (400g),Morrisons Butter Beans In Water (400g)240g,89p,£3.71 per kg,
Morrisons Butternut Squash Gnocchi,Morrisons Butternut Squash Gnocchi500g,£1.85,37p per 100g,
Morrisons Caesar Dressing,Morrisons Caesar Dressing260ml,£1.05,40.4p per 100ml,
Morrisons Canned Coconut Milk ,Morrisons Canned Coconut Milk 400ml,£1,25p per 100ml,
Morrisons Canned Reduced Fat Coconut Milk,Morrisons Canned Reduced Fat Coconut Milk400ml,£1,25p per 100ml,
Morrisons Cannellini Beans (390g),Morrisons Cannellini Beans (390g)230g,65p,£2.83 per kg,
Morrisons Cannellini Beans In Water (400g),Morrisons Cannellini Beans In Water (400g)240g,89p,£3.71 per kg,
Morrisons Caramel Drip Icing,Morrisons Caramel Drip Icing120g,£2.50,£2.08 per 100g,
Morrisons Caramel Filled Giant Buttons ,Morrisons Caramel Filled Giant Buttons 110g,£1,90.9p per 100g,
Morrisons Caramel Rice Cakes,Morrisons Caramel Rice Cakes160g,£1.09,68.1p per 100g,Rice Cakes - Buy Any 3 for £3
Morrisons Caramel Shortcake Bites,Morrisons Caramel Shortcake Bites20 per pack,£2.49,12.5p each,Buy 2 for £3.50
Morrisons Carrot & Coriander Soup ,Morrisons Carrot & Coriander Soup 600g,£1.65,27.5p per 100g,
Morrisons Carrot & Parsnip Soup,Morrisons Carrot & Parsnip Soup400g,85p,21.3p per 100g,
Morrisons Cauliflower Gnocchi,Morrisons Cauliflower Gnocchi500g,£1.85,37p per 100g,
Morrisons Cayenne          ,Morrisons Cayenne          48g,£1.09,22.7p per 10g,Buy 2 for £2
Morrisons Chapatti,Morrisons Chapatti6 per pack,£1.25,20.8p each,
Morrisons Cheddar Cheese Twists,Morrisons Cheddar Cheese Twists125g,£1.45,£1.16 per 100g,
Morrisons Cheese and Onion Flavour Crisps Multipack,Morrisons Cheese and Onion Fl…6 x 25g,£1.19,79.3p per 100g,Buy 2 for £2
Morrisons Cheese Balls,Morrisons Cheese Balls140g,£1.25,89.3p per 100g,Buy 2 for £2
Morrisons Cheese Curls ,Morrisons Cheese Curls 6 x 15g,£1.29,£1.43 per 100g,Buy 2 for £2
Morrisons Cheese Puffs,Morrisons Cheese Puffs150g,£1.25,83.3p per 100g,Buy 2 for £2
Morrisons Cherry & Almond Puddings,Morrisons Cherry & Almond Puddings2 x 105g,£2.09,99.5p per 100g,
Morrisons Chicken & Ham Paste,Morrisons Chicken & Ham Paste75g,55p,73.3p per 100g,
Morrisons Chicken And Steak Seasoning Grinder,Morrisons Chicken And Steak Seasoning Grinder50g,£2.89,57.8p per 10g,
Morrisons Chicken Curry Soup,Morrisons Chicken Curry Soup400g,85p,21.3p per 100g,
Morrisons Chicken Gravy Granules  ,Morrisons Chicken Gravy Granules  200g,£1.15,57.5p per 100g,
Morrisons Chicken Gravy Granules,Morrisons Chicken Gravy Granules500g,£2.49,49.8p per 100g,
Morrisons Chicken In White Sauce,Morrisons Chicken In White Sauce392g,£2.49,63.5p per 100g,
Morrisons Chicken Korma,Morrisons Chicken Korma392g,£2.49,63.5p per 100g,
Morrisons Chicken Paste,Morrisons Chicken Paste75g,55p,73.3p per 100g,
Morrisons Chicken Soup,Morrisons Chicken Soup400g,85p,21.3p per 100g,
Morrisons Chicken Stock Pot,Morrisons Chicken Stock Pot4 x 28g,£1.19,£1.06 per 100g,
Morrisons Chicken Tikka Masala,Morrisons Chicken Tikka Masala392g,£2.49,63.5p per 100g,
Morrisons Chickpeas In Water (400G),Morrisons Chickpeas In Water (400G)240g,89p,37.1p per 100g,
Morrisons Chilli Con Carne,Morrisons Chilli Con Carne392g,£2.49,63.5p per 100g,
Morrisons Chilli Con Carne Mix,Morrisons Chilli Con Carne Mix41g,49p,£1.20 per 100g,
Morrisons Chilli Flakes,Morrisons Chilli Flakes28g,£1.09,38.9p per 10g,Buy 2 for £2
Morrisons Chinese 5 Spice  ,Morrisons Chinese 5 Spice  34g,£1.09,32.1p per 10g,Buy 2 for £2
Morrisons Chinese Salt & Pepper Crisps,Morrisons Chinese Salt & Pepper Crisps150g,£1.15,76.7p per 100g,
Morrisons Chinese Seasoning,Morrisons Chinese Seasoning65g,£1.09,£1.68 per 100g,Buy 2 for £2
Morrisons Chipotle Paste,Morrisons Chipotle Paste120g,£2.39,£1.99 per 100g,
Morrisons Chip Seasoning,Morrisons Chip Seasoning80g,£1.09,£1.36 per 100g,Buy 2 for £2
Morrisons Chip Shop Mushy Peas,Morrisons Chip Shop Mushy Peas400g,59p,£1.48 per kg,
Morrisons Chip Shop Mushy Peas ,Morrisons Chip Shop Mushy Peas 220g,49p,£2.23 per kg,
Morrisons Chip Shop Vinegar,Morrisons Chip Shop Vinegar284ml,59p,20.8p per 100ml,
Morrisons Chive & Onion Twists ,Morrisons Chive & Onion Twists 125g,£1.45,£1.16 per 100g,
Morrisons Chives           ,Morrisons Chives           4g,£1.09,£2.73 per 10g,Buy 2 for £2
Morrisons Choc Chip Cookie,Morrisons Choc Chip Cookie230g,72p,31.3p per 100g,
Morrisons Choco Crackles ,Morrisons Choco Crackles 375g,99p,26.4p per 100g,Buy 2 for £1.80
Morrisons Choco Hoops,Morrisons Choco Hoops375g,99p,26.4p per 100g,Buy 2 for £1.80
Morrisons Chocolate & Caramel Writing Icing,Morrisons Chocolate & Caramel Writing Icing76g,£2.15,£2.83 per 100g,
Morrisons Chocolate & Nut Granola,Morrisons Chocolate & Nut Granola750g,£2.49,33.2p per 100g,
Morrisons Chocolate Beans,Morrisons Chocolate Beans75g,£1.15,£1.53 per 100g,
Morrisons Chocolate Brownie Mix ,Morrisons Chocolate Brownie Mix 284g,£1.89,£6.65 per kg,
Morrisons Chocolate Chunk Cookie Mix,Morrisons Chocolate Chunk Cookie Mix275g,£1.89,68.7p per 100g,
Morrisons Chocolate Coated Peanuts,Morrisons Chocolate Coated Peanuts175g,£1.25,71.4p per 100g,
Morrisons Chocolate Coated Raisins,Morrisons Chocolate Coated Raisins175g,£1.25,71.4p per 100g,
Morrisons Chocolate Crispies Sprinkles,Morrisons Chocolate Crispies Sprinkles44g,£1.15,£2.61 per 100g,
Morrisons Chocolate Drop Icing,Morrisons Chocolate Drop Icing120g,£2.50,£2.08 per 100g,
Morrisons Chocolate Dusting,Morrisons Chocolate Dusting70g,99p,£1.41 per 100g,
Morrisons Chocolate Fudge Cake Kit,Morrisons Chocolate Fudge Cake Kit507g,£1.99,39.3p per 100g,
Morrisons Chocolate Pudding,Morrisons Chocolate Pudding2 x 105g,£2.09,99.5p per 100g,
Morrisons Chocolate Salted Caramel Rice Cakes,Morrisons Chocolate Salte…70g,£1.25,£1.79 per 100g,
Morrisons Chocolate Sponge Mix,Morrisons Chocolate Sponge Mix400g,£1.19,29.8p per 100g,
Morrisons Chocolate Strand Sprinkles,Morrisons Chocolate Strand Sprinkles70g,£1,£1.43 per 100g,
Morrisons Chocolate Torte Kit,Morrisons Chocolate Torte Kit,£2,,
Morrisons Choco Nut Pillows Cereal,Morrisons Choco Nut Pillows Cereal375g,99p,26.4p per 100g,Buy 2 for £1.80
Morrisons Chopped Almonds,Morrisons Chopped Almonds125g,£2,£1.60 per 100g,
Morrisons Chopped Apricots ,Morrisons Chopped Apricots 200g,£2.35,£1.18 per 100g,
Morrisons Chopped Dates,Morrisons Chopped Dates200g,£1.65,82.5p per 100g,
Morrisons Chopped Hazelnuts,Morrisons Chopped Hazelnuts200g,£2.65,£1.33 per 100g,
Morrisons Chopped Pork & Ham ,Morrisons Chopped Pork & Ham 300g,£2.05,68.3p per 100g,
Morrisons Chopped Tomatoes,Morrisons Chopped Tomatoes4 x 400g,£1.70,£1.06 per kg,
Morrisons Chopped Tomatoes with Garlic & Chilli,Morrisons Chopped Tomatoe…390g,89p,£2.28 per kg,
Morrisons Chopped Tomatoes with Garlic & Onion,Morrisons Chopped Tomatoe…390g,89p,£2.28 per kg,
Morrisons Chow Mein Stir Fry Sauce,Morrisons Chow Mein Stir Fry Sauce120g,65p,54.2p per 100g,
Morrisons Cider Vinegar,Morrisons Cider Vinegar350ml,£1.29,36.9p per 100ml,
Morrisons Cinnamon Dusting,Morrisons Cinnamon Dusting80g,99p,£1.24 per 100g,
Morrisons Cinnamon Sticks,Morrisons Cinnamon Sticks13g,£1.09,83.8p per 10g,Buy 2 for £2
Morrisons Coconut Milk,Morrisons Coconut Milk1L,£1.29,12.9p per 100ml,
Morrisons Conchiglie,Morrisons Conchiglie500g,95p,£1.90 per kg,Buy 2 for £1.60
Morrisons Condensed Full Cream Milk,Morrisons Condensed Full Cream Milk397g,£1.15,29p per 100g,
Morrisons Cooking Salt     ,Morrisons Cooking Salt     1.5kg,£2.29,£1.53 per kg,
Morrisons Cool Tortilla Chips ,Morrisons Cool Tortilla Chips 180g,99p,55p per 100g,
Morrisons Coriander Leaf   ,Morrisons Coriander Leaf   10g,£1.09,£1.09 per 10g,Buy 2 for £2
Morrisons Coriander Seeds,Morrisons Coriander Seeds28g,£1.09,£3.89 per 100g,Buy 2 for £2
Morrisons Cornflakes,Morrisons Cornflakes500g,£1.29,25.8p per 100g,
Morrisons Cornflour,Morrisons Cornflour250g,£1.35,54p per 100g,
Morrisons Cornichons With Dill (350g),Morrisons Cornichons With Dill (350g)190g,£1.79,94.2p per 100g,
Morrisons Counted Carrot And Coriander Soup,Morrisons Counted Carrot And Coriander Soup400g,75p,18.8p per 100g,
Morrisons Counted Chickpea And Spinach Soup,Morrisons Counted Chick…400g,75p,18.8p per 100g,
Morrisons Counted French Dressing,Morrisons Counted French Dressing250ml,£1.15,46p per 100ml,
Morrisons Counted Honey & Mustard Dressing,Morrisons Counted Honey & Mustard Dressing250ml,£1.15,46p per 100ml,
Morrisons Crab Paste,Morrisons Crab Paste75g,55p,73.3p per 100g,
Morrisons Cranberry Sauce,Morrisons Cranberry Sauce200g,£1.09,54.5p per 100g,
Morrisons Cream Crackers,Morrisons Cream Crackers300g,55p,18.3p per 100g,
Morrisons Creamed Horseradish,Morrisons Creamed Horseradish180g,£1.15,63.9p per 100g,
Morrisons Creamed Rice Pudding,Morrisons Creamed Rice Pudding400g,89p,22.3p per 100g,
Morrisons Cream of Mushroom Soup,Morrisons Cream of Mushroom Soup400g,85p,21.3p per 100g,
Morrisons Cream of Tomato Soup,Morrisons Cream of Tomato Soup400g,85p,21.3p per 100g,
Morrisons Creamy Tomato Pasta Bake,Morrisons Creamy Tomato Pasta Bake500g,£1.19,23.8p per 100g,
Morrisons Crinkle Cut Gherkins (350g),Morrisons Crinkle Cut Gherkins (350g)190g,£1.79,94.2p per 100g,
Morrisons Crumble Topping Mix ,Morrisons Crumble Topping Mix 227g,65p,£2.86 per kg,
Morrisons Crunchy Peanut Butter,Morrisons Crunchy Peanut Butter340g,£1.49,43.8p per 100g,
Morrisons Crunchy Peanut Butter,Morrisons Crunchy Peanut Butter700g,£2.99,42.7p per 100g,
Morrisons Crushed Ginger,Morrisons Crushed Ginger115g,£1.35,£1.17 per 100g,
Morrisons Crusty White Bread Mix,Morrisons Crusty White Bread Mix500g,£1.19,£2.38 per kg,
Morrisons Currants,Morrisons Currants500g,£1.99,39.8p per 100g,
Morrisons Curry Leaves,Morrisons Curry Leaves2g,£1.09,£5.45 per 10g,Buy 2 for £2
Morrisons Custard Creams,Morrisons Custard Creams400g,75p,18.8p per 100g,
Morrisons Dark Chocolate ,Morrisons Dark Chocolate 100g,89p,89p per 100g,
Morrisons Dark Chocolate Chips ,Morrisons Dark Chocolate Chips 100g,99p,99p per 100g,
Morrisons Dark Chocolate Rice Cakes,Morrisons Dark Chocolate Rice Cakes102g,£1.25,£1.23 per 100g,
Morrisons Dark Cooking Chocolate,Morrisons Dark Cooking Chocolate150g,£1.15,76.7p per 100g,
Morrisons Dark Soy Sauce,Morrisons Dark Soy Sauce150ml,75p,50p per 100ml,
Morrisons Decaff Full Roast Instant Coffee,Morrisons Decaff Full Roast Instant Coffee200g,£2.25,£1.13 per 100g,"Offer price £2.25, was £3.99"
Morrisons Decaff Tea Bags 80 Pack,Morrisons Decaff Tea Bags 80 Pack232g,£1.39,59.9p per 100g,
Morrisons Deli Express Tomato & Sesame Seed Crackers,Morrisons Deli Express Tomato…130g,£1.50,£1.15 per 100g,
Morrisons Desiccated Coconut,Morrisons Desiccated Coconut200g,£1.45,72.5p per 100g,
Morrisons Dexter Dog Salted Snacks ,Morrisons Dexter Dog Salted Snacks 6 x 15g,£1.29,£1.43 per 100g,Buy 2 for £2
Morrisons Digestives,Morrisons Digestives400g,71p,17.8p per 100g,
Morrisons Dijon Mustard,Morrisons Dijon Mustard185g,£1.29,69.7p per 100g,
Morrisons Dinosaur Biscuit Kit,Morrisons Dinosaur Biscuit Kit273g,£1.89,69.2p per 100g,
Morrisons Dolly Mix        ,Morrisons Dolly Mix        75g,65p,86.7p per 100g,
Morrisons Double Chocolate Cupcake Kit,Morrisons Double Chocolate Cupcake Kit302g,£1.99,65.9p per 100g,
Morrisons Dried Mixed Fruit,Morrisons Dried Mixed Fruit500g,£1.60,32p per 100g,
Morrisons Dried Pitted Dates ,Morrisons Dried Pitted Dates 500g,£3.15,63p per 100g,
Morrisons Dried Pitted Prunes ,Morrisons Dried Pitted Prunes 500g,£3.65,73p per 100g,
Morrisons Drinking Chocolate,Morrisons Drinking Chocolate500g,£2.99,59.8p per 100g,
Morrisons Dry Roasted Peanuts ,Morrisons Dry Roasted Peanuts 200g,£1.09,54.5p per 100g,
Morrisons Dumpling Mix,Morrisons Dumpling Mix227g,£1.25,£5.51 per kg,
Morrisons Easy Cook Brown Long Grain Rice,Morrisons Easy Cook Brown Long Grain Rice1kg,£2.85,£2.85 per kg,
Morrisons Easy Cook Long Grain Rice,Morrisons Easy Cook Long Grain Rice1kg,£1.50,£1.50 per kg,
Morrisons Easy Cook Long Grain Rice,Morrisons Easy Cook Long Grain Rice500g,80p,£1.60 per kg,
Morrisons Easy Cook Long Grain Rice,Morrisons Easy Cook Long Grain Rice2kg,£2.90,£1.45 per kg,
Morrisons Eat Smart Ready to Serve UHT Custard,Morrisons Eat Smart Ready…500g,99p,19.8p per 100g,
Morrisons Eat Smart Reduced Fat Evaporated Milk,Morrisons Eat Smart Reduc…410g,59p,14.4p per 100g,"Offer price 59p, was 99p"
Morrisons Egg Fried Micro Rice ,Morrisons Egg Fried Micro Rice 250g,75p,£3.00 per kg,
Morrisons Egg Hunt Kit,Morrisons Egg Hunt Kit340g,£4,£1.18 per 100g,
Morrisons Enchilada Kit,Morrisons Enchilada Kit620g,£2.39,38.5p per 100g,
Morrisons English Mustard,Morrisons English Mustard185g,85p,45.9p per 100g,
Morrisons Espresso Coffee Bean ,Morrisons Espresso Coffee Bean 227g,£2.79,£1.23 per 100g,
Morrisons Espresso Ground Coffee,Morrisons Espresso Ground Coffee227g,£2.79,£1.23 per 100g,
Morrisons Evaporated Milk ,Morrisons Evaporated Milk 170g,45p,26.5p per 100g,"Offer price 45p, was 59p"
Morrisons Everyday Tea Bags 240 Pack,Morrisons Everyday Tea Bags 240 Pack696g,£2.65,38.1p per 100g,
Morrisons Everyday Tea Bags 40 Pack,Morrisons Everyday Tea Bags 40 Pack116g,75p,64.7p per 100g,
Morrisons Everyday Tea Bags 80 Pack,Morrisons Everyday Tea Bags 80 Pack232g,£1.29,55.6p per 100g,
Morrisons Extra Fruity Muesli,Morrisons Extra Fruity Muesli750g,£2.79,37.2p per 100g,
Morrisons Extra Strong Tea Bags 80 Pack,Morrisons Extra Strong Tea Bags 80 Pack232g,£1.99,85.8p per 100g,
Morrisons Extra Virgin Olive Oil ,Morrisons Extra Virgin Olive Oil 250ml,£2.19,87.6p per 100ml,
Morrisons Extra Virgin Olive Oil,Morrisons Extra Virgin Olive Oil1L,£5.15,51.5p per 100ml,
Morrisons Fad Free Tuna Chunks In Sunflower Oil ,Morrisons Fad Free Tuna Chunks In Sunflower Oil 4 x 145g,£2.99,51.6p per 100g,
Morrisons Fad Free Tuna Chunks In Sunflower Oil ,Morrisons Fad Free Tuna Chunks In Sunflower Oil 145g,£1.09,75.2p per 100g,
Morrisons Fairy Cake Kit,Morrisons Fairy Cake Kit230g,£1.49,64.8p per 100g,
Morrisons Fajita Kit,Morrisons Fajita Kit475g,£2.39,50.3p per 100g,
Morrisons Fajita Seasoning ,Morrisons Fajita Seasoning 30g,79p,26.3p per 10g,
Morrisons Farfalle Pasta,Morrisons Farfalle Pasta500g,95p,£1.90 per kg,Buy 2 for £1.60
Morrisons Fast Action Yeast Sachets ,Morrisons Fast Action Yeast Sachets 56g,£1.45,£2.59 per 100g,
Morrisons Fibre Bar Chocolate Brownie 6PK,Morrisons Fibre Bar Chocolate Brownie 6PK151g,£1.89,£1.25 per 100g,
Morrisons Fig Rolls,Morrisons Fig Rolls200g,69p,34.5p per 100g,
Morrisons Fine Cut Orange Marmalade,Morrisons Fine Cut Orange Marmalade454g,89p,19.6p per 100g,
Morrisons Fine Egg Noodles ,Morrisons Fine Egg Noodles 250g,£1.15,£4.60 per kg,
Morrisons Flaked Almonds ,Morrisons Flaked Almonds 150g,£2.69,£1.79 per 100g,
Morrisons Flower Modelling Paste ,Morrisons Flower Modelling Paste 25g,£2.50,£10.00 per 100g,
Morrisons Free From Batter Mix,Morrisons Free From Batter Mix100g,75p,75p per 100g,
Morrisons Free From Spaghetti,Morrisons Free From Spaghetti500g,£1.19,£2.38 per kg,
Morrisons French Style Ground Coffee,Morrisons French Style Ground Coffee227g,£2.79,£1.23 per 100g,
Morrisons Frosted Flakes Cereal,Morrisons Frosted Flakes Cereal500g,£1.19,23.8p per 100g,Buy 2 for £1.80
Morrisons Fruit & Fibre,Morrisons Fruit & Fibre750g,£1.59,21.2p per 100g,
Morrisons Fruit & Fibre Cereal,Morrisons Fruit & Fibre Cereal500g,£1.29,25.8p per 100g,
Morrisons Fruit & Nut Muesli,Morrisons Fruit & Nut Muesli750g,£2.79,37.2p per 100g,
Morrisons Fruit Cocktail In Pear Juice,Morrisons Fruit Cocktail In Pear Juice410g,£1.09,£2.66 per kg,
Morrisons Fruit Pastilles  ,Morrisons Fruit Pastilles  227g,£1.25,55.1p per 100g,
Morrisons Fruit Sherbets   ,Morrisons Fruit Sherbets   200g,£1.25,62.5p per 100g,
Morrisons Fudge Chunks,Morrisons Fudge Chunks100g,£1.65,£1.65 per 100g,
Morrisons Fudge Chunk Sprinkles,Morrisons Fudge Chunk Sprinkles70g,£1,£1.43 per 100g,
Morrisons Full Cream Evaporated Milk,Morrisons Full Cream Evaporated Milk410g,59p,14.4p per 100g,"Offer price 59p, was 85p"
Morrisons Full Roast Instant Coffee,Morrisons Full Roast Instant Coffee100g,£1.49,£1.49 per 100g,"Offer price £1.49, was £1.99"
Morrisons Full Roast Instant Coffee,Morrisons Full Roast Instant Coffee200g,£2.25,£1.13 per 100g,"Offer price £2.25, was £3.99"
Morrisons Fusilli,Morrisons Fusilli500g,95p,£1.90 per kg,Buy 2 for £1.60
Morrisons Garden Peas,Morrisons Garden Peas290g,65p,22.4p per 100g,
Morrisons Garibaldi ,Morrisons Garibaldi 200g,£1.35,67.5p per 100g,
Morrisons Garlic & Coriander Naan ,Morrisons Garlic & Coriander Naan 2 per pack,£1.35,67.5p each,
Morrisons Garlic & Herb Dressing,Morrisons Garlic & Herb Dressing260ml,£1.05,40.4p per 100ml,
Morrisons Garlic Cloves,Morrisons Garlic Cloves100g,£1.19,£1.19 per 100g,
Morrisons Garlic Granules  ,Morrisons Garlic Granules  55g,£1.09,19.8p per 10g,Buy 2 for £2
Morrisons Garlic Mayo ,Morrisons Garlic Mayo 270g,£1.25,46.3p per 100g,
Morrisons Garlic Pepper,Morrisons Garlic Pepper45g,£1.09,£2.42 per 100g,Buy 2 for £2
Morrisons Garlic Salt      ,Morrisons Garlic Salt      90g,£1.09,12.1p per 10g,Buy 2 for £2
Morrisons Garlic Scalloped Crackers,Morrisons Garlic Scalloped Crackers185g,£1.19,64.3p per 100g,
Morrisons Garlic Seasoning Grinder,Morrisons Garlic Seasoning Grinder50g,£2.89,57.8p per 10g,
Morrisons Gherkin Burger Slices,Morrisons Gherkin Burger Slices480g,£1.85,38.5p per 100g,
Morrisons Giant Milk Buttons ,Morrisons Giant Milk Buttons 110g,£1,90.9p per 100g,
Morrisons Ginger Cake Mix ,Morrisons Ginger Cake Mix 350g,£1.89,54p per 100g,
Morrisons Ginger Nuts,Morrisons Ginger Nuts300g,75p,25p per 100g,
Morrisons Ginger Sponge Puddings,Morrisons Ginger Sponge Puddings2 x 105g,£2.09,99.5p per 100g,
Morrisons Glace Red Cherries,Morrisons Glace Red Cherries200g,£1.65,82.5p per 100g,
Morrisons Gnocchi,Morrisons Gnocchi500g,£2.25,£4.50 per kg,
Morrisons Gold Coffee,Morrisons Gold Coffee100g,£2.29,£2.29 per 100g,Buy 2 for £3.50
Morrisons Gold Decaf Coffee,Morrisons Gold Decaf Coffee100g,£2.29,£2.29 per 100g,Buy 2 for £3.50
Morrisons Golden Breadcrumbs,Morrisons Golden Breadcrumbs175g,£1.15,65.7p per 100g,
Morrisons Golden Marzipan,Morrisons Golden Marzipan454g,£1.99,43.8p per 100g,
Morrisons Golden Syrup,Morrisons Golden Syrup750g,£1.55,20.7p per 100g,
Morrisons Golden Syrup Porridge ,Morrisons Golden Syrup Porridge 55g,59p,£1.07 per 100g,Porridge Pots Bundle - Buy Any 3 For £1.30
Morrisons Golden Vegetable Rice,Morrisons Golden Vegetable Rice250g,75p,30p per 100g,
Morrisons Gold Hundreds And Thousands Sprinkles ,Morrisons Gold Hundreds And Thousands Sprinkles 80g,£1.15,£1.44 per 100g,
Morrisons Gold Instant Coffee ,Morrisons Gold Instant Coffee 500g,£7.99,£1.60 per 100g,
Morrisons Gold Instant Coffee,Morrisons Gold Instant Coffee200g,£3.29,£1.65 per 100g,
Morrisons Grapefruit Segments In Juice,Morrisons Grapefruit Segments In Juice284g,79p,£2.78 per kg,
Morrisons Grapefruit Segments in Juice (1.25kg),Morrisons Grapefruit Segments in Juice (1.25kg)680g,£2.59,£3.81 per kg,
"Morrisons Grapefruit Segments in Juice, Drained Weight (540g)",Morrisons Grapefruit Segments in Ju…290g,89p,£3.07 per kg,"Offer price 89p, was £1.19"
Morrisons Grapefruit Segments in Syrup (540g),Morrisons Grapefruit Segments in Syrup (540g)290g,89p,£3.07 per kg,"Offer price 89p, was £1.19"
Morrisons Grapeseed Oil ,Morrisons Grapeseed Oil 500ml,£3.25,65p per 100ml,
Morrisons Green Pesto,Morrisons Green Pesto190g,£1.25,65.8p per 100g,
Morrisons Green Pesto Microwave Pasta ,Morrisons Green Pesto Microwave Pasta 200g,£1.25,62.5p per 100g,
Morrisons Green Thai Paste,Morrisons Green Thai Paste180g,£1.59,88.3p per 100g,
Morrisons Grilled Mixed Peppers,Morrisons Grilled Mixed Peppers280g,£2.39,85.4p per 100g,
Morrisons Grissini Mini Breadsticks,Morrisons Grissini Mini Breadsticks100g,£1.05,£1.05 per 100g,
Morrisons Ground Almonds ,Morrisons Ground Almonds 150g,£2.25,£1.50 per 100g,
Morrisons Ground Black Pepper ,Morrisons Ground Black Pepper 100g,£2.49,£2.49 per 100g,
Morrisons Ground Black Pepper,Morrisons Ground Black Pepper25g,£1.15,46p per 10g,
Morrisons Ground Cardamom,Morrisons Ground Cardamom40g,£1.09,£2.73 per 100g,Buy 2 for £2
Morrisons Ground Cinnamon  ,Morrisons Ground Cinnamon  37g,£1.09,29.5p per 10g,Buy 2 for £2
Morrisons Ground Coriander ,Morrisons Ground Coriander 36g,£1.09,30.3p per 10g,Buy 2 for £2
Morrisons Ground Cumin     ,Morrisons Ground Cumin     33g,£1.09,33p per 10g,Buy 2 for £2
Morrisons Ground Fenugreek,Morrisons Ground Fenugreek45g,£1.09,£2.42 per 100g,Buy 2 for £2
Morrisons Ground Ginger    ,Morrisons Ground Ginger    38g,£1.09,28.7p per 10g,Buy 2 for £2
Morrisons Ground Mace,Morrisons Ground Mace35g,£1.09,£3.11 per 100g,Buy 2 for £2
Morrisons Ground Mixed Spice ,Morrisons Ground Mixed Spice 28g,£1.09,38.9p per 10g,Buy 2 for £2
Morrisons Ground Nutmeg    ,Morrisons Ground Nutmeg    50g,£1.09,21.8p per 10g,Buy 2 for £2
Morrisons Groundnut Oil ,Morrisons Groundnut Oil 500ml,£2.49,49.8p per 100ml,
Morrisons Ground Smoked Paprika ,Morrisons Ground Smoked Paprika 48g,£1.09,22.7p per 10g,Buy 2 for £2
Morrisons Ground Turmeric   ,Morrisons Ground Turmeric   45g,£1.09,24.2p per 10g,Buy 2 for £2
Morrisons Ground White Pepper ,Morrisons Ground White Pepper 100g,£2.50,25p per 10g,
Morrisons Gummy Mix,Morrisons Gummy Mix175g,£1,57.1p per 100g,
Morrisons Ham & Beef Paste,Morrisons Ham & Beef Paste75g,55p,73.3p per 100g,
Morrisons Haricot Beans In Water (400g),Morrisons Haricot Beans In Water (400g)240g,89p,£3.71 per kg,
Morrisons Harissa Seasoning,Morrisons Harissa Seasoning46g,£1.09,£2.37 per 100g,Buy 2 for £2
Morrisons Hazelnut Chocolate Spread,Morrisons Hazelnut Chocolate Spread400g,£1.69,42.3p per 100g,
Morrisons Hazelnuts,Morrisons Hazelnuts200g,£2.49,£1.25 per 100g,Buy 2 for £4
Morrisons Herbs De Provence,Morrisons Herbs De Provence15g,£1.09,£7.27 per 100g,Buy 2 for £2
Morrisons High Protein Fusilli Pasta,Morrisons High Protein Fusilli Pasta250g,99p,£3.96 per kg,
Morrisons Honey & Mustard Dressing,Morrisons Honey & Mustard Dressing250ml,£1.09,43.6p per 100ml,
Morrisons Honey & Mustard Sauce,Morrisons Honey & Mustard Sauce495g,£1.19,24p per 100g,
Morrisons Honey Loops,Morrisons Honey Loops375g,£1.29,34.4p per 100g,
Morrisons Honey Nut Corn Flakes,Morrisons Honey Nut Corn Flakes500g,£1.95,39p per 100g,
Morrisons Honey Roast Crunchy Peanut Butter ,Morrisons Honey Roast Crunchy Peanut Butter 340g,£1.49,43.8p per 100g,
Morrisons Honey Roast Peanuts,Morrisons Honey Roast Peanuts200g,£1.65,82.5p per 100g,
Morrisons Horseradish Sauce,Morrisons Horseradish Sauce180g,£1.15,63.9p per 100g,
Morrisons Hot Chilli Grinder,Morrisons Hot Chilli Grinder40g,£2.89,72.3p per 10g,
Morrisons Hot Horseradish Sauce,Morrisons Hot Horseradish Sauce180g,£1.15,63.9p per 100g,
Morrisons Hot Paprika,Morrisons Hot Paprika40g,£1.09,£2.73 per 100g,Buy 2 for £2
Morrisons Hundreds And Thousands Sprinkles,Morrisons Hundreds And Thousands Sprinkles80g,£1.15,£1.44 per 100g,
Morrisons Instant Cheese & Onion Mash,Morrisons Instant Cheese & Onion Mash80g,99p,£12.38 per kg,
Morrisons Instant Chip Shop Curry Sauce Mix  ,Morrisons Instant Chip Shop Curry Sauce Mix  35g,49p,14p per 10g,
Morrisons Instant Custard,Morrisons Instant Custard76g,75p,98.7p per 100g,
Morrisons Instant Hot Chocolate ,Morrisons Instant Hot Chocolate 400g,£2.25,56.3p per 100g,
Morrisons Instant Malted Drink,Morrisons Instant Malted Drink400g,£1.99,49.8p per 100g,
Morrisons Instant Mash,Morrisons Instant Mash80g,99p,£12.38 per kg,
Morrisons Instant Noodles Chicken,Morrisons Instant Noodles Chicken85g,55p,£6.47 per kg,
Morrisons Instant Potato & Onion Mash,Morrisons Instant Potato & Onion Mash80g,99p,£12.38 per kg,
Morrisons Italian Breadsticks,Morrisons Italian Breadsticks125g,85p,68p per 100g,
Morrisons Italian Chopped Tomatoes,Morrisons Italian Chopped Tomatoes400g,45p,£1.13 per kg,
Morrisons Italian Chopped Tomatoes with Basil,Morrisons Italian Chopped Tomatoes with Basil390g,89p,£2.28 per kg,
Morrisons Italian Coffee 10 Bags ,Morrisons Italian Coffee 10 Bags 75g,£2.15,£2.87 per 100g,
Morrisons Italian Coffee Beans    ,Morrisons Italian Coffee Beans    227g,£2.79,£1.23 per 100g,
Morrisons Italian Plum Tomatoes,Morrisons Italian Plum Tomatoes220g,45p,£2.05 per kg,
Morrisons Italian Roast & Ground Coffee ,Morrisons Italian Roast & Ground Coffee 227g,£2.79,£1.23 per 100g,
Morrisons Italian Roast & Ground Coffee,Morrisons Italian Roast & Ground Coffee454g,£4.49,98.9p per 100g,
Morrisons Italian Sesame Breadsticks,Morrisons Italian Sesame Breadsticks125g,90p,72p per 100g,
Morrisons Italian Style Seasoning,Morrisons Italian Style Seasoning15g,£1.09,72.7p per 10g,
Morrisons Italian White Wine Vinegar ,Morrisons Italian White Wine Vinegar 250ml,£2.35,94p per 100ml,
Morrisons Jaffa Cakes 24 Pack,Morrisons Jaffa Cakes 24 Pack300g,£1.09,36.3p per 100g,
Morrisons Jalapeno Dirty Fries Crisps,Morrisons Jalapeno Dirty Fries Crisps150g,£1.15,76.7p per 100g,
Morrisons Jelly Babies,Morrisons Jelly Babies190g,£1.25,65.8p per 100g,
Morrisons Jelly Fried Eggs,Morrisons Jelly Fried Eggs100g,£1,£1.00 per 100g,"Offer price £1, was £1.50"
Morrisons Jerk Seasoning,Morrisons Jerk Seasoning48g,£1.09,22.7p per 10g,Buy 2 for £2
Morrisons Korma Curry Paste ,Morrisons Korma Curry Paste 180g,£1.89,£1.05 per 100g,
Morrisons Korma Sauce ,Morrisons Korma Sauce 500g,£1.19,23.8p per 100g,
Morrisons Large Metallic Pearls,Morrisons Large Metallic Pearls45g,£1.59,£3.53 per 100g,
Morrisons Large Salted Peanuts ,Morrisons Large Salted Peanuts 200g,£1.29,64.5p per 100g,
Morrisons Lasagne Sheets,Morrisons Lasagne Sheets500g,99p,£1.98 per kg,
Morrisons Leek & Potato Soup,Morrisons Leek & Potato Soup400g,85p,21.3p per 100g,
Morrisons Lemon & Ginger Zinger 40's,Morrisons Lemon & Ginger Zinger 40's80g,£1.65,£2.06 per 100g,Buy 2 for £2
Morrisons Lemon Drizzle Cake Kit,Morrisons Lemon Drizzle Cake Kit320g,£1.89,59.1p per 100g,
Morrisons Lemon Juice,Morrisons Lemon Juice250ml,79p,31.6p per 100ml,
Morrisons Lentil & Bacon Soup,Morrisons Lentil & Bacon Soup400g,85p,21.3p per 100g,
Morrisons Light & Mild Olive Oil ,Morrisons Light & Mild Olive Oil 1L,£5.09,50.9p per 100ml,
Morrisons Lightly Salted Rice Cakes,Morrisons Lightly Salted Rice Cakes100g,£1.09,£1.09 per 100g,Rice Cakes - Buy Any 3 for £3
Morrisons Lightly Salted Tortilla Chips,Morrisons Lightly Salted Tortilla Chips180g,99p,55p per 100g,
Morrisons Light Mayonnaise ,Morrisons Light Mayonnaise 750ml,£1.85,24.7p per 100ml,
Morrisons Light Salad Cream ,Morrisons Light Salad Cream 420g,£1.29,30.7p per 100g,
Morrisons Light Soy Sauce,Morrisons Light Soy Sauce150ml,75p,50p per 100ml,
Morrisons Lime Juice,Morrisons Lime Juice250ml,95p,38p per 100ml,
Morrisons Linguine,Morrisons Linguine500g,95p,£1.90 per kg,Buy 2 for £1.60
Morrisons Liquorice Allsorts,Morrisons Liquorice Allsorts200g,£1.25,62.5p per 100g,
Morrisons Llama Mix ,Morrisons Llama Mix 150g,£1,66.7p per 100g,
Morrisons Load It Brownie Mix ,Morrisons Load It Brownie Mix 395g,£2,50.6p per 100g,
Morrisons Load It Caramelised Biscuit Blondie Mix,Morrisons Load It Caramelis…445g,£2,44.9p per 100g,
Morrisons Long Grain Boil In The Bag Rice,Morrisons Long Grain Boil In The Bag Rice4 x 125g,£1.69,£3.38 per kg,
Morrisons Long Grain Micro Rice ,Morrisons Long Grain Micro Rice 250g,38p,£1.52 per kg,"Offer price 38p, was 49p"
Morrisons Love Heart Sprinkles ,Morrisons Love Heart Sprinkles 55g,£1.15,£2.09 per 100g,
Morrisons Macaroni,Morrisons Macaroni500g,95p,£1.90 per kg,Buy 2 for £1.60
Morrisons Macaroni Cheese,Morrisons Macaroni Cheese395g,£1.15,£2.91 per kg,
Morrisons Mackerel Curry Sauce,Morrisons Mackerel Curry Sauce125g,£1.15,92p per 100g,
Morrisons Mackerel Fillets In BBQ Sauce,Morrisons Mackerel Fillets In BBQ Sauce125g,£1.15,92p per 100g,
Morrisons Mackerel Fillets In Brine (125g),Morrisons Mackerel Fillets In Brine (125g)88g,£1.15,£1.31 per 100g,
Morrisons Mackerel Fillets In Korma Sauce,Morrisons Mackerel Fillets In Korma Sauce125g,£1.15,92p per 100g,
Morrisons Mackerel Fillets In Olive Oil  (125g),Morrisons Mackerel Fillets In Olive Oil  (125g)90g,£1.15,£1.28 per 100g,
Morrisons Mackerel Fillets In Red Thai Curry Sauce,Morrisons Mackerel Fillets In Red Thai Curry Sauce125g,£1.15,92p per 100g,
Morrisons Mackerel Fillets In Smokey BBQ Sauce,Morrisons Mackerel Fillets In Smokey BBQ Sauce125g,£1.15,92p per 100g,
Morrisons Mackerel Fillets in Spicy Chilli Dressing,Morrisons Mackerel Fillets in Spicy Chilli Dressing125g,£1.15,92p per 100g,
Morrisons Mackerel Fillets In Spicy Tomato Sauce ,Morrisons Mackerel Fillets In Spicy Tomato Sauce 125g,£1.15,92p per 100g,
Morrisons Mackerel Fillets in Sunflower Oil  (125g),Morrisons Mackerel Fillets in Sunflower Oil  (125g)90g,£1.15,£1.28 per 100g,
Morrisons Mackerel Fillets In Tikka Masala Sauce,Morrisons Mackerel Fillets In Tikka Masala Sauce125g,£1.15,92p per 100g,
Morrisons Mackerel Fillets In Tomato Sauce ,Morrisons Mackerel Fillets In Tomato Sauce 125g,£1.15,92p per 100g,
Morrisons Mackerel Fillets In Vinaigrette,Morrisons Mackerel Fillets In Vinaigrette125g,£1.15,92p per 100g,
Morrisons Mackerel Fillets In Water,Morrisons Mackerel Fillets In Water125g,£1.15,92p per 100g,
Morrisons Mackerel Sweet Chill,Morrisons Mackerel Sweet Chill125g,£1.15,92p per 100g,
Morrisons Malted Milk Biscuits,Morrisons Malted Milk Biscuits200g,69p,34.5p per 100g,
Morrisons Malt Vinegar          ,Morrisons Malt Vinegar          568ml,65p,11.4p per 100ml,
Morrisons Malt Vinegar           ,Morrisons Malt Vinegar           1.14L,£1.29,11.3p per 100ml,
Morrisons Mandarins In Juice (298g),Morrisons Mandarins In Juice (298g)175g,£1.09,£6.23 per kg,
Morrisons Mandarins In Syrup (312g),Morrisons Mandarins In Syrup (312g)175g,£1.09,62.3p per 100g,
Morrisons  Mango & Banana Bar ,Morrisons  Mango & Banana Bar 150g,£1.99,£1.33 per 100g,
Morrisons Mango Chutney    ,Morrisons Mango Chutney    340g,£2.09,61.5p per 100g,
Morrisons Maple & Pecan Clusters ,Morrisons Maple & Pecan Clusters 500g,£2.15,43p per 100g,
Morrisons Marjoram         ,Morrisons Marjoram         9g,£1.09,£1.21 per 10g,Buy 2 for £2
Morrisons Marrowfat Peas (300g),Morrisons Marrowfat Peas (300g)180g,65p,£3.61 per kg,
Morrisons Marrowfat Peas With Mint,Morrisons Marrowfat Peas With Mint220g,55p,£2.50 per kg,
Morrisons Marshmallows,Morrisons Marshmallows200g,£1.25,62.5p per 100g,
Morrisons Massaman Paste,Morrisons Massaman Paste180g,£2.19,£1.22 per 100g,
Morrisons Mayonnaise,Morrisons Mayonnaise500ml,£1.19,23.8p per 100ml,
Morrisons Mayonnaise,Morrisons Mayonnaise750ml,£1.85,24.7p per 100ml,
Morrisons Meatballs In Tomato Sauce ,Morrisons Meatballs In Tomato Sauce 380g,£1.25,32.9p per 100g,
Morrisons Meaty Crisps 6 X 25G,Morrisons Meaty Crisps 6 X 25G150g,£1.19,79.3p per 100g,Buy 2 for £2
Morrisons Mediterranean Couscous,Morrisons Mediterranean Couscous110g,65p,£5.91 per kg,
Morrisons Medium Curry Powder ,Morrisons Medium Curry Powder 90g,£1.29,14.3p per 10g,
Morrisons Medium Egg Noodles ,Morrisons Medium Egg Noodles 250g,£1.15,£4.60 per kg,
Morrisons Meringue Nests,Morrisons Meringue Nests8 per pack,£1.59,19.9p each,
Morrisons Mexican Chicken & Bean Soup,Morrisons Mexican Chicken & Bean Soup400g,99p,24.8p per 100g,
Morrisons Mexican Micro Rice ,Morrisons Mexican Micro Rice 250g,75p,£3.00 per kg,
Morrisons Microwave Rice Medley,Morrisons Microwave Rice Medley220g,75p,£3.41 per kg,
Morrisons Microwave Whole Grain Rice & Quinoa,Morrisons Microwave Whole…220g,85p,£3.86 per kg,
Morrisons Microwave Wholegrain Rice Quinoa Tom/Basil ,Morrisons Microwave Wholegrai…220g,85p,£3.86 per kg,
Morrisons Mighty Malties,Morrisons Mighty Malties625g,£1.15,18.4p per 100g,
Morrisons Mild Chilli Cooking Sauce,Morrisons Mild Chilli Cooking Sauce500g,£1.19,23.8p per 100g,
Morrisons Mild Chilli Powder,Morrisons Mild Chilli Powder45g,£1.09,£2.42 per 100g,Buy 2 for £2
Morrisons Mild Curry Instant Noodles,Morrisons Mild Curry Instant Noodles85g,55p,£6.47 per kg,
"Morrisons Milk, Dark & White Chocolate Biscuit Assortment","Morrisons Milk, Dark & White Choc…450g",£4.50,£1.00 per 100g,
Morrisons Milk Chocolate ,Morrisons Milk Chocolate 100g,89p,89p per 100g,
Morrisons Milk Chocolate Break Multipack,Morrisons Milk Chocolate Break Multipack8 per pack,£1.09,13.6p each,
Morrisons Milk Chocolate Chips ,Morrisons Milk Chocolate Chips 100g,99p,99p per 100g,
Morrisons Milk Chocolate Cookies ,Morrisons Milk Chocolate Cookies 200g,£1.20,60p per 100g,
Morrisons Milk Chocolate Digestives,Morrisons Milk Chocolate Digestives300g,85p,28.3p per 100g,
Morrisons Milk Chocolate Malted Milk Biscuits,Morrisons Milk Chocolate Malted Milk Biscuits250g,£1.29,51.6p per 100g,
Morrisons Milk Chocolate Rice Cakes ,Morrisons Milk Chocolate Rice Cakes 102g,£1.25,£1.23 per 100g,
Morrisons Milk Chocolate Sitting Bunny,Morrisons Milk Chocolate Sitting Bunny100g,£1.50,£1.50 per 100g,
Morrisons Milk Chocolate Turkish Thins,Morrisons Milk Chocolate Turkish Thins180g,£1.25,69.4p per 100g,
Morrisons Minced Beef & Onion,Morrisons Minced Beef & Onion392g,£2.75,70.2p per 100g,
Morrisons Minestrone Soup,Morrisons Minestrone Soup400g,85p,21.3p per 100g,
Morrisons Mini Cheese Bakes,Morrisons Mini Cheese Bakes7 x 24g,99p,58.9p per 100g,
Morrisons Mini Jazzies Cake Decorations,Morrisons Mini Jazzies Cake Decorations50g,£1.15,£2.30 per 100g,
Morrisons Mini Mallows,Morrisons Mini Mallows180g,£1.99,£1.11 per 100g,
Morrisons Mini Meringue Pieces,Morrisons Mini Meringue Pieces80 per pack,£1.25,1.6p each,
Morrisons Mini Naan Plain  ,Morrisons Mini Naan Plain  4 per pack,£1,25p each,
Morrisons Mini Poppadoms,Morrisons Mini Poppadoms70g,£1.25,£1.79 per 100g,Buy 2 for £2
Morrisons Mint             ,Morrisons Mint             14g,£1.09,77.9p per 10g,Buy 2 for £2
Morrisons Mint Chocolate Rice Cakes,Morrisons Mint Chocolate Rice Cakes68g,£1.25,£1.84 per 100g,
Morrisons Mint Humbugs     ,Morrisons Mint Humbugs     200g,£1.25,62.5p per 100g,
Morrisons Mint Imperials   ,Morrisons Mint Imperials   200g,£1.25,62.5p per 100g,
Morrisons Mint Jelly,Morrisons Mint Jelly315g,£1.75,55.6p per 100g,
Morrisons Mint Sauce,Morrisons Mint Sauce180g,69p,38.3p per 100g,
Morrisons Mixed Beans (300g),Morrisons Mixed Beans (300g)185g,89p,£4.81 per kg,
Morrisons Mixed Bean Salad (400g),Morrisons Mixed Bean Salad (400g)240g,89p,£3.71 per kg,
Morrisons Mixed Herbs      ,Morrisons Mixed Herbs      14g,£1.09,77.9p per 10g,Buy 2 for £2
Morrisons Mixed Mushrooms,Morrisons Mixed Mushrooms280g,£2.39,85.4p per 100g,
Morrisons Mixed Peel,Morrisons Mixed Peel200g,£1.19,59.5p per 100g,
Morrisons Mixed Peppercorn Grinder,Morrisons Mixed Peppercorn Grinder40g,£2.50,£6.25 per 100g,
Morrisons Mixed Pickle (440g),Morrisons Mixed Pickle (440g)242g,£1.39,57.4p per 100g,
Morrisons Molten Magma 10 Coffee Bags,Morrisons Molten Magma 10 Coffee Bags75g,£2.15,£2.87 per 100g,
Morrisons Molten Magma Ground Coffee ,Morrisons Molten Magma Ground Coffee 227g,£2.79,£1.23 per 100g,
Morrisons Muffin Cake Cases,Morrisons Muffin Cake Cases75 per pack,£1.65,2.2p each,
Morrisons Natural Breadcrumbs,Morrisons Natural Breadcrumbs175g,£1.15,65.7p per 100g,
Morrisons New Potatoes (300g),Morrisons New Potatoes (300g)195g,99p,£5.08 per kg,
Morrisons New York Style Caramel & White Chocolate Cookie Mix,Morrisons New York Style Caramel &…300g,£2,66.7p per 100g,
Morrisons New York Style Chocolate Cookie Mix,Morrisons New York Style Chocolate Cookie Mix300g,£2,66.7p per 100g,
Morrisons Nice Biscuits,Morrisons Nice Biscuits200g,69p,34.5p per 100g,
Morrisons No Added Sugar Swiss Style Muesli,Morrisons No Added Sugar Swiss Style Muesli1kg,£2.79,27.9p per 100g,
Morrisons No Drain Tuna Steak In A Little Spring Water ,Morrisons No Drain Tuna Steak I…3 x 110g,£4,£1.21 per 100g,
Morrisons Nonpareille Capers 99G,Morrisons Nonpareille Capers 99G99g,£1.55,£1.57 per 100g,
Morrisons Nougat Whips ,Morrisons Nougat Whips 6 x 22g,£1.15,87.1p per 100g,
Morrisons Nourish Chilli Chicken High Protein Noodle Pot,Morrisons Nourish Chilli Chicke…70g,£1,£14.29 per kg,
Morrisons Nourish Katsu Curry High Protein Noodle Pot ,Morrisons Nourish Katsu Curry H…70g,£1,£14.29 per kg,
Morrisons Oat & Raisin Cookies Mix 275G,Morrisons Oat & Raisin Cookies Mix 275G275g,£1.89,68.7p per 100g,
Morrisons Oat Nobblies     ,Morrisons Oat Nobblies     300g,75p,25p per 100g,
Morrisons Olive Oil ,Morrisons Olive Oil 250ml,£1.89,75.6p per 100ml,
Morrisons Olive Oil ,Morrisons Olive Oil 1L,£5.09,50.9p per 100ml,
Morrisons Olive Oil Cooking Spray,Morrisons Olive Oil Cooking Spray190ml,£1.70,89.5p per 100ml,
Morrisons Onion Granules   ,Morrisons Onion Granules   42g,£1.09,26p per 10g,Buy 2 for £2
Morrisons Onion Gravy Granules  ,Morrisons Onion Gravy Granules  200g,£1.15,57.5p per 100g,
Morrisons Onion Rings ,Morrisons Onion Rings 6 x 17g,£1.29,£1.26 per 100g,Buy 2 for £2
Morrisons Onion Rings,Morrisons Onion Rings125g,£1.25,£1.00 per 100g,Buy 2 for £2
Morrisons Orange And Lemon Slices Sprinkles ,Morrisons Orange And Lemon Slices Sprinkles 50g,£1.15,£2.30 per 100g,
Morrisons Oregano          ,Morrisons Oregano          12g,£1.09,90.8p per 10g,Buy 2 for £2
Morrisons Organic Cacao Nibs,Morrisons Organic Cacao Nibs180g,£3.50,£1.94 per 100g,
Morrisons Organic Cacao Nibs,Morrisons Organic Cacao Nibs100g,£2.15,£2.15 per 100g,
Morrisons Organic Cacao Powder,Morrisons Organic Cacao Powder,£2.80,,
Morrisons Organic Cannellini Beans In Water,Morrisons Organic Cannellini Beans In Water400g,£1.05,£2.63 per kg,
Morrisons Organic Chia Seeds ,Morrisons Organic Chia Seeds 250g,£3.30,£1.32 per 100g,
Morrisons Organic Chick Peas In Water (400g),Morrisons Organic Chick Peas In Water (400g)246g,£1.05,42.7p per 100g,
Morrisons Organic Chopped Tomatoes,Morrisons Organic Chopped Tomatoes400g,£1.39,34.8p per 100g,
Morrisons Organic Ground Coffee,Morrisons Organic Ground Coffee227g,£2.79,£1.23 per 100g,
Morrisons Organic Maca Powder,Morrisons Organic Maca Powder100g,£2.80,£2.80 per 100g,
Morrisons Organic Milled Linseeds,Morrisons Organic Milled Linseeds180g,£2.75,£1.53 per 100g,
Morrisons Organic Muesli ,Morrisons Organic Muesli 500g,£2.50,50p per 100g,
Morrisons Organic Plain Flour,Morrisons Organic Plain Flour1kg,£1.55,15.5p per 100g,
Morrisons Organic Quinoa Flakes ,Morrisons Organic Quinoa Flakes 500g,£4.50,90p per 100g,
Morrisons Organic Red Kidney Beans In Water,Morrisons Organic Red Kidney Beans In Water400g,£1.05,£2.63 per kg,
Morrisons Organic Self Raising Flour,Morrisons Organic Self Raising Flour1kg,£1.40,14p per 100g,
Morrisons Organic Spaghetti,Morrisons Organic Spaghetti500g,£1.35,£2.70 per kg,
Morrisons Organic Spirulina Powder,Morrisons Organic Spirulina Powder100g,£2.80,£2.80 per 100g,
Morrisons  Organic Wheatgrass Powder,Morrisons  Organic Wheatgrass Powder100g,£2.80,£2.80 per 100g,
Morrisons Organic Wholewheat Spaghetti ,Morrisons Organic Wholewheat Spaghetti 500g,£1.35,27p per 100g,
Morrisons Original Oat 10 Sachets,Morrisons Original Oat 10 Sachets270g,£1.19,44.1p per 100g,
Morrisons Original Oats,Morrisons Original Oats750g,£1.99,26.5p per 100g,
Morrisons Original Porridge Pot,Morrisons Original Porridge Pot55g,59p,£1.07 per 100g,Porridge Pots Bundle - Buy Any 3 For £1.30
Morrisons Orzo,Morrisons Orzo500g,£1.39,£2.78 per kg,
Morrisons Paella Rice,Morrisons Paella Rice500g,£2.29,£4.58 per kg,
Morrisons Paella Seasoning,Morrisons Paella Seasoning56g,£1.09,£1.95 per 100g,Buy 2 for £2
Morrisons Panko Breadcrumbs,Morrisons Panko Breadcrumbs150g,£1.99,£1.33 per 100g,
Morrisons Paprika   ,Morrisons Paprika   45g,£1.09,24.2p per 10g,Buy 2 for £2
Morrisons Parsley          ,Morrisons Parsley          11g,£1.09,99.1p per 10g,Buy 2 for £2
Morrisons Passata,Morrisons Passata500g,79p,£1.58 per kg,
Morrisons Passata With Basil,Morrisons Passata With Basil390g,89p,£2.28 per kg,
Morrisons Passata with Onion & Garlic,Morrisons Passata with Onion & Garlic390g,89p,£2.28 per kg,
Morrisons Pastel Writing Icing Pack ,Morrisons Pastel Writing Icing Pack 76g,£2.15,£2.83 per 100g,
Morrisons Peach Slices In Juice,Morrisons Peach Slices In Juice411g,£1.09,£2.65 per kg,
Morrisons Peach Slices In Juice (220g),Morrisons Peach Slices In Juice (220g)130g,79p,£6.08 per kg,
Morrisons Peanut Cookies,Morrisons Peanut Cookies200g,£1.09,54.5p per 100g,
Morrisons Pear Halves In Juice (410g),Morrisons Pear Halves In Juice (410g)230g,£1.09,£4.74 per kg,
Morrisons Pear Quarters In Juice (220g),Morrisons Pear Quarters In Juice (220g)125g,79p,£6.32 per kg,
Morrisons Pecan Nuts,Morrisons Pecan Nuts250g,£4.49,£1.80 per 100g,
Morrisons Peeled Plum Tomatoes,Morrisons Peeled Plum Tomatoes400g,45p,£1.13 per kg,
Morrisons Peeled Plum Tomatoes ,Morrisons Peeled Plum Tomatoes 4 x 400g,£1.70,£1.06 per kg,
Morrisons Penne,Morrisons Penne500g,95p,£1.90 per kg,Buy 2 for £1.60
Morrisons Peri Peri Mayo,Morrisons Peri Peri Mayo270g,£1.25,46.3p per 100g,
Morrisons Petit Four Paper Cases ,Morrisons Petit Four Paper Cases 100 per pack,£1.65,1.7p each,
Morrisons Petits Pois & Carrots (400g),Morrisons Petits Pois & Carrots (400g)265g,£1.29,£4.87 per kg,
Morrisons Petits Pois (400g),Morrisons Petits Pois (400g)280g,£1.10,£3.93 per kg,
Morrisons Piccalilli,Morrisons Piccalilli440g,£1.75,39.8p per 100g,
Morrisons Pickled Onions   (440g),Morrisons Pickled Onions   (440g)225g,95p,42.2p per 100g,
Morrisons Pickled Sliced Red Onions,Morrisons Pickled Sliced Red Onions365g,£1.75,47.9p per 100g,
Morrison Spicy Vegetable Couscous 110G,Morrison Spicy Vegetable Couscous 110G110g,65p,£5.91 per kg,
Morrisons Pilau Micro Rice ,Morrisons Pilau Micro Rice 250g,38p,£1.52 per kg,"Offer price 38p, was 49p"
Morrisons Pimento Stuffed Green Olives In Brine,Morrisons Pimento Stuffed Green Olives In Brine810g,£2.45,30.2p per 100g,
Morrisons Pimiento-Stuffed Olives (340g),Morrisons Pimiento-Stuffed Olives (340g)190g,£1.19,62.6p per 100g,
Morrisons Pineapple Chunks In Juice ,Morrisons Pineapple Chunks In Juice 425g,£1.09,£2.56 per kg,
Morrisons Pineapple Slices in Fruit Juice (227g),Morrisons Pineapple Slices in Fruit Juice (227g)137g,79p,£5.77 per kg,
Morrisons Pineapple Slices In Juice (425g),Morrisons Pineapple Slices In Juice (425g)260g,£1.09,41.9p per 100g,
Morrisons Pineapple Upside Down Sponge Puddings,Morrisons Pineapple Upsid…2 x 107g,£2.09,97.7p per 100g,
Morrisons Pine Nuts,Morrisons Pine Nuts100g,£3.89,£3.89 per 100g,
Morrisons Pink Sprinkle Mix ,Morrisons Pink Sprinkle Mix 80g,£1.15,£1.44 per 100g,
Morrisons Piri Piri Seasoning,Morrisons Piri Piri Seasoning48g,£1.09,22.7p per 10g,Buy 2 for £2
Morrisons Pistachio Kernals,Morrisons Pistachio Kernals100g,£2.39,£2.39 per 100g,
"Morrisons Pitted Black Olives, Drained Weight","Morrisons Pitted Black Olives, Drained Weight153g",£1.09,71.2p per 100g,
Morrisons Pitted Black Olives In Brine ,Morrisons Pitted Black Olives In Brine 810g,£2.60,32.1p per 100g,
Morrisons Pitted Black Olives With Sea Salt,Morrisons Pitted Black Olives With Sea Salt70g,99p,£1.41 per 100g,
Morrisons Pitted Green Olives (330g),Morrisons Pitted Green Olives (330g)163g,£1.09,66.9p per 100g,
Morrisons Pitted Green Olives In Brine ,Morrisons Pitted Green Olives In Brine 810g,£2.60,32.1p per 100g,
Morrisons Pitted Green Olives With Chilli,Morrisons Pitted Green Olives With Chilli70g,99p,£1.41 per 100g,
Morrisons Pitted Green Olives With Garlic & Thyme,Morrisons Pitted Green Oliv…70g,£1.09,£1.56 per 100g,
Morrisons Pitted Kalamata Olives,Morrisons Pitted Kalamata Olives240g,£2.40,£1.00 per 100g,
Morrisons Pizza Base Mix,Morrisons Pizza Base Mix145g,£1.20,£8.28 per kg,
Morrisons Plain Crumble Mix,Morrisons Plain Crumble Mix450g,£1.19,26.4p per 100g,
Morrisons Plain Flour,Morrisons Plain Flour500g,55p,£1.10 per kg,
Morrisons Plain Naan Bread         ,Morrisons Plain Naan Bread         2 per pack,£1.35,67.5p each,
Morrisons Plain Sponge Mix,Morrisons Plain Sponge Mix400g,£1.19,29.8p per 100g,
Morrisons Plant Revolution Korma Cooking Sauce,Morrisons Plant Revolutio…490g,75p,15.3p per 100g,
Morrisons Pomegranate Molasses,Morrisons Pomegranate Molasses210g,£3.69,£17.57 per kg,
Morrisons Poppadoms Plain ,Morrisons Poppadoms Plain 8 per pack,£1.55,19.4p each,
Morrisons Poppadoms Spicy  ,Morrisons Poppadoms Spicy  8 per pack,£1.55,19.4p each,
Morrisons Poppy & Sesame Thins ,Morrisons Poppy & Sesame Thins 150g,£1.09,72.7p per 100g,
Morrisons Poppy Seeds ,Morrisons Poppy Seeds 100g,£1,£1.00 per 100g,
Morrisons Pork Luncheon Meat,Morrisons Pork Luncheon Meat300g,£1.99,66.3p per 100g,
Morrisons Porridge Oats ,Morrisons Porridge Oats 1kg,£1.25,12.5p per 100g,"Offer price £1.25, was £1.29"
Morrisons Prawn Cocktail Flavour Crisps Multipack,Morrisons Prawn Cocktail Flavour Crisps Multipack6 x 25g,£1.19,79.3p per 100g,Buy 2 for £2
Morrisons Prawn Crackers,Morrisons Prawn Crackers70g,£1.25,£1.79 per 100g,Buy 2 for £2
Morrisons Premium Ham,Morrisons Premium Ham200g,£1.99,99.5p per 100g,
Morrisons Premium Ham ,Morrisons Premium Ham 340g,£3.19,93.8p per 100g,
Morrisons Puffed Wheat,Morrisons Puffed Wheat160g,£1.29,80.6p per 100g,
Morrisons Pure Camomile Tea Bags 40's,Morrisons Pure Camomile Tea Bags 40's80g,£1.65,£2.06 per 100g,Buy 2 for £2
Morrisons Pure Clear Honey,Morrisons Pure Clear Honey227g,79p,34.8p per 100g,
Morrisons Pure Clear Honey,Morrisons Pure Clear Honey454g,£1.75,38.5p per 100g,
Morrisons Pure Peppermint Tea,Morrisons Pure Peppermint Tea80g,£1.65,£2.06 per 100g,Buy 2 for £2
Morrisons Pure Set Honey,Morrisons Pure Set Honey454g,£1.75,38.5p per 100g,
Morrisons Quartered Artichokes,Morrisons Quartered Artichokes280g,£2.39,85.4p per 100g,
Morrisons Quick Cook Fusilli ,Morrisons Quick Cook Fusilli 500g,95p,19p per 100g,Buy 2 for £1.60
Morrisons Quinoa,Morrisons Quinoa300g,£2.15,£7.17 per kg,
Morrisons Rainbow Cupcake Kit ,Morrisons Rainbow Cupcake Kit 282g,£1.89,67p per 100g,
Morrisons Raisins,Morrisons Raisins1kg,£3.59,£3.59 per kg,
Morrisons Raisins,Morrisons Raisins500g,£1.99,£3.98 per kg,
Morrisons Raita,Morrisons Raita195g,£1.79,91.8p per 100g,
Morrisons Rapeseed Oil 1 Cal Cooking Spray,Morrisons Rapeseed Oil 1 Cal Cooking Spray190ml,£1.70,89.5p per 100ml,
Morrisons Ras El Hanout Paste,Morrisons Ras El Hanout Paste120g,£2.39,£1.99 per 100g,
Morrisons Ras El Hanout Seasoning ,Morrisons Ras El Hanout Seasoning 40g,£1.09,£2.73 per 100g,Buy 2 for £2
Morrisons Raspberry Jam Sponge Puddings,Morrisons Raspberry Jam Sponge Puddings2 x 96g,£2.09,£1.09 per 100g,
Morrisons Ready Rolled White Icing ,Morrisons Ready Rolled White Icing 450g,£3.15,70p per 100g,
Morrisons Ready Roll White Icing,Morrisons Ready Roll White Icing500g,£1.65,33p per 100g,
Morrisons Ready Salted Flavour Crisps Multipack,Morrisons Ready Salted Flavour Crisps Multipack6 x 25g,£1.19,79.3p per 100g,Buy 2 for £2
Morrisons Ready to Eat Custard Pot,Morrisons Ready to Eat Custard Pot150g,50p,33.3p per 100g,
Morrisons Ready To Roll Black Icing,Morrisons Ready To Roll Black Icing250g,£1.89,75.6p per 100g,
Morrisons Ready To Roll Blue Icing,Morrisons Ready To Roll Blue Icing250g,£1.89,75.6p per 100g,
Morrisons Ready to Roll Icing ,Morrisons Ready to Roll Icing 1kg,£2.25,22.5p per 100g,
Morrisons Ready To Roll Red Icing,Morrisons Ready To Roll Red Icing250g,£1.89,75.6p per 100g,
Morrisons Ready To Roll Yellow Icing,Morrisons Ready To Roll Yellow Icing250g,£1.89,75.6p per 100g,
Morrisons Ready To Serve Custard,Morrisons Ready To Serve Custard500g,£1.15,23p per 100g,
Morrisons Ready To Serve Custard,Morrisons Ready To Serve Custard1kg,£1.99,19.9p per 100g,
Morrisons Ready To Serve Custard,Morrisons Ready To Serve Custard400g,85p,21.3p per 100g,
Morrisons Ready To Use Royal Icing,Morrisons Ready To Use Royal Icing400g,£2.60,65p per 100g,
Morrisons Red Berry Blush Tea 40 Per Pack,Morrisons Red Berry Blush Tea 40 Per Pack80g,£1.65,£2.06 per 100g,Buy 2 for £2
Morrisons Red Blue & White Strands,Morrisons Red Blue & White Strands65g,£1.15,£1.77 per 100g,
Morrisons Red Cabbage (440g),Morrisons Red Cabbage (440g)200g,£1.65,82.5p per 100g,
Morrisons Red Cabbage (710g),Morrisons Red Cabbage (710g)320g,£2.25,70.3p per 100g,
Morrisons Redcurrant Jelly,Morrisons Redcurrant Jelly340g,£1.85,54.4p per 100g,
Morrisons Red Kidney Beans (390g),Morrisons Red Kidney Beans (390g)230g,65p,£2.83 per kg,
Morrisons Red Kidney Beans (400g),Morrisons Red Kidney Beans (400g)240g,75p,£3.13 per kg,
Morrisons Red Kidney Beans in Chilli Sauce,Morrisons Red Kidney Beans in Chilli Sauce405g,89p,£2.20 per kg,
Morrisons Red Label Loose Tea,Morrisons Red Label Loose Tea250g,£1.39,55.6p per 100g,
Morrisons Red Pesto,Morrisons Red Pesto190g,£1.25,65.8p per 100g,
Morrisons Red Salmon       ,Morrisons Red Salmon       213g,£3.40,£1.60 per 100g,
Morrisons Red Thai Cooking Sauce ,Morrisons Red Thai Cooking Sauce 340g,£1.19,35p per 100g,
Morrisons Red Thai Paste,Morrisons Red Thai Paste180g,£2.19,£1.22 per 100g,
Morrisons Reduced Fat Basil Pesto,Morrisons Reduced Fat Basil Pesto190g,£1.25,65.8p per 100g,
Morrisons Reducedfat Peanut Butter,Morrisons Reducedfat Peanut Butter340g,£1.49,43.8p per 100g,
Morrisons Reduced Salt & Sugar Tomato Ketchup,Morrisons Reduced Salt & Sugar Tomato Ketchup440g,80p,18.2p per 100g,
Morrisons Reduced Salt Gravy Granules ,Morrisons Reduced Salt Gravy Granules 200g,£1.15,57.5p per 100g,
Morrisons Red White & Blue Bunting Icing Kit ,Morrisons Red White & Blue Bunting Icing Kit 300g,£3.50,£1.17 per 100g,
Morrisons Red Wine Vinegar,Morrisons Red Wine Vinegar350ml,£1.29,£3.69 per litre,
Morrisons Rice Crackles ,Morrisons Rice Crackles 375g,99p,26.4p per 100g,Buy 2 for £1.80
Morrisons Rice Vinegar     ,Morrisons Rice Vinegar     350ml,£2.39,68.3p per 100ml,
Morrisons Risotto Rice,Morrisons Risotto Rice500g,£3.39,£6.78 per kg,
Morrisons Roasted Red Peppers,Morrisons Roasted Red Peppers295g,£2.39,81p per 100g,
Morrisons Roast Potato Seasoning,Morrisons Roast Potato Seasoning55g,£1.09,£1.98 per 100g,Buy 2 for £2
Morrisons Roast Red Pepper Soup,Morrisons Roast Red Pepper Soup400g,85p,21.3p per 100g,
Morrisons Rooibos 80 Tea Bags ,Morrisons Rooibos 80 Tea Bags 200g,£2.55,£1.28 per 100g,
Morrisons Rose Harissa Paste,Morrisons Rose Harissa Paste115g,£2.25,£1.96 per 100g,
Morrisons Rosemary         ,Morrisons Rosemary         20g,£1.09,54.5p per 10g,
Morrisons Rosemary Crackers,Morrisons Rosemary Crackers185g,£1.29,69.7p per 100g,
Morrisons Sage             ,Morrisons Sage             11g,£1.09,99.1p per 10g,Buy 2 for £2
Morrisons Sage & Onion Stuffing    ,Morrisons Sage & Onion Stuffing    85g,49p,£5.76 per kg,
Morrisons Sage & Onion Stuffing Mix,Morrisons Sage & Onion Stuffing Mix170g,65p,£3.82 per kg,
Morrisons Salad Cream ,Morrisons Salad Cream 420g,£1.29,30.7p per 100g,
Morrisons Salmon Paste,Morrisons Salmon Paste75g,55p,73.3p per 100g,
Morrisons Salt & Vinegar Twirls,Morrisons Salt & Vinegar Twirls125g,£1.19,95.2p per 100g,Buy 2 for £2
Morrisons Salt/Pepper Crackers ,Morrisons Salt/Pepper Crackers 185g,£1.29,69.7p per 100g,
Morrisons Salt and Vinegar Flavour Crisps Multipack,Morrisons Salt and Vinegar Fl…6 x 25g,£1.19,79.3p per 100g,Buy 2 for £2
Morrisons Salt and Vinegar Rice Cakes,Morrisons Salt and Vinegar Rice Cakes129g,£1.09,84.5p per 100g,Rice Cakes - Buy Any 3 for £3
Morrisons Salted Caramel Dusting,Morrisons Salted Caramel Dusting80g,99p,£1.24 per 100g,
Morrisons Salted Cashews,Morrisons Salted Cashews260g,£3.29,£1.27 per 100g,
Morrisons Salted Peanuts ,Morrisons Salted Peanuts 200g,£1.09,54.5p per 100g,
Morrisons Salted Peanuts ,Morrisons Salted Peanuts 450g,£1.65,36.7p per 100g,
Morrisons Salted Popcorn ,Morrisons Salted Popcorn 100g,£1.15,£1.15 per 100g,
Morrisons Sandwich Piccalilli,Morrisons Sandwich Piccalilli295g,£1.29,43.7p per 100g,
Morrisons Sandwich Pickle,Morrisons Sandwich Pickle300g,£1.45,48.3p per 100g,
Morrisons Sardine & Tomato Paste ,Morrisons Sardine & Tomato Paste 75g,55p,73.3p per 100g,
Morrisons Sardine Fillets in Tikka Sauce,Morrisons Sardine Fillets in Tikka Sauce100g,99p,99p per 100g,
Morrisons Sardines In Brine (120g),Morrisons Sardines In Brine (120g)90g,79p,87.8p per 100g,
Morrisons Sardines in Harissa Sauce,Morrisons Sardines in Harissa Sauce100g,99p,99p per 100g,
Morrisons Sardines In Sunflower Oil  (120g),Morrisons Sardines In Sunflower Oil  (120g)90g,69p,76.7p per 100g,
Morrisons Sausage Casserole Sauce,Morrisons Sausage Casserole Sauce500g,£1.19,23.8p per 100g,
Morrisons Sausage Casserole Sauce Mix ,Morrisons Sausage Casserole Sauce Mix 40g,49p,£1.23 per 100g,
Morrisons Savers Beef Curry ,Morrisons Savers Beef Curry 392g,£1.25,31.9p per 100g,
Morrisons Savers Biscuit Assortment,Morrisons Savers Biscuit Assortment700g,£1.49,21.3p per 100g,
Morrisons Savers Chicken & Vegetable Curry,Morrisons Savers Chicken & Vegetable Curry392g,£1.25,31.9p per 100g,
Morrisons Savers Chicken In White Sauce,Morrisons Savers Chicken In White Sauce392g,£1.40,35.7p per 100g,
Morrisons Savers Chilli Con Carne,Morrisons Savers Chilli Con Carne392g,97p,24.7p per 100g,
Morrisons Savers Chopped Tomatoes in Tomato Juice,Morrisons Savers Chopped To…400g,32p,80p per kg,
Morrisons Savers Crunchy Peanut Butter,Morrisons Savers Crunchy Peanut Butter340g,£1.15,33.8p per 100g,
Morrisons Savers Dark Chocolate,Morrisons Savers Dark Chocolate100g,36p,36p per 100g,
Morrisons Savers Gravy Granules,Morrisons Savers Gravy Granules200g,32p,16p per 100g,
Morrisons Savers Instant Hot Chocolate Drink,Morrisons Savers Instant Hot Chocolate Drink400g,£1.09,27.3p per 100g,
Morrisons Savers Instant Mash (H),Morrisons Savers Instant Mash (H)120g,28p,£2.33 per kg,
Morrisons Savers Marrowfat Peas (300g),Morrisons Savers Marrowfat Peas (300g)180g,59p,£3.28 per kg,
Morrisons Savers Mayonnaise,Morrisons Savers Mayonnaise500ml,70p,14p per 100ml,
Morrisons Savers Milk Chocolate,Morrisons Savers Milk Chocolate100g,36p,36p per 100g,
Morrisons Savers Muesli,Morrisons Savers Muesli1kg,£1.40,14p per 100g,
Morrisons Savers Mushy Peas,Morrisons Savers Mushy Peas300g,25p,83.3p per kg,
Morrisons Savers Pasta & Cheese Sauce,Morrisons Savers Pasta & Cheese Sauce100g,36p,£3.60 per kg,
Morrisons Savers Regular Instant Coffee,Morrisons Savers Regular Instant Coffee100g,83p,83p per 100g,
Morrisons Savers Sliced Beetroot (340g),Morrisons Savers Sliced Beetroot (340g)215g,52p,24.2p per 100g,
Morrisons Savers Sultanas,Morrisons Savers Sultanas500g,95p,19p per 100g,
Morrisons Savers Tea Bags 80's,Morrisons Savers Tea Bags 80's200g,69p,34.5p per 100g,
Morrisons Savers White Chocolate,Morrisons Savers White Chocolate100g,36p,36p per 100g,
Morrisons Scone Mix ,Morrisons Scone Mix 300g,89p,29.7p per 100g,
Morrisons Scottish Rough Oatcakes,Morrisons Scottish Rough Oatcakes250g,90p,36p per 100g,
Morrisons Sea Salt Grinder,Morrisons Sea Salt Grinder100g,£2.19,£21.90 per kg,
Morrisons Sea Salt Scalloped Crackers,Morrisons Sea Salt Scalloped Crackers185g,£1.19,64.3p per 100g,
Morrisons Seedless Raspberry Jam,Morrisons Seedless Raspberry Jam454g,£1.15,25.3p per 100g,
Morrisons Self Raising Flour,Morrisons Self Raising Flour500g,55p,£1.10 per kg,
Morrisons Self Raising Flour,Morrisons Self Raising Flour1.5kg,79p,52.7p per kg,
Morrisons Sesame Seeds,Morrisons Sesame Seeds100g,£1.15,£1.15 per 100g,
Morrisons Sharing Bread & Butter Pudding,Morrisons Sharing Bread & Butter Pudding450g,£3.75,83.3p per 100g,
Morrisons Sherbet Lemon,Morrisons Sherbet Lemon180g,£1.25,69.4p per 100g,
Morrisons Sherry Vinegar   ,Morrisons Sherry Vinegar   350ml,£1.99,56.9p per 100ml,
Morrisons Shortbread Fingers ,Morrisons Shortbread Fingers 210g,95p,45.2p per 100g,
Morrisons Short Grain Rice Pudding Rice,Morrisons Short Grain Rice Pudding Rice1kg,£2.99,£2.99 per kg,
Morrisons Shorties ,Morrisons Shorties 200g,81p,40.5p per 100g,
Morrisons Shredless Orange Marmalade,Morrisons Shredless Orange Marmalade454g,89p,19.6p per 100g,
Morrisons Silver & Gold Foil Cupcake Cases,Morrisons Silver & Gold Foil Cupcake Cases30 per pack,£1.50,5p each,
Morrisons Silverskin Onions (440g),Morrisons Silverskin Onions (440g)225g,95p,42.2p per 100g,
Morrisons Simmer Sauce Bread Mix  ,Morrisons Simmer Sauce Bread Mix  40g,49p,12.3p per 10g,
Morrisons Simmer Sauce Cheese Mix  ,Morrisons Simmer Sauce Cheese Mix  30g,49p,16.3p per 10g,
Morrisons Simmer Sauce Onion Mix  ,Morrisons Simmer Sauce Onion Mix  31g,49p,15.8p per 10g,
Morrisons Simmer Sauce Parsley Mix ,Morrisons Simmer Sauce Parsley Mix 21g,49p,£2.33 per 100g,
Morrisons Simply Granola,Morrisons Simply Granola1kg,£2.49,24.9p per 100g,
Morrisons Skin & Boned Red Salmon ,Morrisons Skin & Boned Red Salmon 170g,£4.25,£2.50 per 100g,
Morrisons Sliced Beetroot (340g),Morrisons Sliced Beetroot (340g)215g,£1.19,55.3p per 100g,
Morrisons Sliced Black Olives (240g),Morrisons Sliced Black Olives (240g)120g,£1.09,90.8p per 100g,
Morrisons Sliced Jalapenos ,Morrisons Sliced Jalapenos 210g,£1.29,61.4p per 100g,
Morrisons  Sliced Mushrooms In Water (290g),Morrisons  Sliced Mushr…142g,£1.09,£7.68 per kg,
Morrisons Small Processed Peas In Water (300g),Morrisons Small Processed…180g,65p,£3.61 per kg,
Morrisons Smoky BBQ Fajita Kit,Morrisons Smoky BBQ Fajita Kit475g,£2.39,50.3p per 100g,
Morrisons Smooth Peanut Butter,Morrisons Smooth Peanut Butter700g,£2.99,42.7p per 100g,
Morrisons Smooth Peanut Butter,Morrisons Smooth Peanut Butter340g,£1.49,43.8p per 100g,
Morrisons Soft Apricots,Morrisons Soft Apricots250g,£2.65,£1.06 per 100g,
Morrisons Soft Pitted Prunes,Morrisons Soft Pitted Prunes1kg,£6.25,62.5p per 100g,
Morrisons Soft Raisin Mix ,Morrisons Soft Raisin Mix 200g,£1.99,99.5p per 100g,
Morrisons Sour Cream & Onion Party Mix,Morrisons Sour Cream & Onion Party Mix150g,£1.15,76.7p per 100g,
Morrisons Southern Fried Seasoning,Morrisons Southern Fried Seasoning48g,£1.09,22.7p per 10g,Buy 2 for £2
Morrisons Spaghetti,Morrisons Spaghetti500g,95p,£1.90 per kg,Buy 2 for £1.60
Morrisons Spaghetti Bolognese,Morrisons Spaghetti Bolognese395g,95p,£2.41 per kg,
Morrisons Spaghetti in Tomato Sauce,Morrisons Spaghetti in Tomato Sauce395g,49p,£1.24 per kg,
Morrisons Spaghetti Loops in Tomato Sauce,Morrisons Spaghetti Loops in Tomato Sauce210g,39p,£1.86 per kg,
Morrisons Spaghetti Loops in Tomato Sauce,Morrisons Spaghetti Loops in Tomato Sauce395g,49p,£1.24 per kg,
Morrisons Spaghetti Rings with Sausages in Tomato Sauce,Morrisons Spaghetti Rings with…395g,95p,£2.41 per kg,
Morrisons Special Flakes,Morrisons Special Flakes500g,£1.99,39.8p per 100g,
Morrisons Spicy Tomato & Pepper Microwave Pasta ,Morrisons Spicy Tomato & Pepper Microwave Pasta 200g,£1.25,62.5p per 100g,
Morrisons Spinach & Ricotta Filled Gnocchi,Morrisons Spinach & Ricotta Filled Gnocchi400g,£1.85,46.3p per 100g,
Morrisons Spinach Penne Pasta,Morrisons Spinach Penne Pasta250g,75p,£3.00 per kg,
Morrisons Spirali,Morrisons Spirali500g,95p,£1.90 per kg,Buy 2 for £1.60
Morrisons Sponge Fingers,Morrisons Sponge Fingers175g,£1.15,65.7p per 100g,
Morrisons Spotted Dick Pudding,Morrisons Spotted Dick Pudding2 x 105g,£2.09,99.5p per 100g,
Morrisons Squeezy Acacia Honey,Morrisons Squeezy Acacia Honey340g,£2.35,69.1p per 100g,
Morrisons Squeezy Burger Relish,Morrisons Squeezy Burger Relish310g,£1.79,57.7p per 100g,
Morrisons Squeezy Light Mayonnaise,Morrisons Squeezy Light Mayonnaise450ml,£1.09,24.2p per 100ml,
Morrisons Squeezy Mayonnaise,Morrisons Squeezy Mayonnaise450ml,£1.15,25.6p per 100ml,
Morrisons Squeezy Pure Honey,Morrisons Squeezy Pure Honey454g,£2.59,57p per 100g,
Morrisons Squeezy Sweetcorn Relish,Morrisons Squeezy Sweetcorn Relish300g,£1.79,59.7p per 100g,
Morrisons Star Anise       ,Morrisons Star Anise       16g,£1.09,68.1p per 10g,Buy 2 for £2
Morrisons Steak Seasoning,Morrisons Steak Seasoning55g,£1.09,19.8p per 10g,Buy 2 for £2
Morrisons Stem Ginger in Syrup,Morrisons Stem Ginger in Syrup350g,£3.39,96.9p per 100g,
Morrisons Stewed Steak,Morrisons Stewed Steak392g,£3.35,85.5p per 100g,
Morrisons Sticky Toffee Puddings,Morrisons Sticky Toffee Puddings2 x 105g,£2.09,99.5p per 100g,
Morrisons Stir Fry Oil ,Morrisons Stir Fry Oil 250ml,£2.19,87.6p per 100ml,
Morrisons Strawberry & Banana Bar,Morrisons Strawberry & Banana Bar150g,£1.99,£1.33 per 100g,
Morrisons Strawberry & Raspberry Clusters ,Morrisons Strawberry & Raspberry Clusters 500g,£2.15,43p per 100g,
Morrisons Strawberry Bon Bons,Morrisons Strawberry Bon Bons200g,£1.25,62.5p per 100g,
Morrisons Strawberry Granola,Morrisons Strawberry Granola1kg,£2.49,24.9p per 100g,
Morrisons Strawberry Jam,Morrisons Strawberry Jam454g,£1.15,25.3p per 100g,
Morrisons Strawberry Laces,Morrisons Strawberry Laces65g,65p,£1.00 per 100g,
Morrisons Strawberry Pencils,Morrisons Strawberry Pencils75g,65p,86.7p per 100g,
Morrisons Strawberry Straws,Morrisons Strawberry Straws65g,65p,£1.00 per 100g,
Morrisons Strong White Flour,Morrisons Strong White Flour1.5kg,£1.29,86p per kg,
Morrisons Sugar Free Butterscotc,Morrisons Sugar Free Butterscotc42g,£1.05,£2.50 per 100g,
Morrisons Sugar Free Fruit Mix Sweets,Morrisons Sugar Free Fruit Mix Sweets42g,£1.05,£2.50 per 100g,
Morrisons Sugar Free Mint Humbugs,Morrisons Sugar Free Mint Humbugs42g,£1.05,£2.50 per 100g,
Morrisons Sugar Free Rhubarb & Custard,Morrisons Sugar Free Rhubarb & Custard42g,£1.05,£2.50 per 100g,
Morrisons Sugar Stars Sprinkles  ,Morrisons Sugar Stars Sprinkles  46g,£1.15,£2.50 per 100g,
Morrisons Sugar Strand Sprinkles ,Morrisons Sugar Strand Sprinkles 65g,£1.15,£1.77 per 100g,
Morrisons Sultana Bran,Morrisons Sultana Bran500g,£1.85,37p per 100g,
Morrisons Sultanas ,Morrisons Sultanas 500g,£1.85,37p per 100g,
Morrisons Sultanas ,Morrisons Sultanas 1kg,£3.59,35.9p per 100g,
Morrisons Sumac Seasoning,Morrisons Sumac Seasoning49g,£1.09,£2.22 per 100g,Buy 2 for £2
Morrisons Sundried Tomatoes,Morrisons Sundried Tomatoes280g,£2.39,85.4p per 100g,
Morrisons Sundried Tomatoes In Oil With Herbs,Morrisons Sundried Tomato…285g,£2.75,96.5p per 100g,
Morrisons Superberry Granola,Morrisons Superberry Granola750g,£3.49,46.5p per 100g,
Morrisons Sweet & Salt Popcorn ,Morrisons Sweet & Salt Popcorn 100g,£1.15,£1.15 per 100g,
Morrisons Sweet & Sour Sauce,Morrisons Sweet & Sour Sauce500g,£1.19,23.8p per 100g,
Morrisons Sweet & Sour Stir Fry Sauce,Morrisons Sweet & Sour Stir Fry Sauce120g,65p,54.2p per 100g,
Morrisons Sweet Chilli Hummus Chips,Morrisons Sweet Chilli Hummus Chips5 x 20g,£1.15,£1.15 per 100g,
Morrisons Sweet Chilli Stir Fry Sauce,Morrisons Sweet Chilli Stir Fry Sauce120g,65p,54.2p per 100g,
Morrisons Sweetcorn In Water,Morrisons Sweetcorn In Water326g,£1.15,35.3p per 100g,
Morrisons Sweet Corn In Water,Morrisons Sweet Corn In Water198g,89p,44.9p per 100g,
Morrisons Sweet Onions (440g),Morrisons Sweet Onions (440g)225g,95p,42.2p per 100g,
Morrisons Sweet Pickle,Morrisons Sweet Pickle295g,£1.45,49.2p per 100g,
Morrisons Sweet Popcorn ,Morrisons Sweet Popcorn 100g,£1.15,£1.15 per 100g,
Morrisons Syrup Oat 8 Sachets,Morrisons Syrup Oat 8 Sachets312g,£1.19,38.1p per 100g,
Morrisons Syrup Sponge Pudding,Morrisons Syrup Sponge Pudding2 x 105g,£2.09,99.5p per 100g,
Morrisons Table Salt,Morrisons Table Salt750g,65p,86.7p per kg,
Morrisons Table Salt,Morrisons Table Salt65g,55p,£8.46 per kg,
Morrisons Tagliatelle,Morrisons Tagliatelle500g,£1.15,£2.30 per kg,
Morrisons Tandoori Curry Powder,Morrisons Tandoori Curry Powder100g,£1.35,£1.35 per 100g,
Morrisons Tarragon         ,Morrisons Tarragon         7g,£1.09,£1.56 per 10g,Buy 2 for £2
Morrisons Tartare Sauce,Morrisons Tartare Sauce175g,£1.05,60p per 100g,
Morrisons Teeth & Lips,Morrisons Teeth & Lips75g,65p,86.7p per 100g,
Morrisons Teriyaki Stir Fry Sauce,Morrisons Teriyaki Stir Fry Sauce120g,65p,54.2p per 100g,
Morrisons Thai Fragrant Rice,Morrisons Thai Fragrant Rice500g,£1.79,£3.58 per kg,
Morrisons Thai Jasmine Micro Rice,Morrisons Thai Jasmine Micro Rice250g,85p,£3.40 per kg,
Morrisons The Best 32% Cocoa Chocolate With Salted Butterscotch,Morrisons The Best 32% Cocoa Chocolat…100g,£1.69,£1.69 per 100g,
Morrisons The Best 52% Cocoa Chocolate With Mint Oil,Morrisons The Best 52% Cocoa…100g,£1.69,£1.69 per 100g,
Morrisons The Best 52% Cocoa Dark Chocolate Rum & Raisin,Morrisons The Best 52% Cocoa Da…100g,£1.69,£1.69 per 100g,
Morrisons The Best 52% Cocoa Dark Chocolate With Orange,Morrisons The Best 52% Cocoa Da…100g,£1.69,£1.69 per 100g,
Morrisons The Best 74% Dark Cooking Chocolate,Morrisons The Best 74% Dark Cooking Chocolate150g,£2.25,£1.50 per 100g,
Morrisons The Best 85% Cocoa Ecuador Dark Chocolate,Morrisons The Best 85% Cocoa…100g,£1.65,£1.65 per 100g,
Morrisons The Best Aged Gouda Cheese Straws,Morrisons The Best Aged Gouda Cheese Straws100g,£1.85,£1.85 per 100g,
Morrisons The Best All Butter Cheddar Cheese Crumbles,Morrisons The Best All Butter…75g,£1.85,£2.47 per 100g,
Morrisons The Best All Butter Chocolate & Orange Flavour Cookies,Morrisons The Best All Butter Chocola…200g,£1.89,94.5p per 100g,
Morrisons The Best All Butter Shortbread Fingers,Morrisons The Best All Butter Shortbread Fingers165g,£1.99,£1.21 per 100g,
Morrisons The Best All Butter  Shortbread Rounds,Morrisons The Best All Butter  Shortbread Rounds180g,£1.99,£1.11 per 100g,
Morrisons The Best All Butter Sweet Pastry Cases ,Morrisons The Best All Butt…210g,£2.75,£1.31 per 100g,
Morrisons The Best American Peppermint Extract ,Morrisons The Best Americ…38ml,£1.95,51.3p per 10ml,
Morrisons The Best Anglesey Sea Salted & Caramel Frosting,Morrisons The Best Anglesey Sea S…400g,£2.30,57.5p per 100g,
Morrisons The Best Apple & Pear Chutney,Morrisons The Best Apple & Pear Chutney300g,£1.75,58.3p per 100g,
Morrisons The Best Apple & Rosemary Stuffing,Morrisons The Best Apple & Rosemary Stuffing140g,£1.89,£1.35 per 100g,
Morrisons The Best Balsamic Dressing,Morrisons The Best Balsamic Dressing250ml,£2.19,87.6p per 100ml,
Morrisons The Best Balsamic Vinegar,Morrisons The Best Balsamic Vinegar250ml,£6.99,£27.96 per litre,
"Morrisons The Best Beef, Ale & Onion Crisps","Morrisons The Best Beef, Ale & Onion Crisps125g",99p,79.2p per 100g,"Offer price 99p, was £1.09"
Morrisons The Best Beef Gravy,Morrisons The Best Beef Gravy350ml,£1.99,56.9p per 100ml,
Morrisons The Best Beef Gravy Granules,Morrisons The Best Beef Gravy Granules200g,£1.89,94.5p per 100g,
Morrisons The Best Beef Stock,Morrisons The Best Beef Stock450ml,£1.99,44.2p per 100ml,
Morrisons The Best Beetroot & Orange Chutney ,Morrisons The Best Beetro…190g,£1.59,83.7p per 100g,
Morrisons The Best Beetroot & Seed Biscuits,Morrisons The Best Beetroot & Seed Biscuits150g,£1.85,£1.23 per 100g,
Morrisons The Best Belgian Chocolate Chip Shortbread Rounds ,Morrisons The Best Belgian Chocolat…180g,£2.15,£1.19 per 100g,
Morrisons The Best Bella Di Cerignola Olives ,Morrisons The Best Bella Di Cerignola Olives 200g,£2.80,£1.40 per 100g,
Morrisons The Best Bengal Spiced Mango Chutney ,Morrisons The Best Bengal…200g,£1.99,99.5p per 100g,
Morrisons The Best Blackcurrant Conserve,Morrisons The Best Blackcurrant Conserve340g,£1.99,58.5p per 100g,
Morrisons The Best Blonde Chocolate,Morrisons The Best Blonde Chocolate100g,£1.65,£1.65 per 100g,
Morrisons The Best Blue Cheese Dressing ,Morrisons The Best Blue Cheese Dressing 250ml,£2.19,87.6p per 100ml,
Morrisons The Best Bolognese Pasta Sauce,Morrisons The Best Bolognese Pasta Sauce350g,£1.89,54p per 100g,Buy 2 for £3
Morrisons The Best Bramley Apple & Pear Chutney ,Morrisons The Best Bramley…210g,£1.59,75.7p per 100g,
Morrisons The Best Bramley Apple Sauce with Kent Cider,Morrisons The Best Bramley Appl…210g,£1.85,88.1p per 100g,
Morrisons The Best Brinjal Pickle,Morrisons The Best Brinjal Pickle200g,£2.15,£1.08 per 100g,
Morrisons The Best Caramelised Balsamic Onion Chutney ,Morrisons The Best Caramelised…205g,£1.59,77.6p per 100g,
Morrisons The Best Cheddar & Onion Crisps,Morrisons The Best Cheddar & Onion Crisps125g,99p,79.2p per 100g,"Offer price 99p, was £1.09"
Morrisons The Best Cheese Crispies,Morrisons The Best Cheese Crispies100g,£1.85,£1.85 per 100g,
Morrisons The Best Chicken Gravy,Morrisons The Best Chicken Gravy350ml,£1.99,56.9p per 100ml,
Morrisons The Best Chicken Gravy Granules,Morrisons The Best Chicken Gravy Granules200g,£1.89,94.5p per 100g,
Morrisons The Best Chicken Stock,Morrisons The Best Chicken Stock450ml,£1.99,44.2p per 100ml,
Morrisons The Best Chilli Masala Sauce ,Morrisons The Best Chilli Masala Sauce 340g,£2.15,63.2p per 100g,
Morrisons The Best Chocolate & Caramel Melt In The Middle Sponge Puddings,Morrisons The Best Chocolate &…2 x 130g,£3,£1.15 per 100g,
Morrisons The Best Chunky Chopped Tomatoes,Morrisons The Best Chun…4 x 400g,£2.50,£1.56 per kg,
Morrisons The Best Cold Pressed Rapeseed Oil,Morrisons The Best Cold Pressed Rapeseed Oil500ml,£3.95,79p per 100ml,
Morrisons The Best Colombian Decaf Roast & Ground Coffee,Morrisons The Best Colombian De…227g,£3.50,£1.54 per 100g,"Offer price £3.50, was £3.89"
Morrisons The Best Columbian Coffee Beans,Morrisons The Best Columbian Coffee Beans227g,£3.50,£1.54 per 100g,"Offer price £3.50, was £3.89"
Morrisons The Best Cranberry Sauce,Morrisons The Best Cranberry Sauce220g,£1.85,84.1p per 100g,
Morrisons The Best Dark Chocolate & Ginger Cookies,Morrisons The Best Dark Cho…200g,£1.89,94.5p per 100g,
Morrisons The Best Dark Chocolate Praline Truffles,Morrisons The Best Dark Chocolate Praline Truffles112g,£5,£4.46 per 100g,
Morrisons The Best English Breakfast Tea Bags 100's,Morrisons The Best English Br…250g,£2.59,£1.04 per 100g,
Morrisons The Best Fair Trade Brazilian Beans,Morrisons The Best Fair Trade Brazilian Beans227g,£3.50,£1.54 per 100g,"Offer price £3.50, was £3.89"
Morrisons The Best Fair Trade Colombian Coffee ,Morrisons The Best Fair Trade Colombian Coffee 227g,£3.50,£1.54 per 100g,"Offer price £3.50, was £3.89"
Morrisons The Best Fair Trade Colombian Pods,Morrisons The Best Fair Trade Colombian Pods54g,£2.89,£5.35 per 100g,
Morrisons The Best Fair Trade Decaf Pods,Morrisons The Best Fair Trade Decaf Pods54g,£2.89,£5.35 per 100g,
Morrisons The Best Fairtrade Espresso Pods 54G,Morrisons The Best Fairtr…54g,£2.89,£5.35 per 100g,
Morrisons The Best Fair Trade Ethiopian Ground Coffee,Morrisons The Best Fair Trade…227g,£3.50,£1.54 per 100g,"Offer price £3.50, was £3.89"
Morrisons The Best Fair Trade  Guatemalan Ground Coffee,Morrisons The Best Fair Trade…227g,£3.50,£1.54 per 100g,"Offer price £3.50, was £3.89"
Morrisons The Best Fairtrade Lungo Coffee Pods,Morrisons The Best Fairtr…54g,£2.89,£5.35 per 100g,
Morrisons The Best Fair Trade Sumatran Ground Coffee  ,Morrisons The Best Fair Trade S…227g,£3.50,£1.54 per 100g,"Offer price £3.50, was £3.89"
Morrisons The Best French Dressing,Morrisons The Best French Dressing250ml,£2.15,86p per 100ml,
Morrisons The Best Fruit & Oat Cookies,Morrisons The Best Fruit & Oat Cookies200g,£1.89,94.5p per 100g,
Morrisons The Best Fusillata Casareccia ,Morrisons The Best Fusillata Casareccia 500g,£1.89,37.8p per 100g,Buy 2 for £3
Morrisons The Best Gruyere & Poppy Twists,Morrisons The Best Gruyere & Poppy Twists100g,£1.79,£1.79 per 100g,
Morrisons The Best Halkidiki Olives Stuffed With Pimiento,Morrisons The Best Halkidiki Oliv…195g,£2.25,£1.15 per 100g,
Morrisons The Best Hand Cooked Sea Salted Crisps,Morrisons The Best Hand Cooked Sea Salted Crisps125g,99p,79.2p per 100g,"Offer price 99p, was £1.09"
Morrisons The Best Hollandaise Sauce,Morrisons The Best Hollandaise Sauce165g,£1.85,£1.12 per 100g,
Morrisons The Best Horseradish Sauce,Morrisons The Best Horseradish Sauce175g,£1.85,£1.06 per 100g,
Morrisons The Best Hot Chocolate,Morrisons The Best Hot Chocolate300g,£3.75,£1.25 per 100g,
Morrisons The Best Infused Chilli Oil,Morrisons The Best Infused Chilli Oil250ml,£4.99,£2.00 per 100ml,
Morrisons The Best Infused Garlic Oil,Morrisons The Best Infused Garlic Oil250ml,£4.99,£2.00 per 100ml,
Morrisons The Best Jalapeno Chilli Jam Chutney,Morrisons The Best Jalape…230g,£1.59,69.1p per 100g,
Morrisons The Best Kashmiri Madras Sauce ,Morrisons The Best Kashmiri Madras Sauce 340g,£2.15,63.2p per 100g,
Morrisons The Best Lamb & Mint Gravy Granules,Morrisons The Best Lamb & Mint Gravy Granules200g,£1.89,94.5p per 100g,
Morrisons The Best Lemon Shortbread Rounds,Morrisons The Best Lemon Shortbread Rounds180g,£2.15,£1.19 per 100g,
Morrisons The Best Limoncello & Meringue Nougat,Morrisons The Best Limonc…100g,£1.50,£1.50 per 100g,"Offer price £1.50, was £2.25"
Morrisons The Best Mango & Amarillo Chilli Chutney,Morrisons The Best Mango & Amarillo Chilli Chutney190g,£1.59,83.7p per 100g,
Morrisons The Best Meringue Nests,Morrisons The Best Meringue Nests8 per pack,£1.40,17.5p each,"Offer price £1.40, was £1.89"
Morrisons The Best Milk Chocolate Dipped Honeycomb,Morrisons The Best Milk Cho…125g,£1.50,£1.20 per 100g,"Offer price £1.50, was £3"
Morrisons The Best Mini Meringue Shells,Morrisons The Best Mini Meringue Shells12 per pack,£1.40,11.7p each,"Offer price £1.40, was £1.89"
Morrisons The Best Mini Strawberry Meringues,Morrisons The Best Mini Strawberry Meringues12 per pack,£1.40,11.7p each,"Offer price £1.40, was £2.25"
Morrisons The Best Mint Sauce,Morrisons The Best Mint Sauce185g,£1.85,£1.00 per 100g,
Morrisons The Best Mixed Greek Olives ,Morrisons The Best Mixed Greek Olives 210g,£2.80,£1.33 per 100g,
Morrisons The Best Nocellara Olives ,Morrisons The Best Nocellara Olives 200g,£2.80,£1.40 per 100g,
Morrisons The Best Nut & Seed Granola Cereal,Morrisons The Best Nut & Seed Granola Cereal500g,£2.69,53.8p per 100g,
Morrisons The Best Orange & Ginger Marmalade,Morrisons The Best Oran…340g,£1.79,52.6p per 100g,
Morrisons The Best Organic Extra Virgin Olive Oil,Morrisons The Best Organic…500ml,£6.50,£1.30 per 100ml,
Morrisons The Best Organic Raw Apple Cider Vinegar ,Morrisons The Best Organic Ra…500ml,£2.65,£5.30 per litre,
Morrisons The Best Parmesan & Garlic Twists ,Morrisons The Best Parmesan & Garlic Twists 100g,£1.79,£1.79 per 100g,
Morrisons The Best Piccalilli Chutney ,Morrisons The Best Piccalilli Chutney 200g,£1.75,87.5p per 100g,
Morrisons The Best Pork Gravy Granules,Morrisons The Best Pork Gravy Granules200g,£1.89,94.5p per 100g,
Morrisons The Best Pure Avocado Oil,Morrisons The Best Pure Avocado Oil250ml,£3,£1.20 per 100ml,
Morrisons The Best Quadruple Chocolate Cookies,Morrisons The Best Quadru…200g,£1.89,94.5p per 100g,
Morrisons The Best Radiatori,Morrisons The Best Radiatori500g,£1.89,37.8p per 100g,Buy 2 for £3
Morrisons The Best Raspberry Conserve,Morrisons The Best Raspberry Conserve340g,£1.99,58.5p per 100g,
Morrisons The Best Rossini Wafer Curls 20Pk,Morrisons The Best Rossini Wafer Curls 20Pk,99p,,
Morrisons The Best Royal Korma Sauce ,Morrisons The Best Royal Korma Sauce 340g,£2.15,63.2p per 100g,
Morrisons The Best Salted Caramel Fudge ,Morrisons The Best Salted Caramel Fudge 150g,£2,£1.33 per 100g,
Morrisons The Best Salted Caramel Truffles,Morrisons The Best Salted Caramel Truffles104g,£5,£4.81 per 100g,
Morrisons The Best Scottish Oats,Morrisons The Best Scottish Oats750g,£2.09,27.9p per 100g,
Morrisons The Best Sea Salt & Black Pepper Crisps,Morrisons The Best Sea Salt & Black Pepper Crisps125g,99p,79.2p per 100g,"Offer price 99p, was £1.09"
Morrisons The Best Sea Salt & Vinegar Crisps,Morrisons The Best Sea Salt & Vinegar Crisps125g,99p,79.2p per 100g,"Offer price 99p, was £1.09"
Morrisons The Best Sicilian Lemon Curd,Morrisons The Best Sicilian Lemon Curd320g,£1.99,62.2p per 100g,
Morrisons The Best Silver Anchovy Fillets,Morrisons The Best Silver Anchovy Fillets155g,£3.49,£2.25 per 100g,
Morrisons The Best Single Origin Extra Virgin Olive Oil,Morrisons The Best Single Origi…500ml,£6.49,£1.30 per 100ml,
Morrisons The Best Smoked Mackerel with Black Pepper,Morrisons The Best Smoked Mac…110g,£2.25,£2.05 per 100g,
Morrisons The Best Smoked Sage And Red Onion Stuffing,Morrisons The Best Smoked Sag…140g,£1.89,£1.35 per 100g,
Morrisons The Best Space Eggs Dark Raspberry Venus,Morrisons The Best Space Eg…240g,£6,£2.50 per 100g,
Morrisons The Best Space Eggs Marbled White Blonde,Morrisons The Best Space Eg…240g,£6,£2.50 per 100g,
Morrisons The Best Space Eggs Milk Marbled Orange,Morrisons The Best Space Eggs Milk Marbled Orange240g,£6,£2.50 per 100g,
Morrisons The Best Spanish Chorizo & Butterbean Soup,Morrisons The Best Spanish Ch…400g,£1,25p per 100g,
Morrisons The Best Spanish Forest Honey,Morrisons The Best Spanish Forest Honey340g,£4.35,£1.28 per 100g,
Morrisons The Best Stem Ginger Cookies,Morrisons The Best Stem Ginger Cookies200g,£1.89,94.5p per 100g,
Morrisons The Best Sticky Toffee Pudding,Morrisons The Best Sticky Toffee Pudding440g,£4.50,£1.02 per 100g,
Morrisons The Best Strawberry Conserve,Morrisons The Best Strawberry Conserve340g,£1.99,58.5p per 100g,The Best Cream Tea Bundle For £5
Morrisons The Best Sunny Side Up Chocolate Fudge,Morrisons The Best Sunny Side Up Chocolate Fudge120g,£1.50,£1.25 per 100g,"Offer price £1.50, was £2.25"
Morrisons The Best Sweet & Spicy Red Peppers Stuffed With Feta,Morrisons The Best Sweet & Spicy Re…185g,£2.99,£1.62 per 100g,
Morrisons The Best Sweetcured Smoked Mackerel Fillets,Morrisons The Best Sweetcured…110g,£2.25,£2.05 per 100g,
Morrisons The Best Tartare Sauce,Morrisons The Best Tartare Sauce185g,£1.85,£1.00 per 100g,
Morrisons The Best Tellicherry Black Peppercorns,Morrisons The Best Telliche…40g,£4.10,£10.25 per 100g,
Morrisons The Best Tomato & Chilli Chutney,Morrisons The Best Tomato & Chilli Chutney205g,£1.59,77.6p per 100g,
Morrisons The Best Triple Chocolate Granola Cereal,Morrisons The Best Triple Chocolate Granola Cereal500g,£2.69,53.8p per 100g,
Morrisons The Best Unfiltered Extra Virgin Olive Oil,Morrisons The Best Unfiltered…500ml,£4.45,89p per 100ml,
Morrisons The Best White Chocolate Cookies,Morrisons The Best White Chocolate Cookies200g,£1.75,87.5p per 100g,
Morrisons The Best Whole Kalamata ,Morrisons The Best Whole Kalamata 210g,£2.80,£1.33 per 100g,
Morrisons Thousand Island Dressing ,Morrisons Thousand Island Dressing 250ml,£1.05,42p per 100ml,
Morrisons Thyme            ,Morrisons Thyme            16g,£1.09,68.1p per 10g,Buy 2 for £2
Morrisons Tikka Sauce ,Morrisons Tikka Sauce 500g,£1.19,23.8p per 100g,
Morrisons Toasted Flaked Almonds ,Morrisons Toasted Flaked Almonds 150g,£2.69,£1.79 per 100g,
Morrisons Toasted Sesame Oil ,Morrisons Toasted Sesame Oil 250ml,£2.49,99.6p per 100ml,
Morrisons Toffee Popcorn,Morrisons Toffee Popcorn170g,£1.15,67.6p per 100g,
Morrisons Tomato & Basil Stir In Sauce ,Morrisons Tomato & Basil Stir In Sauce 155g,£1.29,83.2p per 100g,
Morrisons Tomato & Chilli Pasta Sauce,Morrisons Tomato & Chilli Pasta Sauce500g,£1.09,21.8p per 100g,
Morrisons Tomato & Chorizo Stir In Sauce ,Morrisons Tomato & Chorizo Stir In Sauce 155g,£1.29,83.2p per 100g,
Morrisons Tomato & Garlic Couscous,Morrisons Tomato & Garlic Couscous110g,65p,£5.91 per kg,
Morrisons Tomato & Garlic Pasta Sauce,Morrisons Tomato & Garlic Pasta Sauce500g,£1.09,21.8p per 100g,
Morrisons Tomato & Garlic Stir In Sauce ,Morrisons Tomato & Garlic Stir In Sauce 155g,£1.29,83.2p per 100g,
Morrisons Tomato & Mushroom Pasta Sauce ,Morrisons Tomato & Mushroom Pasta Sauce 500g,£1.09,21.8p per 100g,
Morrisons Tomato & Three Bean Soup ,Morrisons Tomato & Three Bean Soup 400g,99p,24.8p per 100g,
Morrisons Tomato and Vegetable Pasta Sauce,Morrisons Tomato and Vegetable Pasta Sauce500g,£1.09,21.8p per 100g,
Morrisons Tomato Chutney,Morrisons Tomato Chutney295g,£1.25,42.4p per 100g,
Morrisons Tomato  Garlic & Onion Microwave Pasta,Morrisons Tomato  Garlic & Onion Microwave Pasta200g,£1.19,59.5p per 100g,
Morrisons Tomato Ketchup,Morrisons Tomato Ketchup960g,£1.99,20.7p per 100g,
Morrisons Tomato Ketchup,Morrisons Tomato Ketchup450g,£1.25,27.8p per 100g,
Morrisons Tomato Puree,Morrisons Tomato Puree200g,59p,£2.95 per kg,"Offer price 59p, was 79p"
Morrisons Tortilla Chips,Morrisons Tortilla Chips180g,£1.19,66.1p per 100g,
Morrisons Touch of Jasmine Green Tea,Morrisons Touch of Jasmine Green Tea80g,£1.65,£2.06 per 100g,Buy 2 for £2
Morrisons Tricolore Fusilli ,Morrisons Tricolore Fusilli 500g,95p,19p per 100g,Buy 2 for £1.60
Morrisons Triple Berry & Yogurt Rice Cakes,Morrisons Triple Berry & Yogurt Rice Cakes64g,£1.25,£1.95 per 100g,
Morrisons Triple Chocolate Clusters ,Morrisons Triple Chocolate Clusters 500g,£2.15,43p per 100g,
Morrisons Triple Chocolate Cookie Mix ,Morrisons Triple Chocolate Cookie Mix 275g,£1.89,68.7p per 100g,
Morrisons Tropical Mix,Morrisons Tropical Mix150g,£1,66.7p per 100g,
Morrisons Tuna In Chilli & Garlic ,Morrisons Tuna In Chilli & Garlic 80g,£1.09,£1.36 per 100g,
Morrisons Tuna Pasta Bake Mix,Morrisons Tuna Pasta Bake Mix45g,49p,£1.09 per 100g,
Morrisons Tutti Frutti Sprinkles,Morrisons Tutti Frutti Sprinkles70g,£1.15,£1.64 per 100g,
Morrisons Variety Crisps 6 X 25G,Morrisons Variety Crisps 6 X 25G150g,£1.19,79.3p per 100g,Buy 2 for £2
Morrisons Variety Mix Crisps 20's,Morrisons Variety Mix Crisps 20's500g,£2.99,59.8p per 100g,
Morrisons Vegetable Chilli ,Morrisons Vegetable Chilli 392g,£2.25,57.4p per 100g,
Morrisons Vegetable Curry,Morrisons Vegetable Curry392g,£2.25,57.4p per 100g,
Morrisons Vegetable Gravy Granules    ,Morrisons Vegetable Gravy Granules    200g,£1.15,57.5p per 100g,
Morrisons Vegetable Oil ,Morrisons Vegetable Oil 1L,£1.99,19.9p per 100ml,
Morrisons Vegetable Oil ,Morrisons Vegetable Oil 3L,£5.20,17.3p per 100ml,
Morrisons Vegetable Soup,Morrisons Vegetable Soup400g,85p,21.3p per 100g,
Morrisons Vegetable Stock Cubes 12's,Morrisons Vegetable Stock Cubes 12's120g,89p,74.2p per 100g,
Morrisons Vegetable Stock Pots,Morrisons Vegetable Stock Pots4 x 28g,£1.19,£1.06 per 100g,
Morrisons Vegetable Suet,Morrisons Vegetable Suet180g,£1.39,£7.72 per kg,
Morrisons Vermicelli       ,Morrisons Vermicelli       500g,£1.29,£2.58 per kg,
Morrisons Victoria Cake Liner,Morrisons Victoria Cake Liner25 per pack,£2.50,10p each,
Morrisons Vintage Cheddar Gourmet Burger Crisps,Morrisons Vintage Cheddar…150g,£1.15,76.7p per 100g,
Morrisons Waffle Cones,Morrisons Waffle Cones10 per pack,£1.29,12.9p each,
Morrisons Walnut Halves,Morrisons Walnut Halves250g,£3.90,£1.56 per 100g,
Morrisons Walnut Pieces ,Morrisons Walnut Pieces 150g,£1.99,£1.33 per 100g,
Morrisons Water Biscuits,Morrisons Water Biscuits200g,£1.09,54.5p per 100g,
Morrisons Wheat Biscuits,Morrisons Wheat Biscuits48 per pack,£3.29,6.9p each,
Morrisons Wheat Biscuits,Morrisons Wheat Biscuits24 per pack,£1.85,7.7p each,
Morrisons Wheat Crispbread,Morrisons Wheat Crispbread125g,£1.09,87.2p per 100g,
Morrisons White Chocolate & Hazelnut Spread ,Morrisons White Chocola…400g,£2.65,66.3p per 100g,
Morrisons White Chocolate Chips ,Morrisons White Chocolate Chips 100g,99p,99p per 100g,
Morrisons White Cooking Chocolate,Morrisons White Cooking Chocolate150g,£1.15,76.7p per 100g,
Morrisons White Fairy Paper Cases,Morrisons White Fairy Paper Cases100 per pack,£1.65,1.7p each,
Morrisons White Mini Marshmallows ,Morrisons White Mini Marshmallows 180g,£1.99,£1.11 per 100g,
Morrisons White Simmer Sauce Mix ,Morrisons White Simmer Sauce Mix 21g,49p,£2.33 per 100g,
Morrisons Whole Black Pepper ,Morrisons Whole Black Pepper 100g,£2.59,25.9p per 10g,Buy 2 for £2
Morrisons Whole Black Pepper ,Morrisons Whole Black Pepper 200g,£2.99,15p per 10g,
Morrisons Whole Black Pepper Grinder,Morrisons Whole Black Pepper Grinder50g,£2.49,49.8p per 10g,
Morrisons Whole Blanched Almonds ,Morrisons Whole Blanched Almonds 150g,£2.39,£1.59 per 100g,
Morrisons Whole Button Mushrooms (290g),Morrisons Whole Button Mushrooms (290g)142g,£1.15,£8.10 per kg,
Morrisons Whole Cardamom   ,Morrisons Whole Cardamom   30g,£1.09,36.3p per 10g,Buy 2 for £2
Morrisons Whole Carrots (300g),Morrisons Whole Carrots (300g)160g,49p,£3.06 per kg,
Morrisons Whole Cloves     ,Morrisons Whole Cloves     35g,£1.09,31.1p per 10g,Buy 2 for £2
Morrisons Whole Cumin Seeds,Morrisons Whole Cumin Seeds37g,£1.09,29.5p per 10g,Buy 2 for £2
Morrisons Wholefoods Bulgur Wheat,Morrisons Wholefoods Bulgur Wheat500g,£1.39,£2.78 per kg,
Morrisons Wholefoods Butter Beans ,Morrisons Wholefoods Butter Beans 500g,£1.80,£3.60 per kg,
Morrisons Wholefoods Country Soup Mix ,Morrisons Wholefoods Country Soup Mix 500g,£1.39,£2.78 per kg,
Morrisons Wholefoods Cous Cous ,Morrisons Wholefoods Cous Cous 500g,89p,£1.78 per kg,
Morrisons Wholefoods Green Lentils,Morrisons Wholefoods Green Lentils500g,£1.39,£2.78 per kg,
Morrisons Wholefoods Pearl Barley ,Morrisons Wholefoods Pearl Barley 500g,65p,£1.30 per kg,
Morrisons Wholefoods Red Split Lentils ,Morrisons Wholefoods Red Split Lentils 500g,£1.39,£2.78 per kg,
Morrisons Wholefoods Yellow Split Peas,Morrisons Wholefoods Yellow Split Peas500g,79p,£1.58 per kg,
Morrisons Whole Gherkins (1.36kg),Morrisons Whole Gherkins (1.36kg)750g,£2.89,38.5p per 100g,
Morrisons Whole Gherkins (680g),Morrisons Whole Gherkins (680g)360g,£1.79,49.7p per 100g,
Morrisons Wholegrain Mustard,Morrisons Wholegrain Mustard175g,75p,42.9p per 100g,
Morrisons Whole Green Olives in Brine (340g),Morrisons Whole Green Olives in Brine (340g)190g,£1.09,57.4p per 100g,
Morrisons Wholewheat Fusiili,Morrisons Wholewheat Fusiili500g,95p,£1.90 per kg,Buy 2 for £1.60
Morrisons Wholewheat Muesli,Morrisons Wholewheat Muesli1kg,£2.75,27.5p per 100g,
Morrisons Wholewheat Penne,Morrisons Wholewheat Penne500g,95p,19p per 100g,Buy 2 for £1.60
Morrisons Wholewheat Spaghetti,Morrisons Wholewheat Spaghetti500g,95p,£1.90 per kg,Buy 2 for £1.60
Morrisons Wild Pacific Pink Salmon,Morrisons Wild Pacific Pink Salmon105g,£1.60,£1.52 per 100g,
Morrisons Wild Pacific Pink Salmon,Morrisons Wild Pacific Pink Salmon418g,£3.25,77.8p per 100g,
Morrisons Wild Pacific Red Salmon,Morrisons Wild Pacific Red Salmon105g,£2.60,£2.48 per 100g,
Morrisons Wine Gums        ,Morrisons Wine Gums        227g,£1.25,55.1p per 100g,
Morrisons Wok Ready Udon Noodles     ,Morrisons Wok Ready Udon Noodles     2 x 150g,99p,£3.30 per kg,
Morrisons Worcester Sauce,Morrisons Worcester Sauce150ml,£1,66.7p per 100ml,
Morrisons Yogurt Rice Cakes,Morrisons Yogurt Rice Cakes102g,£1.25,£1.23 per 100g,
Morrisons Zillionaire Sprinkles,Morrisons Zillionaire Sprinkles60g,£1.15,£1.92 per 100g,
M Pineapple Slices In Light Syrup (227g),M Pineapple Slices In Light Syrup (227g)137g,79p,£5.77 per kg,
Mr Freeze Freeze Pops ,Mr Freeze Freeze Pops 20 x 20ml,£1,25p per 100ml,
Mr Freeze Sour Freezepops,Mr Freeze Sour Freezepops20 x 45ml,£1.55,17.2p per 100ml,
Mr Kipling Exceedingly Good Lemon Sponge Puddings,Mr Kipling Exceedingly Good…2 x 85g,£1.50,88.2p per 100g,
Mr. Kipling Exceedingly Good Raspberry Sponge Puddings,Mr. Kipling Exceedingly Good Ra…2 x 95g,£1.50,78.9p per 100g,
Mr Kipling Golden Syrup Sponge Puddings,Mr Kipling Golden Syrup Sponge Puddings2 x 95g,£1.50,78.9p per 100g,
Mr Kipling Space Chocolate Cake Mix,Mr Kipling Space Chocolate Cake Mix400g,£2.50,62.5p per 100g,
Mr Kipling Sticky Toffee Sponge Puddings,Mr Kipling Sticky Toffee Sponge Puddings108g,£1.50,£1.39 per 100g,"Offer price £1.50, was £1.99"
Mr. Porky Finest Quality Pork Scratchings ,Mr. Porky Finest Quality Pork Scratchings 65g,£1.50,£2.31 per 100g,
Mr. Porky Scratchings,Mr. Porky Scratchings65g,£1,£1.54 per 100g,
Mrs Elswood Cucumber Spears With Dill (670g),Mrs Elswood Cucumber Spears With Dill (670g)360g,£2.49,69.2p per 100g,
Mrs Elswood Sweet Cucumber Sandwich Slices ,Mrs Elswood Sweet Cucum…540g,£2.49,46.1p per 100g,
M savers Golden Vegetable Rice,M savers Golden Vegetable Rice120g,28p,£2.33 per kg,
M savers Mixed Fruit,M savers Mixed Fruit500g,£1.09,21.8p per 100g,
Mug Shot Noodles Chicken & Sweetcorn,Mug Shot Noodles Chicken & Sweetcorn54g,99p,£1.83 per 100g,
Mug Shot Noodles Classic Original Curry Soup,Mug Shot Noodles Classic Original Curry Soup68g,99p,£1.46 per 100g,
Mug Shot Noodles Spicy Sweet & Sour,Mug Shot Noodles Spicy Sweet & Sour67g,99p,£1.48 per 100g,
Mug Shot Pasta Creamy Cheese,Mug Shot Pasta Creamy Cheese68g,99p,£1.46 per 100g,
Mug Shot Pasta Macaroni Cheese ,Mug Shot Pasta Macaroni Cheese 68g,99p,£1.46 per 100g,
Mug Shot Pasta Soul Full Cajun Soup,Mug Shot Pasta Soul Full Cajun Soup60g,99p,£1.65 per 100g,
Mug Shot Pasta Tomato and Basil,Mug Shot Pasta Tomato and Basil64g,99p,£1.55 per 100g,
Mug Shot Roast Chicken Pasta Snack ,Mug Shot Roast Chicken Pasta Snack 55g,99p,£1.80 per 100g,
Mug Shot Thai Style       ,Mug Shot Thai Style       55g,99p,£1.80 per 100g,
Mug Shot The Mighty Chicken & Mushroom Noodles,Mug Shot The Mighty Chick…110g,£1.50,£13.64 per kg,
Mug Shot The Mighty Original Curry Noodles,Mug Shot The Mighty Original Curry Noodles110g,£1.50,£13.64 per kg,
Munchies Gold Caramel Chocolate Sharing Bag,Munchies Gold Caramel Chocolate Sharing Bag94g,£1.35,£1.44 per 100g,
Munchies Large Egg,Munchies Large Egg254g,£3.25,£1.28 per 100g,
Munchies Milk Chocolate Caramel Biscuit Sharing Block,Munchies Milk Chocolate Caram…87g,£1.25,£1.44 per 100g,
Munchies Milk Chocolate Sharing Pouch,Munchies Milk Chocolate Sharing Pouch104g,£1.35,£1.30 per 100g,
Munchies Salted Caramel Fudge Milk Chocolate Sharing Bag ,Munchies Salted Caramel Fudge Mil…101g,£1.35,£1.34 per 100g,
Mutti Double Concentrate Tomato Puree,Mutti Double Concentrate Tomato Puree130g,£1.39,£10.69 per kg,
Mutti Finely Chopped Tomatoes,Mutti Finely Chopped Tomatoes4 x 400g,£4,£2.50 per kg,"Offer price £4, was £4.49"
Mutti Finely Chopped Tomatoes,Mutti Finely Chopped Tomatoes400g,£1.39,£3.48 per kg,
Mutti Passata,Mutti Passata400g,£1.79,£4.48 per kg,
Mutti Peeled Tomatoes,Mutti Peeled Tomatoes400g,£1.39,£3.48 per kg,
Mutti Pizza Sauce Aromatica With Basil & Oregano,Mutti Pizza Sauce Aromatica…400g,£2.25,56.3p per 100g,
Nain's Gluten Free Choc Chip Biscuits ,Nain's Gluten Free Choc Chip Biscuits 160g,£1.99,£1.24 per 100g,
Nairn's Cheese Oat Cakes ,Nairn's Cheese Oat Cakes 200g,£1.45,72.5p per 100g,
Nairn's Fine Milled Oatcakes,Nairn's Fine Milled Oatcakes218g,£1,45.9p per 100g,
Nairn's Fruit & Seed Oatcakes,Nairn's Fruit & Seed Oatcakes230g,£1.69,73.5p per 100g,
Nairns Gluten Free Oat Cakes,Nairns Gluten Free Oat Cakes213g,£1.99,93.4p per 100g,
Nairn's Rough Oatcakes,Nairn's Rough Oatcakes291g,£1.15,39.5p per 100g,
Nakd Blueberry Muffin 4 Raw Fruit & Nut Bars ,Nakd Blueberry Muffin 4 Raw Fruit & Nut Bars 4 x 35g,£2.99,£2.14 per 100g,
Nakd Blueberry Muffin Fruit & Nut Bar ,Nakd Blueberry Muffin Fruit & Nut Bar 35g,75p,£2.14 per 100g,
Nakd Cocoa Orange 4 Raw Fruit & Nut Bars ,Nakd Cocoa Orange 4 Raw Fruit & Nut Bars 4 x 35g,£2.99,£2.14 per 100g,
Nakd Cocoa Orange Bar,Nakd Cocoa Orange Bar35g,95p,£2.71 per 100g,
Naked Asian Style Chicken Ramen Noodle Soup 25G,Naked Asian Style Chicken Ramen Noodle Soup 25G25g,50p,£2.00 per 100g,
Naked Chinese Duck Pot,Naked Chinese Duck Pot90g,£1.50,£1.67 per 100g,
Naked Japanese Chicken Pot,Naked Japanese Chicken Pot90g,£1.50,£1.67 per 100g,
Naked Noodle Chow Mein Pot Snack,Naked Noodle Chow Mein Pot Snack78g,£1.25,£16.03 per kg,
Naked Noodle Egg Noodle Chinese Firecracker Chicken,Naked Noodle Egg Noodle Chine…78g,£1.25,£16.03 per kg,
Naked Noodle Egg Noodles Thai Green Curry ,Naked Noodle Egg Noodles Thai Green Curry 78g,£1.25,£16.03 per kg,
Naked Noodle Hoisin Duck Pot Snack,Naked Noodle Hoisin Duck Pot Snack78g,£1.25,£16.03 per kg,
Naked Noodle On The Hob Chicken Yakisoba ,Naked Noodle On The Hob Chicken Yakisoba 100g,£1,£10.00 per kg,
Naked Noodle On The Hob Singapore Curry ,Naked Noodle On The Hob Singapore Curry 100g,£1.09,£10.90 per kg,
Naked Noodle Ramen Noodles Thai Chilli Chicken Soup,Naked Noodle Ramen Noodles Th…25g,50p,£2.00 per 100g,
Naked Noodle Singapore Curry Pot,Naked Noodle Singapore Curry Pot78g,£1.20,£15.38 per kg,
Naked Noodle Sweet Chilli Pot Snack,Naked Noodle Sweet Chilli Pot Snack78g,£1.25,£16.03 per kg,
Naked Noodle Teriyaki Noodle Pot,Naked Noodle Teriyaki Noodle Pot78g,£1.25,£16.03 per kg,
Naked Noodle Thai Green Curry Noodle ,Naked Noodle Thai Green Curry Noodle 104g,£1.50,£14.42 per kg,
Naked Noodle The Big One Thai Fiery Chicken Panang,Naked Noodle The Big One Th…104g,£1.50,£14.42 per kg,
Naked Noodle Vietnamese Beef Pho Noodle Pot ,Naked Noodle Vietnamese Beef Pho Noodle Pot 78g,£1.25,£16.03 per kg,
Naked Rice Long Grain Rice Japanese Katsu Curry,Naked Rice Long Grain Rice Japanese Katsu Curry78g,£1.25,£16.03 per kg,
Naked Rice Long Grain Rice Szechuan Sweet & Spicy,Naked Rice Long Grain Rice…78g,£1.25,£16.03 per kg,
Naked Ultimate Beef Noodle Pot ,Naked Ultimate Beef Noodle Pot 90g,£1.50,£1.67 per 100g,
Nando's Barbecue Peri Peri Rub Medium,Nando's Barbecue Peri Peri Rub Medium25g,£1,£4.00 per 100g,
Nando's Garlic Peri-Peri Sauce,Nando's Garlic Peri-Peri Sauce260g,£2.69,£1.03 per 100g,
Nando's Hot Peri-Peri Sauce,Nando's Hot Peri-Peri Sauce250ml,£2.69,£1.08 per 100ml,
Nando's Medium Peri-Peri Sauce,Nando's Medium Peri-Peri Sauce250ml,£2.69,£1.08 per 100ml,
Nando's Paprika And Lime Bag N Bake,Nando's Paprika And Lime Bag N Bake20g,£1.35,£6.75 per 100g,
Nando's Peri-Peri Bag & Bake Garlic,Nando's Peri-Peri Bag & Bake Garlic20g,£1.35,£6.75 per 100g,
Nando's Peri-Peri Bag & Bake Hot,Nando's Peri-Peri Bag & Bake Hot20g,£1.35,67.5p per 10g,
Nando's Peri-Peri Bag & Bake Lemon & Herb Extra Mild ,Nando's Peri-Peri Bag & Bake…20g,£1.35,67.5p per 10g,
Nando's Peri-Peri Bag & Bake Smokey BBQ,Nando's Peri-Peri Bag & Bake Smokey BBQ20g,£1.35,£6.75 per 100g,
Nando's Peri-Peri Coat & Cook Medium,Nando's Peri-Peri Coat & Cook Medium120g,£1,83.3p per 100g,
Nando's Peri-Peri Marinade Hot,Nando's Peri-Peri Marinade Hot260g,£2.30,88.5p per 100g,
Nando's Peri-Peri Marinade Lemon & Herb,Nando's Peri-Peri Marinade Lemon & Herb260g,£2.30,88.5p per 100g,
Nando's Peri-Peri Marinade Medium,Nando's Peri-Peri Marinade Medium262g,£2.30,87.8p per 100g,
Nando's Peri-Peri Sauce Extra Extra Hot ,Nando's Peri-Peri Sauce Extra Extra Hot 250g,£2.69,£1.08 per 100g,
Nando's Peri-Peri Sauce Garlic,Nando's Peri-Peri Sauce Garlic500g,£4,80p per 100g,
Nando's Peri-Peri Sauce Hot ,Nando's Peri-Peri Sauce Hot 500g,£4.09,81.8p per 100g,
Nando's Peri-Peri Sauce Lemon & Herb,Nando's Peri-Peri Sauce Lemon & Herb250ml,£2.69,£1.08 per 100ml,
Nando's Peri-Peri Sauce Medium ,Nando's Peri-Peri Sauce Medium 500g,£4.09,81.8p per 100g,
Nando's Peri-Peri Wrap Kit Lemon & Herb Mild,Nando's Peri-Peri Wrap Kit Lemon & Herb Mild261g,£3.39,£1.30 per 100g,
Nando's Peri-Peri Wrap Kit Medium,Nando's Peri-Peri Wrap Kit Medium261g,£3.39,£1.30 per 100g,
Nando'S Peri-Peri Wrap Kit Medium 261G,Nando'S Peri-Peri Wrap Kit Medium 261G261g,£3.39,£1.30 per 100g,
Nando's Perinaise Peri-Peri Mayonnaise Garlic,Nando's Perinaise Peri-Peri Mayonnaise Garlic265g,£2.25,84.9p per 100g,
Nando's Perinaise Peri-Peri Mayonnaise Hot,Nando's Perinaise Peri-Peri Mayonnaise Hot265g,£2.25,84.9p per 100g,
Nando's Perinaise Peri-Peri Mayonnaise Mild,Nando's Perinaise Peri-Peri Mayonnaise Mild465g,£3.49,75.1p per 100g,
Nando's Perinaise Peri Peri Mayonnaise Mild,Nando's Perinaise Peri Peri Mayonnaise Mild265g,£2.25,84.9p per 100g,
Nando's Peri Peri Rub Medium,Nando's Peri Peri Rub Medium25g,£1,£4.00 per 100g,
Nando's Peri Peri Salt,Nando's Peri Peri Salt70g,£2,£2.86 per 100g,
Nando's Sweet Chilli Jam,Nando's Sweet Chilli Jam265g,£2.25,84.9p per 100g,
Napolina Extra Virgin Olive Oil,Napolina Extra Virgin Olive Oil500ml,£4.99,99.8p per 100ml,
Napolina Extra Virgin Olive Oil,Napolina Extra Virgin Olive Oil750ml,£6.99,93.2p per 100ml,
Napolina Fusilli ,Napolina Fusilli 3kg,£6.50,21.7p per 100g,
Napolina Fusilli Pasta,Napolina Fusilli Pasta500g,£1.49,£2.98 per kg,
Napolina Gluten Free Fusilli,Napolina Gluten Free Fusilli400g,£2.29,£5.73 per kg,
Napolina Gluten Free Spaghetti,Napolina Gluten Free Spaghetti400g,£2.29,£5.73 per kg,
Napolina Large Pizza Bases,Napolina Large Pizza Bases2 x 150g,£1.99,66.3p per 100g,
Napolina Light in Colour Olive Oil,Napolina Light in Colour Olive Oil500ml,£4.99,99.8p per 100ml,
Napolina Light In Colour Olive Oil,Napolina Light In Colour Olive Oil750ml,£6.99,93.2p per 100ml,
Napolina Olive Oil,Napolina Olive Oil500ml,£4.99,99.8p per 100ml,
Napolina Olive Oil,Napolina Olive Oil750ml,£6.99,93.2p per 100ml,
Napolina Penne,Napolina Penne3kg,£6.50,21.7p per 100g,
Napolina Penne Pasta,Napolina Penne Pasta500g,£1.49,£2.98 per kg,
Napolina Plain Lasagne,Napolina Plain Lasagne9 x 375g,£1.55,4.6p per 100g,
Napolina Rigatoni Pasta,Napolina Rigatoni Pasta500g,£1.49,£2.98 per kg,
Napolina Short Spaghetti ,Napolina Short Spaghetti 3kg,£6.50,21.7p per 100g,
Napolina Spaghetti,Napolina Spaghetti500g,£1.49,£2.98 per kg,
Natural Selection Whole Chia Seeds,Natural Selection Whole Chia Seeds200g,£2,£1.00 per 100g,
Nature's Finest Fruit Cocktail In Juice ,Nature's Finest Fruit Cocktail In Juice 400g,£1.99,49.8p per 100g,
Nature's Finest Mandarin in Juice (390g),Nature's Finest Mandarin in Juice (390g)225g,£1.89,84p per 100g,
Nature's Finest Mandarins In Juice ,Nature's Finest Mandarins In Juice 700g,£2.75,39.3p per 100g,
Nature's Finest Mandarins In Juice,Nature's Finest Mandarins In Juice4 x 113g,£2.40,53.1p per 100g,
Nature's Finest Mango in Juice (400g),Nature's Finest Mango in Juice (400g)210g,£1.89,90p per 100g,
Nature's Finest Peach In Juice,Nature's Finest Peach In Juice4 x 120g,£2.40,50p per 100g,
Nature's Finest Peach in Juice (400g),Nature's Finest Peach in Juice (400g)230g,£1.99,£8.65 per kg,
Nature's Finest Peach In Juice (700g),Nature's Finest Peach In Juice (700g)390g,£3.29,84.4p per 100g,
Nature's Finest Pitted Prunes in Juice (700g),Nature's Finest Pitted Prunes in Juice (700g)375g,£3.50,93.3p per 100g,
Nature's Path Gluten Free Berry Granola,Nature's Path Gluten Free Berry Granola300g,£3.49,£1.16 per 100g,
Nature Valley Crunchy Canadian Maple Syrup Cereal Bars,Nature Valley Crunchy Canadian…5 x 42g,£1.50,71.3p per 100g,"Offer price £1.50, was £2.40"
Nature Valley Crunchy Dipped Milk Chocolate,Nature Valley Crunchy Dipped Milk Chocolate8 x 20g,£1.50,93.6p per 100g,"Offer price £1.50, was £2.50"
Nature Valley Crunchy Family Variety Pack,Nature Valley Crunchy Family Variety Pack10 x 42g,£3,7.1p per 10g,
Nature Valley Crunchy Oats & Chocolate Cereal Bars,Nature Valley Crunchy Oats…5 x 42g,£1.50,71.3p per 100g,"Offer price £1.50, was £2.40"
   Nature Valley Crunchy Oats & Honey Cereal Bars,   Nature Valley Crunchy Oats & Honey Cereal Bars5 x 42g,£1.50,71.3p per 100g,"Offer price £1.50, was £2.40"
Nature Valley Crunchy Variety Cereal Bars,Nature Valley Crunchy Variety Cereal Bars5 x 42g,£1.50,71.3p per 100g,"Offer price £1.50, was £2.40"
"Nature Valley Fruit & Nut Bars Apple ,Raisin ,Almond & Peanut ",Nature Valley Fruit & Nut Bars Appl…4 x 30g,£2.25,£1.88 per 100g,
"Nature Valley Fruit & Nut Bars Berry, Raisin, Almond & Peanut ",Nature Valley Fruit & Nut Bars Berr…4 x 30g,£2.25,£1.88 per 100g,
Nature Valley Protein Peanut & Chocolate Cereal Bars,Nature Valley Protein Peanut…4 x 40g,£2.50,£1.56 per 100g,"Offer price £2.50, was £2.99"
Nature Valley Protein Salted Caramel Cereal Bars,Nature Valley Protein Salte…4 x 40g,£2.50,£1.56 per 100g,"Offer price £2.50, was £2.99"
Nature Valley Sweet & Salty Nut Dark Chocolate With Nuts,Nature Valley Sweet & Salty Nut…4 x 30g,£1.75,£1.46 per 100g,
Nature Valley Sweet & Salty Nut Roasted Peanuts ,Nature Valley Sweet & Salty…4 x 30g,£1.75,£1.46 per 100g,
Naturya Chia Chocolate Organic,Naturya Chia Chocolate Organic175g,£4.80,£2.74 per 100g,
Naturya Chia Strawberry Organic ,Naturya Chia Strawberry Organic 175g,£5,£2.86 per 100g,
Naturya Flaxseed Apple & Cinnamon,Naturya Flaxseed Apple & Cinnamon240g,£4.80,£2.00 per 100g,
Naturya Flaxseed Mix Berry,Naturya Flaxseed Mix Berry240g,£4.80,£2.00 per 100g,
Naturya Superfood Breakfast Boost Cacao Crunch,Naturya Superfood Breakfa…150g,£4.80,£3.20 per 100g,
Naturya Under Skin Cacao ,Naturya Under Skin Cacao 140g,£7.99,£5.71 per 100g,
Naturya Under Skin Vanilla,Naturya Under Skin Vanilla140g,£7.99,£5.71 per 100g,
Nem Viet Pho Kit ,Nem Viet Pho Kit 157g,£2.50,£1.59 per 100g,
Nescafe Azera Americano,Nescafe Azera Americano90g,£6.25,£6.94 per 100g,
Nescafe Azera Americano Decaff ,Nescafe Azera Americano Decaff 90g,£6.25,£6.94 per 100g,
Nescafe Azera Americano Instant Coffee,Nescafe Azera Americano Instant Coffee140g,£5.50,£3.93 per 100g,"Offer price £5.50, was £8.19"
Nescafe Azera Grindsmith Craft Coffee,Nescafe Azera Grindsmith Craft Coffee75g,£6.25,£8.33 per 100g,
Nescafe Azera Intenso,Nescafe Azera Intenso90g,£6.25,£6.94 per 100g,
Nescafe Azera Perky Blenders Craft Instant Coffee,Nescafe Azera Perky Blender…75g,£6.25,83.3p per 10g,
Nescafe Dolce Gusto Americano Decaff Coffee Pods 16 Capsules,Nescafe Dolce Gusto Americano Decaf…128g,£4.95,£3.87 per 100g,Buy 2 for £8
Nescafe Dolce Gusto Americano Intenso Coffee Pods x 16,Nescafe Dolce Gusto Americano I…144g,£4.95,£3.44 per 100g,Buy 2 for £8
Nescafe Dolce Gusto Cafe Americano Coffee Pods x 16,Nescafe Dolce Gusto Cafe Amer…128g,£4.95,£3.87 per 100g,Buy 2 for £8
Nescafe Dolce Gusto Cafe Au Lait Coffee Pods x 16,Nescafe Dolce Gusto Cafe Au Lait Coffee Pods x 16160g,£4.95,£3.09 per 100g,Buy 2 for £8
Nescafe Dolce Gusto Cafe Au Lait Intenso Coffee Pods x 16,Nescafe Dolce Gusto Cafe Au Lait…160g,£4.95,£3.09 per 100g,Buy 2 for £8
Nescafe Dolce Gusto Cappuccino Coffee Pods x 16,Nescafe Dolce Gusto Cappu…186.4g,£4.95,£2.66 per 100g,Buy 2 for £8
Nescafe Dolce Gusto Chococino Coffee Pods x 16,Nescafe Dolce Gusto Choco…256g,£4.95,£1.93 per 100g,Buy 2 for £8
Nescafe Dolce Gusto Flat White Pods 16,Nescafe Dolce Gusto Flat White Pods 16187g,£4.95,£2.65 per 100g,Buy 2 for £8
Nescafe Dolce Gusto Latte Macchiato 16 Capsules,Nescafe Dolce Gusto Latte Macchiato 16 Capsules183.2g,£4.95,£2.70 per 100g,Buy 2 for £8
Nescafe Dolce Gusto Skinny Cappuccino Coffee Pods 8s,Nescafe Dolce Gusto Skinny Ca…161.6g,£4.95,£3.06 per 100g,Buy 2 for £8
Nescafe Gold Alta Rica ,Nescafe Gold Alta Rica 95g,£3.50,£3.69 per 100g,"Offer price £3.50, was £5.25"
Nescafe Gold Blend,Nescafe Gold Blend100g,£3.49,£3.49 per 100g,
Nescafe Gold Blend Instant Coffee,Nescafe Gold Blend Instant Coffee200g,£6,£3.00 per 100g,"Offer price £6, was £6.99"
Nescafe Gold Blend Roastery Dark,Nescafe Gold Blend Roastery Dark95g,£5.99,£6.31 per 100g,
Nescafe Gold Blend Roastery Light,Nescafe Gold Blend Roastery Light95g,£5.99,£6.31 per 100g,
Nescafe Gold Blend Roastery Light Roast Decaf Instant Coffee,Nescafe Gold Blend Roastery Light R…95g,£5.99,£6.31 per 100g,
Nescafe Gold Cappuccino Decaf Unsweetened Instant Coffee 8 x Sachets,Nescafe Gold Cappuccino Decaf Unsweeten…120g,£3,£2.50 per 100g,
Nescafe Gold Cappuccino Instant Coffee 12 Sachets,Nescafe Gold Cappuccino Instant Coffee 12 Sachets186g,£3.89,£2.09 per 100g,
Nescafe Gold Cappuccino Instant Coffee 8 x Sachets,Nescafe Gold Cappuccino Instant Coffee 8 x Sachets124g,£3,£2.42 per 100g,
Nescafe Gold Cappuccino Unsweetened Instant Coffee 8 x Sachets,Nescafe Gold Cappuccino Unsweetened…113.6g,£3,£2.64 per 100g,
Nescafe Gold Caramel Latte Instant Coffee 8 x Sachets,Nescafe Gold Caramel Latte In…136g,£3,£2.21 per 100g,
Nescafe Gold Decaf Instant Coffee,Nescafe Gold Decaf Instant Coffee200g,£6,£3.00 per 100g,"Offer price £6, was £6.99"
Nescafe Gold Decaf Instant Coffee  ,Nescafe Gold Decaf Instant Coffee  100g,£3.49,£3.49 per 100g,
Nescafe Gold Double Choc Mocha,Nescafe Gold Double Choc Mocha8 x 167.2g,£3.35,25p per 100g,
Nescafe Gold Double Choc Mocha 12 Sachets,Nescafe Gold Double Choc Mocha 12 Sachets250.8g,£3.89,£1.55 per 100g,
Nescafe Gold Espresso,Nescafe Gold Espresso95g,£3.50,£3.69 per 100g,"Offer price £3.50, was £5.25"
Nescafe Gold Flat White Instant Coffee 8 x Sachets,Nescafe Gold Flat White Instant Coffee 8 x Sachets100g,£3,£3.00 per 100g,
Nescafe Gold Intense Instant Coffee,Nescafe Gold Intense Instant Coffee200g,£6,£3.00 per 100g,"Offer price £6, was £6.99"
Nescafe Gold Irish Latte,Nescafe Gold Irish Latte8 x 158.4g,£3.35,26.4p per 100g,
Nescafe Gold Latte 8 Mugs ,Nescafe Gold Latte 8 Mugs 124g,£3,£2.42 per 100g,
Nescafe Gold Latte Instant Coffee 12 x Sachets,Nescafe Gold Latte Instant Coffee 12 x Sachets186g,£3.89,£2.09 per 100g,
Nescafe Gold Origins Alta Rica,Nescafe Gold Origins Alta Rica190g,£9.99,£5.26 per 100g,
Nescafe Gold Smooth,Nescafe Gold Smooth200g,£6,£3.00 per 100g,"Offer price £6, was £6.99"
Nescafe Gold Special Edition Salted Caramel Mocha,Nescafe Gold Special Editio…7 x 133g,£3,32.2p per 100g,
Nescafe Gold Toffee Nut Latte,Nescafe Gold Toffee Nut Latte8 x 18.6g,£3.35,£2.25 per 100g,
Nescafe Gold Vanilla Latte Coffee 8 Sachets x 18.5g,Nescafe Gold Vanilla Latte Coffee 8 Sachets x 18.5g148g,£3,£2.03 per 100g,
Nescafe Original 2in1 Instant Coffee 6 x Sachets,Nescafe Original 2in1 Instant Coffee 6 x Sachets6 x 10g,£1.39,£2.32 per 100g,
Nescafe Original 3in1 Instant Coffee 6 x Sachets,Nescafe Original 3in1 Instant Coffee 6 x Sachets6 x 17g,£1.39,£1.36 per 100g,
Nescafe Original Decaff Instant Coffee,Nescafe Original Decaff Instant Coffee200g,£6.75,£3.38 per 100g,
Nescafe Original Decaff Instant Coffee,Nescafe Original Decaff Instant Coffee100g,£3.50,£3.50 per 100g,
Nescafe Original Decaff  Instant Coffee,Nescafe Original Decaff  Instant Coffee300g,£6,£2.00 per 100g,"Offer price £6, was £8"
Nescafe Original Instant Coffee,Nescafe Original Instant Coffee200g,£6.75,£3.38 per 100g,
Nescafe Original Instant Coffee ,Nescafe Original Instant Coffee 300g,£6,£2.00 per 100g,"Offer price £6, was £8"
Nescafe Original Instant Coffee,Nescafe Original Instant Coffee100g,£3.50,£3.50 per 100g,
Nesquik Mix,Nesquik Mix325g,£2.79,85.8p per 100g,
Nestle Bitesize Shredded Wheat,Nestle Bitesize Shredded Wheat370g,£1.50,40.5p per 100g,
Nestle Bitesize Shredded Wheat Cereal,Nestle Bitesize Shredded Wheat Cereal625g,£3,48p per 100g,"Offer price £3, was £3.69"
Nestle Black Magic,Nestle Black Magic348g,£7,£2.01 per 100g,
Nestle Box Bowls Cereals 6 Pack,Nestle Box Bowls Cereals 6 Pack214g,£2.69,£1.26 per 100g,
Nestle Cheerios,Nestle Cheerios300g,£1.50,50p per 100g,
Nestle Cheerios Multigrain,Nestle Cheerios Multigrain540g,£3,55.5p per 100g,"Offer price £3, was £3.69"
Nestle Cheerios Multigrain Cereal,Nestle Cheerios Multigrain Cereal390g,£3.29,84.4p per 100g,
Nestle Coco Shreddies Cereal,Nestle Coco Shreddies Cereal560g,£3.99,71.3p per 100g,
Nestle Coffee Mate Original,Nestle Coffee Mate Original800g,£6.29,78.6p per 100g,
Nestle Cookie Crisp Cereal,Nestle Cookie Crisp Cereal500g,£3.29,65.8p per 100g,
Nestle Curiously Cinnamon Cereal,Nestle Curiously Cinnamon Cereal375g,£3.49,93.1p per 100g,
Nestle Curiously Cinnamon Churros Cereal,Nestle Curiously Cinnamon Churros Cereal360g,£3.49,96.9p per 100g,
Nestle Frosted Shreddies Cereal,Nestle Frosted Shreddies Cereal560g,£3.99,71.3p per 100g,
Nestle Golden Nuggets Cereal,Nestle Golden Nuggets Cereal375g,£3.29,87.7p per 100g,
Nestle Honey Cheerios,Nestle Honey Cheerios280g,£1.50,53.6p per 100g,
Nestle Honey Cheerios Cereal,Nestle Honey Cheerios Cereal370g,£3.29,88.9p per 100g,
Nestle Honey Shreddies,Nestle Honey Shreddies460g,£3.19,69.3p per 100g,
Nestle Lion Cereal,Nestle Lion Cereal400g,£2.89,72.3p per 100g,
Nestle Nesquik Cereal,Nestle Nesquik Cereal375g,£3.25,86.7p per 100g,
Nestle Nesquik Chocolate & Banana Pillows Cereal ,Nestle Nesquik Chocolate & Banana Pillows Cereal 350g,£3.29,94p per 100g,
Nestle Shredded Wheat Apricot Fruit Wheats,Nestle Shredded Wheat Apricot Fruit Wheats450g,£2,44.4p per 100g,
Nestle Shredded Wheat Blueberry Fruit Wheats,Nestle Shredded Wheat Blueberry Fruit Wheats450g,£2,44.4p per 100g,
Nestle Shredded Wheat Cereal,Nestle Shredded Wheat Cereal16 per pack,£2,12.5p each,"Offer price £2, was £2.49"
Nestle Shredded Wheat Cereal,Nestle Shredded Wheat Cereal30 per pack,£3.49,11.6p each,
Nestle Shredded Wheat Honey Nut Cereal,Nestle Shredded Wheat Honey Nut Cereal500g,£2.50,50p per 100g,"Offer price £2.50, was £3.49"
Nestle Shredded Wheat Red Berries and Vanilla Cereal,Nestle Shredded Wheat Red Ber…450g,£3.99,88.7p per 100g,
Nestle Shreddies Original Cereal,Nestle Shreddies Original Cereal460g,£2.50,54.3p per 100g,"Offer price £2.50, was £3.19"
Nestle Shreddies Simple,Nestle Shreddies Simple460g,£2,43.5p per 100g,
Nestle Shreddies The Original ,Nestle Shreddies The Original 630g,£3,47.6p per 100g,"Offer price £3, was £3.99"
Nestle Shreddies The Original,Nestle Shreddies The Original390g,£1.50,38.5p per 100g,
Newman's Own Dressing & Dip Ranch,Newman's Own Dressing & Dip Ranch250ml,£1.99,79.6p per 100ml,
Nexba Elder Lemon Kombucha ,Nexba Elder Lemon Kombucha 1L,£2.75,£2.75 per litre,
Nickelodeon Pinkfong Baby Shark Cupcake Kit,Nickelodeon Pinkfong Baby Shark Cupcake Kit131g,£1.50,£1.15 per 100g,"Offer price £1.50, was £2"
Nielsen Massey Vanilla Bean Paste,Nielsen Massey Vanilla Bean Paste60ml,£5.75,£9.58 per 100ml,
Nielsen Massey Vanilla Extract,Nielsen Massey Vanilla Extract60ml,£5.75,95.8p per 10ml,
Nik Naks Nice 'N' Spicy Multipack Crisps 6 Pack,Nik Naks Nice 'N' Spicy Multipack Crisps 6 Pack6 x 25g,£1.49,99.3p per 100g,
Nissin Cup Noodle Beef Five Spice,Nissin Cup Noodle Beef Five Spice64g,£1.50,£2.34 per 100g,"Offer price £1.50, was £1.89"
Nissin Cup Noodle Hot Chilli ,Nissin Cup Noodle Hot Chilli 66g,£1.50,£2.27 per 100g,"Offer price £1.50, was £1.89"
Nissin Soba Chilli Noodles,Nissin Soba Chilli Noodles92g,£1.89,£20.54 per kg,Buy 2 for £3
Nissin Soba Classic Noodles With Yakisoba Sauce,Nissin Soba Classic Noodl…90g,£1.89,£21.00 per kg,Buy 2 for £3
Nissin Soba Cup Chili,Nissin Soba Cup Chili115g,£2.29,£19.91 per kg,
Nissin Soba Cup Classic,Nissin Soba Cup Classic113g,£2.29,£20.27 per kg,
Nissin Soba Cup Teriyaki,Nissin Soba Cup Teriyaki90g,£1.89,£21.00 per kg,Buy 2 for £3
Nissin Soba Cup Teriyaki,Nissin Soba Cup Teriyaki113g,£2.29,£20.27 per kg,
Nissin Soba Peking Duck,Nissin Soba Peking Duck87g,£1.89,£2.17 per 100g,Buy 2 for £3
Nissin Soba Sukiy Noodles,Nissin Soba Sukiy Noodles75g,£1.89,£2.52 per 100g,Buy 2 for £3
Nissin Soba Yakitori Noodles,Nissin Soba Yakitori Noodles92g,£1.89,£20.54 per kg,Buy 2 for £3
Nissin Teriyaki Chicken Cup Noodles,Nissin Teriyaki Chicken Cup Noodles70g,£1.50,£21.43 per kg,"Offer price £1.50, was £1.89"
Nissin Yakisoba Chili Noodles,Nissin Yakisoba Chili Noodles111g,£1.25,£11.26 per kg,"Offer price £1.25, was £1.49"
Nissin Yakisoba Classic Noodles,Nissin Yakisoba Classic Noodles109g,£1.25,£11.47 per kg,"Offer price £1.25, was £1.49"
NIVEA MEN Sensitive Post Shave Balm with 0% Alcohol,NIVEA MEN Sensitive Post Shav…100ml,£6.50,£6.50 per 100ml,
Nomadic Oat Clusters Strawberry ,Nomadic Oat Clusters Strawberry 169g,£1.50,88.8p per 100g,Food To Go Meal Deal for £3.50
Nomadic Oat Crunch Chocolate & Yogurt,Nomadic Oat Crunch Chocolate & Yogurt169g,£1.50,88.8p per 100g,Food To Go Meal Deal for £3.50
Nong Shim Big Bowl Spicy Shin Noodle Soup,Nong Shim Big Bowl Spicy Shin Noodle Soup114g,£1.75,£15.35 per kg,
Nong Shim Champong Ramyun ,Nong Shim Champong Ramyun 124g,99p,£7.98 per kg,
Nongshim Kimchi Ramyun ,Nongshim Kimchi Ramyun 120g,£1,£8.33 per kg,
Nongshim Shin Ramyun Noodle Soup,Nongshim Shin Ramyun Noodle Soup120g,£1,£8.33 per kg,
Nong Shim Spicy Shin Cup Noodle Soup,Nong Shim Spicy Shin Cup Noodle Soup68g,£1.19,£1.75 per 100g,
Nudie Cheese & Onion Cauliflower Crisps,Nudie Cheese & Onion Cauliflower Crisps22g,£1,£4.55 per 100g,
Nudie Cheese & Onion Cauliflower Crisps,Nudie Cheese & Onion Cauliflower Crisps,£2,,
Nudie Katsu Cauliflower Crisps,Nudie Katsu Cauliflower Crisps22g,£1,£4.55 per 100g,
Nutella B-ready Chocolate & Hazelnut Wafer Biscuit Snack Bars Multipack,Nutella B-ready Chocolate & Hazelnut Wafe…132g,£1.50,£1.13 per 100g,"Offer price £1.50, was £2.30"
Nutella Biscuits,Nutella Biscuits276g,£3.40,£1.23 per 100g,
Nutella Hazelnut Chocolate Spread,Nutella Hazelnut Chocolate Spread200g,£2.19,£1.10 per 100g,
Nutella Hazelnut Chocolate Spread,Nutella Hazelnut Chocolate Spread750g,£5.75,76.7p per 100g,
Nutella Hazelnut Chocolate Spread,Nutella Hazelnut Chocolate Spread350g,£3.59,£1.03 per 100g,
Nutella Hazelnut Chocolate Spread,Nutella Hazelnut Chocolate Spread950g,£6.99,73.6p per 100g,
Ocean Crown Gluten Free Cooked & Pickled Cockles,Ocean Crown Gluten Free Cooked & Pickled Cockles200g,£2.49,£1.25 per 100g,
Ocean Crown Gluten Free Cooked & Pickled Mussels,Ocean Crown Gluten Free Cooked & Pickled Mussels200g,£2.49,£1.25 per 100g,
Ocean's Halo Sea Salt Seaweed Snack,Ocean's Halo Sea Salt Seaweed Snack4g,80p,£20.00 per 100g,
Ocean Spray Smooth Cranberry Sauce,Ocean Spray Smooth Cranberry Sauce250g,£1.20,48p per 100g,"Offer price £1.20, was £1.55"
Ocean Spray Whole Cranberry Sauce,Ocean Spray Whole Cranberry Sauce250g,£1.20,48p per 100g,"Offer price £1.20, was £1.59"
Old Bay Seasoning,Old Bay Seasoning75g,£2.85,£3.80 per 100g,
Old El Paso 10 Street Market White Corn Tortillas ,Old El Paso 10 Street Marke…208g,£1.99,95.7p per 100g,Buy 2 for £3
Old El Paso 8 Super Soft Whole Wheat Tortillas,Old El Paso 8 Super Soft Whole Wheat Tortillas326g,£2.09,64.1p per 100g,Buy 2 for £3
Old El Paso 8 Tortilla Pockets,Old El Paso 8 Tortilla Pockets223g,£2.69,£1.21 per 100g,
Old El Paso Black Beans,Old El Paso Black Beans425g,£1.65,38.8p per 100g,Buy 2 for £3
Old El Paso Cheesy Baked Enchilada Dinner Kit,Old El Paso Cheesy Baked Enchilada Dinner Kit663g,£3.49,52.6p per 100g,
Old El Paso Cheesy Baked Enchilada Kit ,Old El Paso Cheesy Baked Enchilada Kit 995g,£3,30.2p per 100g,
Old El Paso Chili & Garlic One Pan Rice Meal Kit 355g,Old El Paso Chili & Garlic On…355g,£3.49,98.3p per 100g,
Old El Paso Chilli Con Carne Seasoning Mix,Old El Paso Chilli Con Carne Seasoning Mix39g,£1.15,29.5p per 10g,
Old El Paso Crispy Chicken Fajita Kit,Old El Paso Crispy Chicken Fajita Kit555g,£3.49,62.9p per 100g,
Old El Paso Crunchy Original Tortilla Nachips ,Old El Paso Crunchy Original Tortilla Nachips 185g,£1.89,£1.02 per 100g,Buy 2 for £3
Old El Paso Crunchy Taco Shells x12,Old El Paso Crunchy Taco Shells x12156g,£1.89,£1.21 per 100g,Buy 2 for £3
Old El Paso Extra Mild Super Tasty Fajita Kit,Old El Paso Extra Mild Super Tasty Fajita Kit476g,£3.49,73.3p per 100g,
Old El Paso Flour Tortillas,Old El Paso Flour Tortillas326g,£1.79,54.9p per 100g,Buy 2 for £3
Old El Paso Garlic & Paprika Taco Seasoning Mix,Old El Paso Garlic & Papr…35g,£1.15,32.9p per 10g,
Old El Paso Gluten Free Smoky BBQ Fajita Kit,Old El Paso Gluten Free Smoky BBQ Fajita Kit,£4.50,,
Old El Paso Mild Salsa,Old El Paso Mild Salsa226g,£1.75,77.4p per 100g,Buy 2 for £3
Old El Paso Nacho Kit Original Cheesy Bake,Old El Paso Nacho Kit Original Cheesy Bake505g,£3.49,69.1p per 100g,
Old El Paso Original Smoky BBQ Sizzling Fajita Dinner Kit,Old El Paso Original Smoky BBQ Si…500g,£3.49,69.8p per 100g,
Old El Paso Original Smoky BBQ Sizzling Fajita Kit 750g,Old El Paso Original Smoky BBQ…750g,£3,40p per 100g,
Old El Paso Refried Beans,Old El Paso Refried Beans435g,£1.95,44.8p per 100g,Buy 2 for £3
Old El Paso Roasted Tomato & Pepper Fajita Kit,Old El Paso Roasted Tomato & Pepper Fajita Kit500g,£3.49,69.8p per 100g,
Old El Paso Slice Green Jalapenos,Old El Paso Slice Green Jalapenos215g,£1.65,76.7p per 100g,Buy 2 for £3
Old El Paso Smoky BBQ Fajita Seasoning Mix,Old El Paso Smoky BBQ Fajita Seasoning Mix35g,£1.15,32.9p per 10g,
Old El Paso Smoky Bbq Tortilla Pocket Kit,Old El Paso Smoky Bbq Tortilla Pocket Kit380g,£3.99,£1.05 per 100g,
Old El Paso Squeezy Chunky Salsa,Old El Paso Squeezy Chunky Salsa238g,£2.25,94.5p per 100g,Buy 2 for £3
Old El Paso Squeezy Guacamole,Old El Paso Squeezy Guacamole240g,£2.25,93.8p per 100g,Buy 2 for £3
Old El Paso Squeezy Sour Cream,Old El Paso Squeezy Sour Cream230g,£2.25,97.8p per 100g,Buy 2 for £3
Old El Paso Stand & Stuff Soft Tortilla Extra Mild Kit ,Old El Paso Stand & Stuff Soft Tortilla Extra Mild Kit ,£4,,
Old El Paso Stand 'N' Stuff Smoky BBQ Soft Taco Kit,Old El Paso Stand 'N' Stuff Smoky BBQ Soft Taco Kit350g,£4,£1.14 per 100g,
Old El Paso Stand N Stuff Tortilla Wrap Boats,Old El Paso Stand N Stuff Tortilla Wrap Boats198g,£2.35,£1.19 per 100g,Buy 2 for £3
     Old El Paso Sweet Paprika & Garlic Taco Kit 308g,     Old El Paso Sweet Paprika & Garlic Taco Kit 308g307g,£3.49,£1.14 per 100g,
Old El Paso Tortilla Bowl ,Old El Paso Tortilla Bowl 150g,£1.65,£1.10 per 100g,Buy 2 for £3
Old El Paso Tortilla Pockets Kit,Old El Paso Tortilla Pockets Kit375g,£3.99,£1.06 per 100g,
Old Time Thin Cut Irish Marmelade,Old Time Thin Cut Irish Marmelade454g,£2,44.1p per 100g,
Opies Capers In Vinegar (180g),Opies Capers In Vinegar (180g)100g,£2.35,£2.35 per 100g,
Opies Cocktail Cherries (225g),Opies Cocktail Cherries (225g)125g,£2.19,£1.75 per 100g,
Opies Cornichons & Onions With Mustard Seeds,Opies Cornichons & Onio…350g,£1.40,40p per 100g,
Opies Lemon Slices in Lemon Juice (350g),Opies Lemon Slices in Lemon Juice (350g)180g,£1.95,£1.08 per 100g,
Opies Mini Gherkins (227g),Opies Mini Gherkins (227g)125g,£1.35,£1.08 per 100g,
Opies Mini Silverskin Onions (227g),Opies Mini Silverskin Onions (227g)120g,£1.25,£1.04 per 100g,
Opies Pickled Walnuts In Malt Vinegar (390g),Opies Pickled Walnuts In Malt Vinegar (390g)170g,£3.75,£2.21 per 100g,
Options Belgian Choc Mint,Options Belgian Choc Mint220g,£4.49,£2.04 per 100g,
Options Belgian Chocolate,Options Belgian Chocolate220g,£4.49,£2.04 per 100g,
Options Belgian Chocolate Salted Caramel,Options Belgian Chocolate Salted Caramel220g,£4.49,£2.04 per 100g,
Options White Chocolate  ,Options White Chocolate  220g,£4.49,£2.04 per 100g,
Oreo Original Sandwich Biscuits,Oreo Original Sandwich Biscuits154g,89p,57.8p per 100g,"Offer price 89p, was £1"
Oreo Original Twin Pack 28 Biscuits,Oreo Original Twin Pack 28 Biscuits2 x 154g,£1.75,56.8p per 100g,
Oreo O'S Cereal,Oreo O'S Cereal350g,£4,£1.14 per 100g,
Oreo Sandwich Biscuits Birthday Party,Oreo Sandwich Biscuits Birthday Party154g,89p,57.8p per 100g,"Offer price 89p, was £1"
Oreo Sandwich Biscuits Choc'o Brownie,Oreo Sandwich Biscuits Choc'o Brownie154g,89p,57.8p per 100g,"Offer price 89p, was £1"
Oreo Sandwich Biscuits Double Stuff,Oreo Sandwich Biscuits Double Stuff157g,89p,56.7p per 100g,"Offer price 89p, was £1"
Oreo Sandwich Biscuits Vanilla 6 Snack Packs,Oreo Sandwich Biscuits Vanilla 6 Snack Packs6 x 22g,£1,75.8p per 100g,
Oreo Twists Vanilla Caramel Flavour ,Oreo Twists Vanilla Caramel Flavour 157g,89p,56.7p per 100g,"Offer price 89p, was £1"
Oreo Twists Vanilla Raspberry Flavour ,Oreo Twists Vanilla Raspberry Flavour 157g,89p,56.7p per 100g,"Offer price 89p, was £1"
Original Chip-Shop Batter Mix,Original Chip-Shop Batter Mix170g,75p,£4.41 per kg,
Original Farmhouse Style Dumplings Mix,Original Farmhouse Style Dumplings Mix142g,£1.19,£8.38 per kg,
Original Yorkshire Puddings & Pancakes Mix,Original Yorkshire Puddings & Pancakes Mix142g,75p,£5.28 per kg,
Osprey Tuna Flakes In Brine,Osprey Tuna Flakes In Brine160g,89p,55.6p per 100g,Buy 3 for £2
Ovaltine Chocolate Light,Ovaltine Chocolate Light300g,£3.99,£1.33 per 100g,
Ovaltine Original,Ovaltine Original300g,£3.99,£1.33 per 100g,
Ovaltine Original Light,Ovaltine Original Light300g,£3.99,£1.33 per 100g,
Oxo 12 Reduced Salt Chicken Stock Cubes,Oxo 12 Reduced Salt Chicken Stock Cubes71g,£2.39,£3.37 per 100g,
Oxo 12 Reduced Salt Vegetable Stock Cubes,Oxo 12 Reduced Salt Vegetable Stock Cubes71g,£2.39,£3.37 per 100g,
Oxo 25% Less Salt 24 Beef Stock Cubes ,Oxo 25% Less Salt 24 Beef Stock Cubes 142g,£3.99,£2.81 per 100g,
Oxo Beef Stock 12 Cubes,Oxo Beef Stock 12 Cubes71g,£2.39,£3.37 per 100g,
Oxo Beef Stock 24 Cubes,Oxo Beef Stock 24 Cubes142g,£3.99,£2.81 per 100g,
Oxo Chicken Stock 12 Cubes,Oxo Chicken Stock 12 Cubes71g,£2.39,£3.37 per 100g,
Oxo Chicken Stock Cubes 24s,Oxo Chicken Stock Cubes 24s142g,£3.99,£2.81 per 100g,
Oxo Lamb Stock 12 Cubes,Oxo Lamb Stock 12 Cubes71g,£2.39,£3.37 per 100g,
Oxo Reduced Salt Beef Stock 12 Cubes,Oxo Reduced Salt Beef Stock 12 Cubes71g,£2.39,£3.37 per 100g,
Oxo Stock Cubes Chicken Reduced Salt,Oxo Stock Cubes Chicken Reduced Salt24 per pack,£3.99,16.6p each,
Oxo Stock Pots Garden Vegetable,Oxo Stock Pots Garden Vegetable4 x 20g,£1.99,£2.49 per 100g,Buy 2 for £3
Oxo Stock Pots Red Wine ,Oxo Stock Pots Red Wine 4 x 20g,£1.99,£2.49 per 100g,Buy 2 for £3
Oxo Stock Pots Rich Beef,Oxo Stock Pots Rich Beef4 x 20g,£1.99,£2.49 per 100g,Buy 2 for £3
Oxo Stock Pots Rich Beef,Oxo Stock Pots Rich Beef4 x 20g,£1.99,£2.49 per 100g,Buy 2 for £3
Oxo Stock Pots Succlent Chicken ,Oxo Stock Pots Succlent Chicken 4 x 20g,£1.99,£2.49 per 100g,Buy 2 for £3
Oxo Stock Pot Succulent Chicken,Oxo Stock Pot Succulent Chicken4 x 20g,£1.99,£2.49 per 100g,Buy 2 for £3
Oxo Vegan Beef Stock Cube,Oxo Vegan Beef Stock Cube71g,£2.39,£3.37 per 100g,
Oxo Vegetable Stock 12 Cubes,Oxo Vegetable Stock 12 Cubes71g,£2.39,£3.37 per 100g,
Oxo Vegetable Stock Cubes 24s,Oxo Vegetable Stock Cubes 24s142g,£3.99,£2.81 per 100g,
Pagen Wholegrain Krisp Rolls,Pagen Wholegrain Krisp Rolls225g,£1.89,84p per 100g,
Panda Licorice Bar   ,Panda Licorice Bar   4 x 32g,£1.30,£1.02 per 100g,
Panda Original Liquorice ,Panda Original Liquorice 170g,£1.50,88.2p per 100g,
Parson's Pickled Cockles,Parson's Pickled Cockles155g,£1.75,£1.13 per 100g,
Parson's Pickled Mussels,Parson's Pickled Mussels155g,£1.49,96.1p per 100g,
Patak's Balti Sauce,Patak's Balti Sauce450g,£2.29,50.9p per 100g,
Patak's Balti Spice Paste,Patak's Balti Spice Paste283g,£2.75,97.1p per 100g,"Offer price £2.75, was £2.89"
Patak's Butter Chicken Sauce,Patak's Butter Chicken Sauce450g,£2.29,50.9p per 100g,
Patak's Garlic & Coriander Naans,Patak's Garlic & Coriander Naans2 per pack,£1.85,92.5p each,
Patak's Garlic & Coriander Pappadums,Patak's Garlic & Coriander Pappadums8 per pack,£2.29,28.6p each,
Patak's Jalfrezi Sauce,Patak's Jalfrezi Sauce450g,£2.29,50.9p per 100g,
Patak's Korma Sauce,Patak's Korma Sauce450g,£2.29,50.9p per 100g,
Patak's Korma Spice Paste,Patak's Korma Spice Paste290g,£2.75,94.9p per 100g,"Offer price £2.75, was £2.89"
Patak's Korma Spice Paste Pots,Patak's Korma Spice Paste Pots2 x 70g,£1.85,£1.32 per 100g,
Patak's Madras  Paste Pots,Patak's Madras  Paste Pots2 x 70g,£1.85,£1.32 per 100g,
Patak's Madras Sauce,Patak's Madras Sauce450g,£2.29,50.9p per 100g,
Patak's Madras Spice Paste,Patak's Madras Spice Paste283g,£2.75,97.1p per 100g,"Offer price £2.75, was £2.89"
Patak's Original Mango Chutney Mild ,Patak's Original Mango Chutney Mild 210g,£1.95,92.9p per 100g,
Patak's Plain Naans,Patak's Plain Naans2 per pack,£1.85,92.5p each,
Pataks Plain Pappadums,Pataks Plain Pappadums8 per pack,£2.29,28.6p each,
Patak's Rogan Josh Sauce,Patak's Rogan Josh Sauce450g,£2.29,50.9p per 100g,
Patak's Rogan Josh Spice Paste,Patak's Rogan Josh Spice Paste283g,£2.75,97.1p per 100g,"Offer price £2.75, was £2.89"
Patak's Tikka Masala Paste Pots,Patak's Tikka Masala Paste Pots2 x 70g,£1.85,£1.32 per 100g,
Patak's Tikka Masala Sauce,Patak's Tikka Masala Sauce450g,£2.29,50.9p per 100g,
Patak's Tikka Masala Spice Paste,Patak's Tikka Masala Spice Paste283g,£2.75,97.1p per 100g,"Offer price £2.75, was £2.89"
Paterson's Clotted Cream Shortbread ,Paterson's Clotted Cream Shortbread 300g,£1.25,41.7p per 100g,
Paterson's Scottish Shortbread Fingers,Paterson's Scottish Shortbread Fingers300g,£1.25,41.7p per 100g,
Pauwels Light Mayonnaise,Pauwels Light Mayonnaise500ml,£1.69,33.8p per 100ml,
Pauwels Real Mayonnaise,Pauwels Real Mayonnaise500ml,£1.69,33.8p per 100ml,
Paw Patrol Cupcake Kit,Paw Patrol Cupcake Kit183g,£1.25,68.3p per 100g,"Offer price £1.25, was £2"
Paxo Golden Breadcrumbs   ,Paxo Golden Breadcrumbs   227g,£1.55,68.3p per 100g,
Paxo Natural Breadcrumbs,Paxo Natural Breadcrumbs227g,£1.55,68.3p per 100g,
Paxo Sage & Onion,Paxo Sage & Onion340g,£3.50,£1.03 per 100g,
Paxo Sage & Onion,Paxo Sage & Onion170g,£2,£1.18 per 100g,"Offer price £2, was £2.39"
Paxo Sage & Onion Low Salt Stuffing,Paxo Sage & Onion Low Salt Stuffing170g,£2,£1.18 per 100g,"Offer price £2, was £2.39"
Paxo Sage & Onion Stuffing Mix,Paxo Sage & Onion Stuffing Mix85g,£1.35,£15.88 per kg,
Paxo Southern Fried Breadcrumbs,Paxo Southern Fried Breadcrumbs210g,£1.99,94.8p per 100g,
Pek Chopped Pork,Pek Chopped Pork170g,£1.50,88.2p per 100g,"Offer price £1.50, was £1.99"
Pek Chopped Pork Gold,Pek Chopped Pork Gold170g,£1.50,88.2p per 100g,"Offer price £1.50, was £1.99"
Pek Cured Chopped Pork in Natural Juices,Pek Cured Chopped Pork in Natural Juices300g,£2.75,91.7p per 100g,
Penn State Sea Salted Sharing Pretzels ,Penn State Sea Salted Sharing Pretzels 175g,£1.50,85.7p per 100g,
Penn State Sour Cream & Chive Sharing Pretzels 175g,Penn State Sour Cream & Chive…175g,£1.50,85.7p per 100g,
Peppadew Mild Chopped Piquante Peppers ,Peppadew Mild Chopped Piquante Peppers 400g,£3.25,81.3p per 100g,
Peppadew Mild Sweet Piquante Peppers,Peppadew Mild Sweet Piquante Peppers400g,£3.25,81.3p per 100g,
Peppa Pig Cupcake Mix 175G,Peppa Pig Cupcake Mix 175G175g,£1.50,86p per 100g,"Offer price £1.50, was £2"
Peppa Pig Meal Time Set & Egg,Peppa Pig Meal Time Set & Egg50g,£4,£8.00 per 100g,
Percol Black & Beyond Espresso Instant Coffee 6s,Percol Black & Beyond Espresso Instant Coffee 6s100g,£3.99,£3.99 per 100g,
Percol Fairtrade Decaf Colombia Instant Coffee ,Percol Fairtrade Decaf Colombia Instant Coffee 100g,£3.99,£3.99 per 100g,
Percol Fairtrade Smooth Colombia Instant Coffee,Percol Fairtrade Smooth Colombia Instant Coffee100g,£3.99,£3.99 per 100g,
Perkier Cacao & Orange Protein Bars,Perkier Cacao & Orange Protein Bars3 x 35g,£2,£1.90 per 100g,
Perkier Crunchy Peanut Protein Bars,Perkier Crunchy Peanut Protein Bars3 x 35g,£2,£1.90 per 100g,
Perkier Madagascan Vanilla & Dark Chocolate Bars ,Perkier Madagascan Vanilla…3 x 37g,£2.75,£2.48 per 100g,
Perkier Nutty Toffee & Dark Choc Vitamin Bars,Perkier Nutty Toffee & Dark Choc Vitamin Bars3 x 37g,£2.75,£2.48 per 100g,
Perkier Salted Caramel & Dark Chocolate Vitamin Bars,Perkier Salted Caramel & Dark…3 x 37g,£2.75,£2.48 per 100g,
Peter's Yard Fig & Spelt Sourdough Crackers,Peter's Yard Fig & Spelt Sourdough Crackers100g,£1.75,£1.75 per 100g,
Peter's Yard Rosemary & Sea Salt Sourdough Crackers,Peter's Yard Rosemary & Sea S…90g,£1.75,£1.94 per 100g,
PG tips 160 Original Tea Bags,PG tips 160 Original Tea Bags464g,£5.99,£1.29 per 100g,
PG Tips Decaf 140 Tea Bags,PG Tips Decaf 140 Tea Bags406g,£5.99,£1.48 per 100g,
PG tips Decaffeinated 70 Tea Bags,PG tips Decaffeinated 70 Tea Bags203g,£3.55,£1.75 per 100g,
PG Tips Extra Strong 80's Tea Bags Box ,PG Tips Extra Strong 80's Tea Bags Box 232g,£4.15,£1.79 per 100g,
PG Tips Gold 80's,PG Tips Gold 80's232g,£4.15,£1.79 per 100g,
PG tips Original 40 Tea Bags,PG tips Original 40 Tea Bags116g,£1.99,£1.72 per 100g,
PG tips Original 80 Tea Bags,PG tips Original 80 Tea Bags232g,£2.35,£1.01 per 100g,"Offer price £2.35, was £3.55"
PG tips Original Loose Tea 80 Cups,PG tips Original Loose Tea 80 Cups250g,£2.99,£1.20 per 100g,
PG tips Original Tea Bags 240 pack,PG tips Original Tea Bags 240 pack696g,£4.59,66p per 100g,"Offer price £4.59, was £6.25"
Pg Tips Plus Caffeine 20 Tea Bags,Pg Tips Plus Caffeine 20 Tea Bags58g,£2.99,£5.16 per 100g,
Pip & Nut Crunchy Peanut Butter,Pip & Nut Crunchy Peanut Butter300g,£3,£1.00 per 100g,
Pip & Nut Smooth Almond Butter,Pip & Nut Smooth Almond Butter170g,£3.25,£1.91 per 100g,
Pip & Nut Smooth Peanut Butter,Pip & Nut Smooth Peanut Butter300g,£3,£1.00 per 100g,
Pizza Express Caesar Salad Dressing,Pizza Express Caesar Salad Dressing235ml,£2.30,97.9p per 100ml,
Pizza Express Garlic And Herb Pizza Dipping Sauce,Pizza Express Garlic And Herb Pizza Dipping Sauce288g,£2.25,78.1p per 100g,
Pizza Express House Dressing,Pizza Express House Dressing235ml,£2.29,97.4p per 100ml,
Pizza Express House Light Salad Dressing,Pizza Express House Light Salad Dressing235ml,£2.30,97.9p per 100ml,
Plot 9 Chipotle Bean Chilli With Long Grain Rice ,Plot 9 Chipotle Bean Chilli With Long Grain Rice 260g,£2.50,£9.62 per kg,
Plot 9 Rich Lentil Bolognese With Brown Pasta ,Plot 9 Rich Lentil Bologn…260g,£2.50,£9.62 per kg,
Plot 9 Thai Chickpea Curry With Aromatic Rice ,Plot 9 Thai Chickpea Curry With Aromatic Rice 260g,£2.50,£9.62 per kg,
Polo Sugar Free Mints 4 Pack,Polo Sugar Free Mints 4 Pack133.6g,£1.50,£1.12 per 100g,
Polo Tube Original Mints 4 Pack,Polo Tube Original Mints 4 Pack136g,£1.50,£1.10 per 100g,
Pom-Bear Cheese & Onion Multipack Crisps 6 Pack,Pom-Bear Cheese & Onion Multipack Crisps 6 Pack6 x 13g,£2.25,£2.88 per 100g,Buy 2 for £3
Pom-Bear Original Multipack Crisps 6 Pack,Pom-Bear Original Multipack Crisps 6 Pack6 x 13g,£2.25,£2.88 per 100g,Buy 2 for £3
Popchips Barbecue,Popchips Barbecue5 x 17g,£1.75,£2.06 per 100g,"Offer price £1.75, was £2.25"
Popchips Barbeque Crisps 23g,Popchips Barbeque Crisps 23g23g,99p,43p per 10g,
Popchips Barbeque Sharing Crisps 85g,Popchips Barbeque Sharing Crisps 85g85g,£2.25,£2.65 per 100g,
Popchips Sea Salt ,Popchips Sea Salt 23g,99p,£4.30 per 100g,
Popchips Seasalt & Vinegar ,Popchips Seasalt & Vinegar 23g,99p,£4.30 per 100g,
Popchips Sea Salt & Vinegar Sharing Crisps 85g,Popchips Sea Salt & Vineg…85g,£2.25,£2.65 per 100g,
Popchips Sour Cream & Onion,Popchips Sour Cream & Onion85g,£2.25,£2.65 per 100g,
Popchips Sour Cream & Onion,Popchips Sour Cream & Onion5 x 17g,£1.75,£2.06 per 100g,"Offer price £1.75, was £2.25"
Popchips Sour Cream & Onion,Popchips Sour Cream & Onion23g,99p,£4.30 per 100g,
Popworks Sweet & Salt Pop Crisps,Popworks Sweet & Salt Pop Crisps85g,£1.25,£1.47 per 100g,"Offer price £1.25, was £2"
Popworks Sweet & Salty Crisps,Popworks Sweet & Salty Crisps28g,95p,£3.39 per 100g,
Popworks Sweet Chipotle Chilli,Popworks Sweet Chipotle Chilli85g,£1.25,£1.47 per 100g,"Offer price £1.25, was £2"
Popworks Sweet Chipotle Chilli,Popworks Sweet Chipotle Chilli28g,95p,£3.39 per 100g,
Post Grape-Nuts      ,Post Grape-Nuts      580g,£3.45,59.5p per 100g,
Pot Noodle BBQ Pulled Pork,Pot Noodle BBQ Pulled Pork90g,£1.19,£13.22 per kg,Buy 4 for £3.50
Pot Noodle Beef & Tomato Standard,Pot Noodle Beef & Tomato Standard90g,£1.19,£13.22 per kg,Buy 4 for £3.50
Pot Noodle Bombay Bad Boy Standard,Pot Noodle Bombay Bad Boy Standard90g,£1.19,£13.22 per kg,Buy 4 for £3.50
Pot Noodle Chicken & Mushroom King Pot,Pot Noodle Chicken & Mushroom King Pot114g,£1.20,£10.53 per kg,
Pot Noodle Chicken & Mushroom Standard,Pot Noodle Chicken & Mushroom Standard90g,£1.19,£13.22 per kg,Buy 4 for £3.50
Pot Noodle Chinese Chow Mein King ,Pot Noodle Chinese Chow Mein King 114g,£1.20,£10.53 per kg,
Pot Noodle Chow Mein Standard,Pot Noodle Chow Mein Standard90g,£1.19,£13.22 per kg,Buy 4 for £3.50
Pot Noodle Doner Kebab,Pot Noodle Doner Kebab90g,£1.09,£1.21 per 100g,Buy 4 for £3.50
Pot Noodle Fusions Chilli Chicken,Pot Noodle Fusions Chilli Chicken100g,£1.20,£12.00 per kg,
Pot Noodle Fusions Katsu Curry ,Pot Noodle Fusions Katsu Curry 100g,£1.20,£12.00 per kg,
Pot Noodle Fusions Malaysian Curry,Pot Noodle Fusions Malaysian Curry100g,£1.20,£1.20 per 100g,
Pot Noodle Fusions Thai Green Curry ,Pot Noodle Fusions Thai Green Curry 117g,£1.20,£10.26 per kg,
Pot Noodle Lost The Pot Champion Chicken,Pot Noodle Lost The Pot Champion Chicken85g,80p,94.1p per 100g,Buy 3 for £2
Pot Noodle Lost The Pot Chip Shop Curry,Pot Noodle Lost The Pot Chip Shop Curry85g,80p,94.1p per 100g,Buy 3 for £2
Pot Noodle Lost The Pot Smokin BBQ,Pot Noodle Lost The Pot Smokin BBQ85g,80p,94.1p per 100g,Buy 3 for £2
Pot Noodle Original Curry Standard ,Pot Noodle Original Curry Standard 90g,£1.19,£13.22 per kg,Buy 4 for £3.50
Pot Noodle Piri Piri,Pot Noodle Piri Piri90g,£1.19,£1.32 per 100g,Buy 4 for £3.50
Potts Beef Stock Can ,Potts Beef Stock Can 500ml,£2.25,45p per 100ml,
Potts Chicken Stock Can,Potts Chicken Stock Can500ml,£2.25,45p per 100ml,
Potts Vegetable Stock Can ,Potts Vegetable Stock Can 500ml,£2.25,45p per 100ml,
Pret Bircher Muesli,Pret Bircher Muesli450g,£3.50,77.8p per 100g,
Pret Classic Granola,Pret Classic Granola450g,£3.50,77.8p per 100g,
Pretzel Pete Honey Mustard & Onion Pieces ,Pretzel Pete Honey Mustard & Onion Pieces 160g,£2.15,£1.34 per 100g,
Pretzel Pete Smokey Bacon Cheddar Pieces,Pretzel Pete Smokey Bacon Cheddar Pieces160g,£2.15,£1.34 per 100g,
Prewetts Ground Golden Flaxseed,Prewetts Ground Golden Flaxseed175g,£2.15,£1.23 per 100g,
Princes Beef Paste,Princes Beef Paste75g,89p,£1.19 per 100g,Buy 2 for £1.30
Princes Beef Stew,Princes Beef Stew392g,£2.49,63.5p per 100g,Buy 2 for £4.50
Princes Chicken & Ham Paste,Princes Chicken & Ham Paste75g,89p,£1.19 per 100g,Buy 2 for £1.30
Princes Chicken in White Sauce,Princes Chicken in White Sauce392g,£2.49,63.5p per 100g,Buy 2 for £4.50
Princes Chicken Paste,Princes Chicken Paste75g,89p,£1.19 per 100g,Buy 2 for £1.30
Princes Chilli Con Carne,Princes Chilli Con Carne392g,£2.49,63.5p per 100g,Buy 2 for £4.50
Princes Corned Beef,Princes Corned Beef340g,£3.50,£1.03 per 100g,
Princes Corned Beef      ,Princes Corned Beef      200g,£2.99,£1.50 per 100g,
Princes Cured Ham,Princes Cured Ham325g,£3.25,£1.00 per 100g,
Princes Fruit Filling Apple,Princes Fruit Filling Apple395g,£1.59,40.3p per 100g,
Princes Fruit Filling Black Cherry,Princes Fruit Filling Black Cherry410g,£1.59,£3.88 per kg,
Princes Fruit Filling Red Cherry,Princes Fruit Filling Red Cherry410g,£1.59,£3.88 per kg,
Princes Fruit Filling Summer Fruits,Princes Fruit Filling Summer Fruits400g,£1.59,£3.98 per kg,
Princes Ham,Princes Ham200g,£2.25,£1.13 per 100g,
Princes Katsu Chicken Curry,Princes Katsu Chicken Curry392g,£2.49,63.5p per 100g,Buy 2 for £4.50
Princes Lean Corned Beef,Princes Lean Corned Beef200g,£3.59,£1.80 per 100g,
Princes Mackerel Sizzle Rich Tomato And Herbs ,Princes Mackerel Sizzle Rich Tomato And Herbs 160g,£1.99,£1.24 per 100g,
Princes Mackerel Sizzle Smokey Chilli And Tomato ,Princes Mackerel Sizzle Smokey Chilli And Tomato 160g,£1.99,£1.24 per 100g,
Princes Mackerel Spicy Fajita & Lime,Princes Mackerel Spicy Fajita & Lime160g,£1.99,£1.24 per 100g,
Princes Mild Chicken Curry ,Princes Mild Chicken Curry 392g,£2.49,63.5p per 100g,Buy 2 for £4.50
Princes Minced Beef with Onions in Gravy,Princes Minced Beef with Onions in Gravy392g,£2.49,63.5p per 100g,Buy 2 for £4.50
Princes Plant Based Chunky Vegetable Curry 392G,Princes Plant Based Chunk…392g,£1.69,£4.31 per kg,
Princes Plant Based Lentil & Mushroom Bolognese 392G,Princes Plant Based Lentil &…392g,£1.69,£4.31 per kg,
Princes Plant Based Mexican Mixed Bean Chilli 392G,Princes Plant Based Mexican…392g,£1.69,£4.31 per kg,
Princes Plant Based Vegetable Green Thai Curry,Princes Plant Based Veget…392g,£1.69,£4.31 per kg,
Princes Reduced Salt Corned Beef ,Princes Reduced Salt Corned Beef 340g,£3.50,£1.03 per 100g,
Princes Rhubarb in Light Syrup (540g),Princes Rhubarb in Light Syrup (540g)245g,£1.39,£5.67 per kg,
Princessa Intense White Coconut,Princessa Intense White Coconut30.5g,65p,£2.13 per 100g,
Princes Salmon Paste,Princes Salmon Paste75g,89p,£1.19 per 100g,Buy 2 for £1.30
Princes Sardine & Tomato Paste,Princes Sardine & Tomato Paste75g,89p,£1.19 per 100g,Buy 2 for £1.30
Princes Stewed Steak in Gravy,Princes Stewed Steak in Gravy392g,£3.59,91.6p per 100g,
Princes Strawberries (210g),Princes Strawberries (210g)76g,99p,£13.03 per kg,
Princes Strawberries In Light Syrup,Princes Strawberries In Light Syrup410g,£1.39,33.9p per 100g,
Princes Tuna & Mayo Paste,Princes Tuna & Mayo Paste75g,89p,£1.19 per 100g,Buy 2 for £1.30
Pringles Multigrain Less Salt Sour Cream & Chilli Sharing Crisps Snacks ,Pringles Multigrain Less Salt Sour Cream &…166g,£1.65,99p per 100g,"Offer price £1.65, was £2"
Pringles Multigrain Roast Chicken & Rosemary Flavour Sharing Crisps Snacks,Pringles Multigrain Roast Chick…166g,£1.65,99p per 100g,"Offer price £1.65, was £2"
Pringles Original,Pringles Original40g,90p,£2.25 per 100g,
Pringles Original Crisps,Pringles Original Crisps200g,£1.85,92.5p per 100g,"Offer price £1.85, was £2"
Pringles Prawn Cocktail Crisps,Pringles Prawn Cocktail Crisps200g,£1.85,92.5p per 100g,"Offer price £1.85, was £2"
Pringles Salt & Vinegar Crisps,Pringles Salt & Vinegar Crisps200g,£1.85,92.5p per 100g,"Offer price £1.85, was £2"
Pringles Sizzl'n Cheese & Chilli Crisps,Pringles Sizzl'n Cheese & Chilli Crisps180g,£2,£1.11 per 100g,
Pringles Sizzl'n Kicking Sour Cream Crisps,Pringles Sizzl'n Kicking Sour Cream Crisps180g,£2,£1.11 per 100g,
Pringles Smokey Bacon Flavour Crisps,Pringles Smokey Bacon Flavour Crisps200g,£1.85,92.5p per 100g,"Offer price £1.85, was £2"
Pringles Sour Cream & Onion ,Pringles Sour Cream & Onion 40g,90p,£2.25 per 100g,
Pringles Sour Cream & Onion Crisps,Pringles Sour Cream & Onion Crisps200g,£1.85,92.5p per 100g,"Offer price £1.85, was £2"
Pringles Texas BBQ Sauce Crisps,Pringles Texas BBQ Sauce Crisps200g,£1.85,92.5p per 100g,"Offer price £1.85, was £2"
Profi Chicken Pate,Profi Chicken Pate131g,79p,60.3p per 100g,
Profi Poultry Tomato Pate,Profi Poultry Tomato Pate131g,79p,60.3p per 100g,
Profusion Gluten Free Chickpea Fusilli,Profusion Gluten Free Chickpea Fusilli250g,£2.80,£1.12 per 100g,
Profusion Gluten Free Chickpea Penne,Profusion Gluten Free Chickpea Penne250g,£2.80,£1.12 per 100g,
Profusion Lasagne Sheets,Profusion Lasagne Sheets250g,£3.80,£1.52 per 100g,
Profusion Organic Protein Mince Pea & Fava,Profusion Organic Protein Mince Pea & Fava125g,£3.09,£2.47 per 100g,
Profusion Spaghetti,Profusion Spaghetti250g,£2.80,£1.12 per 100g,
Properchips Salt & Vinegar Lentil Chips,Properchips Salt & Vinegar Lentil Chips85g,£2,£2.35 per 100g,
Properchips Sea Salt Lentil Chips ,Properchips Sea Salt Lentil Chips 85g,£2,£2.35 per 100g,
Properchips Sour Cream & Chive Flavour Lentil Chips ,Properchips Sour Cream & Chive Flavour Lentil Chips 85g,£2,£2.35 per 100g,
Propercorn Lightly Sea Salted Popcorn,Propercorn Lightly Sea Salted Popcorn6 x 10g,£1.79,£2.98 per 100g,
Propercorn Salted Caramel Popcorn,Propercorn Salted Caramel Popcorn28g,80p,£2.86 per 100g,
Propercorn Sweet & Salty,Propercorn Sweet & Salty6 x 14g,£1.79,£2.13 per 100g,
Proper Nutty Peanut Butter Slightly Salted ,Proper Nutty Peanut Butter Slightly Salted 280g,£3,£1.07 per 100g,
Proper Nutty Slightly Salted Smunchy Peanut Butter,Proper Nutty Slightly Salte…1kg,£7.50,75p per 100g,
Pukka Chamomile Vanilla & Manuka Honey Herbal Tea 20 Sachets,Pukka Chamomile Vanilla & Manuka Ho…32g,£3.50,£10.94 per 100g,"Offer price £3.50, was £3.99"
"Pukka Cleanse, Organic Herbal Tea with Fennel & Peppermint, 20 Sachets","Pukka Cleanse, Organic Herbal Tea with Fe…36g",£3.50,£9.72 per 100g,"Offer price £3.50, was £3.99"
"Pukka Elderberry & Echinacea, Organic Herbal Fruit Tea, 20 Sachets","Pukka Elderberry & Echinacea, Organic H…40g",£3.50,£8.75 per 100g,"Offer price £3.50, was £3.99"
"Pukka Herbal Collection, Selection of Five Organic Herbal Teas, 20 Sachets","Pukka Herbal Collection, Selection of Five…34.4g",£3.50,£10.18 per 100g,"Offer price £3.50, was £3.99"
Pukka Herbal Tea Breathe In,Pukka Herbal Tea Breathe In20 x 38g,£3.50,46.1p per 100g,"Offer price £3.50, was £3.99"
"Pukka Lemon Ginger & Manuka Honey, Organic Herbal Tea Bags, 20 Sachets",Pukka Lemon Ginger & Manuka H…40g,£3.50,£8.75 per 100g,"Offer price £3.50, was £3.99"
Pukka Menopause Serenity Organic Food Supplements,Pukka Menopause Serenity Or…30 per pack,£10.35,34.5p each,
"Pukka Night Time, Organic Herbal Tea with Valerian, 20 Sachets","Pukka Night Time, Organic Herbal Te…20g",£3.50,£17.50 per 100g,"Offer price £3.50, was £3.99"
Pukka Night Time Berry Organic 20 Tea Sachets,Pukka Night Time Berry Organic 20 Tea Sachets36g,£3.50,£9.72 per 100g,"Offer price £3.50, was £3.99"
Pukka Organic Aloe Vera Juice ,Pukka Organic Aloe Vera Juice 1L,£14.99,£1.50 per 100ml,
Pukka Original Chai Tea 20 Sachets,Pukka Original Chai Tea 20 Sachets40g,£3.50,£8.75 per 100g,"Offer price £3.50, was £3.99"
Pukka Peace 20 Herbal Tea Sachets,Pukka Peace 20 Herbal Tea Sachets30g,£3.50,£11.67 per 100g,"Offer price £3.50, was £3.99"
"Pukka Peppermint & Licorice, Organic Herbal Tea, 20 Sachets","Pukka Peppermint & Licorice, Orga…30g",£3.50,£11.67 per 100g,"Offer price £3.50, was £3.99"
Pukka Relax Organic Herbal Tea Bags,Pukka Relax Organic Herbal Tea Bags20 x 40g,£3.50,43.8p per 100g,"Offer price £3.50, was £3.99"
Pukka Supreme Matcha Green Organic Herbal Tea 20 Sachets,Pukka Supreme Matcha Green Orga…30g,£3.50,£11.67 per 100g,"Offer price £3.50, was £3.99"
Pukka Three Chamomile Organic Herbal Tea Bags,Pukka Three Chamomile Organic Herbal Tea Bags30g,£3.99,£1.33 per 10g,
"Pukka Three Ginger, Organic Herbal Tea with Galangal & Turmeric, 20 Sachets","Pukka Three Ginger, Organic Her…36g",£3.50,£9.72 per 100g,"Offer price £3.50, was £3.99"
"Pukka Three Mint, Organic Herbal Tea with Peppermint, Spearmint, 20 Sachets","Pukka Three Mint, Organic Herba…32g",£3.50,£10.94 per 100g,"Offer price £3.50, was £3.99"
Pukka Turmeric Gold Organic Herbal Tea with Lemon 20 sachets,Pukka Turmeric Gold Organic Herbal…36g,£3.50,£9.72 per 100g,"Offer price £3.50, was £3.99"
Pukka Winter Warmer Organic Herbal Tea,Pukka Winter Warmer Organic Herbal Tea20 x 38g,£3.50,46.1p per 100g,"Offer price £3.50, was £3.99"
Pura Sunflower Oil,Pura Sunflower Oil5L,£8.50,£1.70 per litre,"Offer price £8.50, was £10.49"
Pura Vegetable Oil,Pura Vegetable Oil5L,£8.50,£1.70 per litre,"Offer price £8.50, was £9.99"
Pure Via 100% Erythritol Nature Sweet,Pure Via 100% Erythritol Nature Sweet250g,£3.35,13.4p per 10g,
Pure Via 100% Xylitol ,Pure Via 100% Xylitol 225g,£3,£1.33 per 100g,
Pure Via Stevia Value Pack,Pure Via Stevia Value Pack370g,£5.29,£1.43 per 100g,
Purition Wholefood Nutrition Vanilla 500G,Purition Wholefood Nutrition Vanilla 500G500g,£11.80,£2.36 per 100g,
Quaker Heavenly Oats Caramel Fudge Pot,Quaker Heavenly Oats Caramel Fudge Pot58g,£1.49,£2.57 per 100g,Buy Any 4 Porridge Pots For £4
 Quaker Heavenly Oats Chocolate Orange Pot, Quaker Heavenly Oats Chocolate Orange Pot59g,£1.49,£2.53 per 100g,Buy Any 4 Porridge Pots For £4
Quaker Oat Granola Golden Crunch,Quaker Oat Granola Golden Crunch500g,£3,60p per 100g,Buy 2 for £5
Quaker Oats Apple Simply No Added Sugar Sachets,Quaker Oats Apple Simply No Added Sugar Sachets271g,£3.49,£1.29 per 100g,Buy 2 for £5
Quaker Oats Oat Granola Raisin,Quaker Oats Oat Granola Raisin500g,£3,60p per 100g,Buy 2 for £5
Quaker Oats Oat So Simple Heaps Of Fruit Summer Berries,Quaker Oats Oat So Simple Heaps…58g,£1.49,£2.57 per 100g,Buy Any 4 Porridge Pots For £4
Quaker Oat So Simple Apple & Blueberry Porridge Pot,Quaker Oat So Simple Apple &…57g,£1.29,£2.26 per 100g,Buy 4 for £4
Quaker Oat So Simple Apple & Blueberry Porridge Sachets,Quaker Oat So Simple Apple & Bl…10 x 36g,£3.49,96.9p per 100g,Buy 2 for £5
Quaker Oat So Simple Banana & Strawberry Porridge Pot ,Quaker Oat So Simple Banana & S…58g,£1.49,£2.57 per 100g,Buy Any 4 Porridge Pots For £4
Quaker Oat So Simple Banana Porridge 10 Sachets,Quaker Oat So Simple Bana…348g,£3.49,£1.00 per 100g,Buy 2 for £5
Quaker Oat So Simple Big Bowl Golden Syrup,Quaker Oat So Simple Big Bowl Golden Syrup6 x 49.6g,£2.49,83.7p per 100g,
Quaker Oat So Simple Big Bowl Original ,Quaker Oat So Simple Big Bowl Original 6 x 38.5g,£2.49,£1.08 per 100g,
Quaker Oat So Simple Big Pot Original ,Quaker Oat So Simple Big Pot Original 60g,£1.49,£2.48 per 100g,
Quaker Oat So Simple Family Pack Golden Syrup 20 Sachets,Quaker Oat So Simple Family Pac…720g,£4.99,69.3p per 100g,
Quaker Oat So Simple Gluten Free Porridge Sachets ,Quaker Oat So Simple Gluten…10 x 35g,£4.50,£1.29 per 100g,
Quaker Oat So Simple Golden Syrup Big Pot,Quaker Oat So Simple Golden Syrup Big Pot76g,£1.49,£1.96 per 100g,
Quaker Oat So Simple Golden Syrup Porridge,Quaker Oat So Simple Golden Syrup Porridge360g,£3.49,96.9p per 100g,Buy 2 for £5
Quaker Oat So Simple Golden Syrup Porridge Pot,Quaker Oat So Simple Golden Syrup Porridge Pot57g,£1.29,£2.26 per 100g,Buy 4 for £4
Quaker Oat So Simple Original 10 Sachets,Quaker Oat So Simple Original 10 Sachets270g,£3.49,£1.29 per 100g,Buy 2 for £5
Quaker Oat So Simple Original Porridge Pot ,Quaker Oat So Simple Original Porridge Pot 45g,£1.29,£2.87 per 100g,Buy 4 for £4
Quaker Oat So Simple Protein Golden Syrup Porridge Sachets ,Quaker Oat So Simple Protein Gold…344g,£3.49,£1.01 per 100g,Buy 2 for £5
Quaker Oat So Simple Protein Original Porridge Sachets ,Quaker Oat So Simple Protein Or…8 x 37.73g,£3.49,£1.16 per 100g,Buy 2 for £5
"Quaker Oat So Simple Strawberry, Raspberry & Cranberry Porridge Sachets ",Quaker Oat So Simple Strawberry…339g,£2.99,88.2p per 100g,Buy 2 for £5
Quaker Oat So Simple Sultanas & Raisins Porridge ,Quaker Oat So Simple Sultan…385g,£3.49,90.6p per 100g,Buy 2 for £5
Quaker Oat So Simple Sweet Cinnamon Porridge,Quaker Oat So Simple Sweet Cinnamon Porridge10 x 33g,£3.49,£1.06 per 100g,Buy 2 for £5
Quaker Oat So Simple Sweet Cinnamon Porridge Pot,Quaker Oat So Simple Sweet…57g,£1.29,£2.26 per 100g,Buy 4 for £4
Quaker Oat So Simple Variety Porridge Sachets,Quaker Oat So Simple Variety Porridge Sachets9 x 33g,£3.49,£1.18 per 100g,Buy 2 for £5
Quaker Oat So Simple Velvety Chocolate 10 Sachets,Quaker Oat So Simple Velvet…365g,£3.49,95.6p per 100g,Buy 2 for £5
Quaker Oats Porridge to Go Squares Golden Syrup,Quaker Oats Porridge to Go Squares Golden Syrup2 x 55g,£1.59,£1.45 per 100g,Buy 4 for £4
Quaker Oats Porridge to Go Squares Strawberry Raspberry & Cranberry,Quaker Oats Porridge to Go Squares Stra…2 x 55g,£1.59,£1.45 per 100g,Buy 4 for £4
Quaker Oats Strawberry Simply No Added Sugar Sachets,Quaker Oats Strawberry Simply…260g,£3.49,£1.34 per 100g,Buy 2 for £5
Quaker Rolled Porridge Oats,Quaker Rolled Porridge Oats1kg,£2.75,27.5p per 100g,Buy 2 for £4
Quaker Rolled Porridge Oats ,Quaker Rolled Porridge Oats 1kg,£2.95,29.5p per 100g,Buy 2 for £4
Quaker Ultimate Hearty & Rich Ultra - Thick Oats,Quaker Ultimate Hearty & Rich Ultra - Thick Oats750g,£2.59,34.5p per 100g,
Quaker Vibrant Oats Forest Fruits,Quaker Vibrant Oats Forest Fruits228g,£2.89,£1.27 per 100g,Buy 2 for £5
Quaker Vibrant Oats Summer Fruits,Quaker Vibrant Oats Summer Fruits228g,£2.89,£1.27 per 100g,Buy 2 for £5
Quality Street Chocolate Box,Quality Street Chocolate Box220g,£3.75,£1.70 per 100g,
Quality Street Giant Egg ,Quality Street Giant Egg 250g,£5,£2.00 per 100g,
Rajah All Purpose Seasoning,Rajah All Purpose Seasoning400g,£1.75,4.4p per 10g,"Offer price £1.75, was £1.99"
Rajah All Purpose Seasoning,Rajah All Purpose Seasoning100g,50p,5p per 10g,
Rajah Bay Leaves,Rajah Bay Leaves10g,99p,99p per 10g,
Rajah Cassia Bark,Rajah Cassia Bark50g,64p,12.8p per 10g,
Rajah Chilli Powder,Rajah Chilli Powder100g,99p,9.9p per 10g,
Rajah Coarse Black Pepper,Rajah Coarse Black Pepper100g,£1.49,14.9p per 10g,
Rajah Crushed Red Chilli,Rajah Crushed Red Chilli200g,£1.49,7.5p per 10g,
Rajah Dhaniya Ground Coriander,Rajah Dhaniya Ground Coriander100g,99p,9.9p per 10g,
Rajah Extra Hot Chilli Powder,Rajah Extra Hot Chilli Powder100g,99p,9.9p per 10g,
Rajah Garam Masala,Rajah Garam Masala400g,£2.50,6.3p per 10g,
Rajah Garlic & Coriander Seasoning,Rajah Garlic & Coriander Seasoning100g,99p,9.9p per 10g,
Rajah Garlic Powder,Rajah Garlic Powder100g,£1,10p per 10g,"Offer price £1, was £1.25"
Rajah Ground Ginger,Rajah Ground Ginger85g,99p,11.6p per 10g,
Rajah Hot Madras Curry Powder,Rajah Hot Madras Curry Powder400g,£1.75,4.4p per 10g,"Offer price £1.75, was £1.99"
Rajah Hot Madras Curry Powder,Rajah Hot Madras Curry Powder100g,99p,9.9p per 10g,
Rajah Jeera Ground Cumin,Rajah Jeera Ground Cumin100g,99p,9.9p per 10g,
Rajah Jeera Whole Cumin Seeds,Rajah Jeera Whole Cumin Seeds400g,£2,5p per 10g,"Offer price £2, was £2.35"
Rajah Mild Madras Curry Powder,Rajah Mild Madras Curry Powder100g,99p,9.9p per 10g,
Rajah Paprika,Rajah Paprika400g,£1.99,5p per 10g,
Rajah Paprika Powder,Rajah Paprika Powder100g,99p,9.9p per 10g,
Rajah Tandoori Masala,Rajah Tandoori Masala400g,£2,5p per 10g,"Offer price £2, was £2.35"
Rajah Tandoori Masala,Rajah Tandoori Masala100g,99p,9.9p per 10g,
Rajah Whole Black Pepper,Rajah Whole Black Pepper100g,£1.49,14.9p per 10g,
Rajah Whole Fenugreek Seeds,Rajah Whole Fenugreek Seeds100g,99p,9.9p per 10g,
Rathbones Plain Flour,Rathbones Plain Flour1kg,£1.25,£1.25 per kg,
Raw Halo Artisan Raw Chocolate Pure Dark,Raw Halo Artisan Raw Chocolate Pure Dark70g,£3,£4.29 per 100g,
Ready Brek Chocolate Smooth Porridge Oats Chocolate,Ready Brek Chocolate Smooth P…450g,£2.19,48.7p per 100g,
Ready Brek Smooth Porridge Oats Original,Ready Brek Smooth Porridge Oats Original750g,£3.29,43.9p per 100g,
Ready Brek Smooth Porridge Oats Original Sachets,Ready Brek Smooth Porridge…8 x 30g,£2.19,91.3p per 100g,
Ready to Eat Red & White Quinoa  ,Ready to Eat Red & White Quinoa  250g,£2,£8.00 per kg,
Rea Valley Ox Tongue With Gelatine,Rea Valley Ox Tongue With Gelatine184g,£3,£1.63 per 100g,
Red Lion Corned Beef,Red Lion Corned Beef340g,£4.25,£1.25 per 100g,
Red's Kansas City BBQ Sauce Mild,Red's Kansas City BBQ Sauce Mild320g,£2.25,70.3p per 100g,
Red's Unholy Barbecue Sauce Mild ,Red's Unholy Barbecue Sauce Mild 320g,£2.25,70.3p per 100g,
Reese's Milk Chocolate Peanut Butter Egg,Reese's Milk Chocolate Peanut Butter Egg34g,70p,£2.06 per 100g,Buy 2 for £1.20
Reese's Peanut Butter Chips,Reese's Peanut Butter Chips100g,£1.50,£1.50 per 100g,
Reese's Peanut Butter Creme Mini Eggs ,Reese's Peanut Butter Creme Mini Eggs 70g,£1.25,£1.79 per 100g,
Reese's Peanut Butter Cups 5 Snack Size,Reese's Peanut Butter Cups 5 Snack Size77g,£1.35,£1.75 per 100g,
Reese's Peanut Butter Cups Miniatures,Reese's Peanut Butter Cups Miniatures90g,£1,£1.11 per 100g,"Offer price £1, was £1.50"
Reese's Reester Bunny,Reese's Reester Bunny141g,£3.25,£2.30 per 100g,
Reese's Sticks Wafer Bar,Reese's Sticks Wafer Bar42g,80p,£1.91 per 100g,"Offer price 80p, was £1.10"
"Revels Milk Chocolate with Raisins, Coffee or Orange Bites Pouch Bag","Revels Milk Chocolate with Raisins, Cof…112g",£1.50,£1.34 per 100g,
Rice Krispies Squares Mint Chocolate Chip Shake Snack Bars ,Rice Krispies Squares Mint Chocol…4 x 34g,£1.50,£1.10 per 100g,"Offer price £1.50, was £2"
Riesen Dark Chocolate Chewy Toffee,Riesen Dark Chocolate Chewy Toffee135g,£1.50,£1.11 per 100g,
Ringtons Tea Bags 80's,Ringtons Tea Bags 80's250g,£3.15,£1.26 per 100g,
Ritter Sport Honey Salted Almonds,Ritter Sport Honey Salted Almonds100g,£1.69,£1.69 per 100g,
Ritter Sport Marzipan,Ritter Sport Marzipan100g,£1.25,£1.25 per 100g,
Ritter Sport Nut Selection Dark Whole Hazelnuts,Ritter Sport Nut Selection Dark Whole Hazelnuts100g,£1.69,£1.69 per 100g,
Ritter Sport Rum Raisins & Hazelnuts,Ritter Sport Rum Raisins & Hazelnuts100g,£1.25,£1.25 per 100g,
Ritter Sport Salted Caramel ,Ritter Sport Salted Caramel 100g,£1.25,£1.25 per 100g,
Ritter Sport Whole Hazelnuts ,Ritter Sport Whole Hazelnuts 100g,£1.69,£1.69 per 100g,
Ritz Breaks Crackers Original,Ritz Breaks Crackers Original190g,£1.25,65.8p per 100g,
Ritz Crackers Cheese Box,Ritz Crackers Cheese Box200g,£1.25,62.5p per 100g,"Offer price £1.25, was £1.40"
Ritz Crackers Original Box,Ritz Crackers Original Box200g,£1.25,62.5p per 100g,"Offer price £1.25, was £1.40"
Robertson's Golden Shredless Marmalade,Robertson's Golden Shredless Marmalade454g,£1.99,43.8p per 100g,
Robertson's Golden Shred Marmalade,Robertson's Golden Shred Marmalade454g,£1.99,43.8p per 100g,
Robertson's Silver Shred,Robertson's Silver Shred454g,£1.99,43.8p per 100g,
Robinsons Orange & Pineapple Freeze Pops ,Robinsons Orange & Pineapple Freeze Pops 620ml,99p,16p per 100ml,
Rocky Mountain Mega Marshmallow,Rocky Mountain Mega Marshmallow340g,£2.25,66.2p per 100g,
Rolo Large Egg,Rolo Large Egg254g,£3.25,£1.28 per 100g,
Rolo Milk Chocolate & Caramel Medium Easter Egg,Rolo Milk Chocolate & Car…128g,£1.50,£1.17 per 100g,Save 50p Off Your Next Shop
Rolo Milk Chocolate & Caramel Multipack 4 Pack,Rolo Milk Chocolate & Caramel Multipack 4 Pack166.4g,£1.50,90.1p per 100g,
Rombouts Coffee Filter Papers No.2,Rombouts Coffee Filter Papers No.240 per pack,£1.49,3.7p each,
Rombouts Coffee Filter Papers No.4,Rombouts Coffee Filter Papers No.440 per pack,£1.49,3.7p each,
Rombouts Original Compostable One Cup Filter Coffee,Rombouts Original Compostable…70g,£3.25,£4.65 per 100g,"Offer price £3.25, was £3.75"
Rose's Lemon & Lime Fine Cut Marmalade,Rose's Lemon & Lime Fine Cut Marmalade454g,£2.19,48.2p per 100g,
Rose's Lime Marmalade,Rose's Lime Marmalade454g,£2.19,48.2p per 100g,
Rowntree's Berry Hearts Sweets Sharing Bag,Rowntree's Berry Hearts Sweets Sharing Bag115g,£1.25,£1.09 per 100g,
Rowntree's Fruit Pastilles Strawberry & Blackcurrant,Rowntree's Fruit Pastilles Strawberry & Blackcurrant143g,£1.25,87.4p per 100g,
Rowntree's Fruit Pastilles Vegan ,Rowntree's Fruit Pastilles Vegan 143g,£1.25,87.4p per 100g,
Rowntree's Gummy Bears Sweets Sharing Bag,Rowntree's Gummy Bears Sweets Sharing Bag115g,£1.25,£1.09 per 100g,
Rowntree's Jelly Tots Sweets Sharing Pouch Vegan,Rowntree's Jelly Tots Sweet…150g,£1.25,83.4p per 100g,"Offer price £1.25, was £1.30"
Rowntree's Randoms Juicers Sweets Sharing Pouch,Rowntree's Randoms Juicer…140g,£1.25,89.3p per 100g,
Rowntree's Randoms Sweets Sharing Pouch,Rowntree's Randoms Sweets Sharing Pouch150g,£1.25,83.4p per 100g,"Offer price £1.25, was £1.30"
Rowntree's Safari Mix Sweets Sharing Bag ,Rowntree's Safari Mix Sweets Sharing Bag 115g,£1.25,£1.09 per 100g,
Rowntrees Tropical Tots,Rowntrees Tropical Tots140g,£1.25,89.3p per 100g,
Rowse Acacia Honey     ,Rowse Acacia Honey     250g,£3.50,£1.40 per 100g,
Rowse Dark & Rich Honey ,Rowse Dark & Rich Honey 340g,£2.99,87.9p per 100g,
Rowse Honey Manuka 100+ MGO,Rowse Honey Manuka 100+ MGO255g,£9.50,£3.73 per 100g,
Rowse Light & Mild Honey ,Rowse Light & Mild Honey 340g,£2.99,87.9p per 100g,
Rowse Manuka 10+ Npa 250+ Mgo ,Rowse Manuka 10+ Npa 250+ Mgo 225g,£14,£6.22 per 100g,
Rowse Manuka Honey Mgo500 15+,Rowse Manuka Honey Mgo500 15+225g,£20,£8.89 per 100g,
Rowse Organic Honey ,Rowse Organic Honey 340g,£3.50,£1.03 per 100g,
Rowse Organic Honey ,Rowse Organic Honey 340g,£3.50,£1.03 per 100g,
Rowse Pure & Natural Runny Honey,Rowse Pure & Natural Runny Honey340g,£2.99,87.9p per 100g,
Rowse Pure & Natural Spreadable Honey,Rowse Pure & Natural Spreadable Honey340g,£2.99,87.9p per 100g,
Rowse Pure & Natural Squeezy Runny Honey,Rowse Pure & Natural Squeezy Runny Honey340g,£2.99,87.9p per 100g,
Rowse Squeezy Greek Honey,Rowse Squeezy Greek Honey250g,£3.75,£1.50 per 100g,
Rowse Squeezy Honey Clear,Rowse Squeezy Honey Clear680g,£4.50,66.2p per 100g,
Rowse Squeezy Organic,Rowse Squeezy Organic680g,£5.75,84.6p per 100g,
Rowse Squeezy Pure & Natural Honey ,Rowse Squeezy Pure & Natural Honey 250g,£2,80p per 100g,"Offer price £2, was £2.49"
Rowse Supahoney ,Rowse Supahoney 250g,£6.10,£2.44 per 100g,
Roysters T-Bone Steak Multipack Crisps,Roysters T-Bone Steak Multipack Crisps5 x 21g,£1.25,£1.19 per 100g,
Roysters T-Bone Steak Multipack Crisps,Roysters T-Bone Steak Multipack Crisps6 x 21g,£1.50,£1.19 per 100g,
Rubies In The Rubble Chilli Mayonnaise,Rubies In The Rubble Chilli Mayonnaise240g,£2.50,£1.04 per 100g,
Rubies In The Rubble Garlic Mayonnaise,Rubies In The Rubble Garlic Mayonnaise240g,£2.50,£1.04 per 100g,
Rubies In The Rubble Tomato Ketchup,Rubies In The Rubble Tomato Ketchup470g,£3,63.8p per 100g,
Ryvita Crackerbread,Ryvita Crackerbread200g,£1.75,87.5p per 100g,
Ryvita Crispbread Dark Rye,Ryvita Crispbread Dark Rye250g,£1.59,63.6p per 100g,
Ryvita Crispbread with Sesame Seed,Ryvita Crispbread with Sesame Seed250g,£1.59,63.6p per 100g,
Ryvita Fruit Crunch Crispbread,Ryvita Fruit Crunch Crispbread200g,£1.99,99.5p per 100g,
Ryvita Multi-Grain Crispbread,Ryvita Multi-Grain Crispbread250g,£1.59,63.6p per 100g,
Ryvita Multi Seed Thins,Ryvita Multi Seed Thins125g,£2.15,£1.72 per 100g,
Ryvita Original Rye Crispbread,Ryvita Original Rye Crispbread250g,£1.59,63.6p per 100g,
Ryvita Sweet Chilli Thins,Ryvita Sweet Chilli Thins125g,£2.15,£1.72 per 100g,
Ryvita Thins Caramelised Onion Flatbreads,Ryvita Thins Caramelised Onion Flatbreads125g,£2.15,£1.72 per 100g,
Ryvita Thins Rosemary & Sea Salt Flatbreads,Ryvita Thins Rosemary & Sea Salt Flatbreads125g,£2.15,£1.72 per 100g,
Ryvita Topped 3 Cheese Cracker Thins,Ryvita Topped 3 Cheese Cracker Thins250g,£2.15,86p per 100g,
Ryvita Wholegrain Crackerbread,Ryvita Wholegrain Crackerbread125g,£1.59,£1.27 per 100g,
Sacla Char-Grilled Aubergine & Roasted Garlic Pesto,Sacla Char-Grilled Aubergine…190g,£2.50,£1.32 per 100g,
Sacla' Classic Basil Pesto,Sacla' Classic Basil Pesto190g,£2.50,£1.32 per 100g,
Sacla Fiery Chilli Pesto,Sacla Fiery Chilli Pesto190g,£2.50,£1.32 per 100g,
Sacla' Organic Basil Pesto,Sacla' Organic Basil Pesto190g,£2.50,£1.32 per 100g,
Sacla Pesto Fresh Coriander & Red Chilli,Sacla Pesto Fresh Coriander & Red Chilli190g,£2.50,£1.32 per 100g,
Sacla Spicy Chilli & Mozzarella Intenso Pasta Sauce,Sacla Spicy Chilli & Mozzarel…190g,£2.75,£1.44 per 100g,"Offer price £2.75, was £3.35"
Sacla Sun-Dried Tomato Pesto,Sacla Sun-Dried Tomato Pesto190g,£2.50,£1.32 per 100g,
Sacla Sundried Tomato & Garlic Intenso Pasta Sauce,Sacla Sundried Tomato & Gar…190g,£2.75,£1.44 per 100g,"Offer price £2.75, was £3.35"
Sacla Sweet Red Onion & Gorgonzola Intenso Pasta Sauce,Sacla Sweet Red Onion & Gorgonz…190g,£2.75,£1.44 per 100g,"Offer price £2.75, was £3.35"
Sacla Vegan Bolognese Sauce With Pea Protein,Sacla Vegan Bolognese Sauce With Pea Protein500g,£3.25,65p per 100g,
Salaam Basmati Rice  ,Salaam Basmati Rice  10kg,£17.99,£1.80 per kg,
Salaam Basmati Rice,Salaam Basmati Rice5kg,£8.99,£1.80 per kg,
Saladitos Lupini Flour,Saladitos Lupini Flour400g,£2.60,£6.50 per kg,
Sambucol Childrens Gummies,Sambucol Childrens Gummies30 per pack,£10.30,34.3p each,
Sambucol Immuno Forte Gummies,Sambucol Immuno Forte Gummies30 per pack,£11.45,38.2p each,
Santa Maria 6 Large Plain Flour Tortilla,Santa Maria 6 Large Plain Flour Tortilla312g,£1.65,52.9p per 100g,
Santa Maria 8 Plain Flour Soft Tortillla,Santa Maria 8 Plain Flour Soft Tortillla320g,£1.65,51.6p per 100g,
Santa Maria Chipotle Paste,Santa Maria Chipotle Paste100g,£1.65,£1.65 per 100g,
Santa Maria Chunky Salsa Medium,Santa Maria Chunky Salsa Medium230g,£1.65,71.7p per 100g,
Santa Maria Chunky Salsa Mild,Santa Maria Chunky Salsa Mild230g,£1.65,71.7p per 100g,
Santa Maria Green Jalapenos,Santa Maria Green Jalapenos200g,£1,50p per 100g,"Offer price £1, was £1.59"
Santa Maria Medium Fajita Mix,Santa Maria Medium Fajita Mix28g,75p,£2.68 per 100g,"Offer price 75p, was £1.15"
Santa Maria Mild Fajita Mix,Santa Maria Mild Fajita Mix28g,75p,£2.68 per 100g,"Offer price 75p, was £1.15"
Santa Maria Red Jalapenos,Santa Maria Red Jalapenos200g,£1,50p per 100g,"Offer price £1, was £1.59"
Sarson's Brown Malt Vinegar ,Sarson's Brown Malt Vinegar 568ml,£1.25,22p per 100ml,
Sarson's Distilled Vinegar,Sarson's Distilled Vinegar568ml,£1.25,22p per 100ml,
Sarson's Gravy Browning,Sarson's Gravy Browning150g,£1,66.7p per 100g,
Sarson's Malt Pickling Vinegar,Sarson's Malt Pickling Vinegar950ml,£2,21.1p per 100ml,
Sarson's Malt Vinegar,Sarson's Malt Vinegar400ml,£1.45,36.3p per 100ml,
Sarson's Original Malt Vinegar,Sarson's Original Malt Vinegar250ml,£1,40p per 100ml,
Sauce Shop Brown Sauce ,Sauce Shop Brown Sauce 260g,£2.75,£1.06 per 100g,
Sauce Shop Buffalo Hot Sauce,Sauce Shop Buffalo Hot Sauce,£2.75,,
Sauce Shop Honey Chipotle Bbq,Sauce Shop Honey Chipotle Bbq,£2.75,,
Sauce Shop Original BBQ Sauce,Sauce Shop Original BBQ Sauce,£2.75,,
Sauce Shop Original Hot Sauce,Sauce Shop Original Hot Sauce,£2.75,,
Sauce Shop Tomato Ketchup ,Sauce Shop Tomato Ketchup 260g,£2.75,£1.06 per 100g,
Saxa Coarse Sea Salt,Saxa Coarse Sea Salt350g,£1.65,£4.71 per kg,
Saxa Fine Sea Salt,Saxa Fine Sea Salt350g,£1.49,£4.26 per kg,
Saxa Rock Salt Grinder,Saxa Rock Salt Grinder200g,£3.49,£17.45 per kg,
Saxa Sea Salt Grinder,Saxa Sea Salt Grinder200g,£3.49,£17.45 per kg,
Saxa So-Low Salt 50% Less Sodium,Saxa So-Low Salt 50% Less Sodium350g,£1.99,£5.69 per kg,
Saxa Table Salt,Saxa Table Salt750g,£1.75,£2.33 per kg,
Schar Gluten Free Crispbreads,Schar Gluten Free Crispbreads150g,£1.65,£1.10 per 100g,
Schwartz Adjustable Sea Salt Grinder ,Schwartz Adjustable Sea Salt Grinder 60g,£3,£50.00 per kg,
Schwartz Asafoetida,Schwartz Asafoetida52g,£2.15,£4.13 per 100g,Buy 2 for £3.30
Schwartz Authentic Mix Chicken Casserole ,Schwartz Authentic Mix Chicken Casserole 36g,£1.09,£3.03 per 100g,Buy 4 for £2.50
Schwartz Authentic Mix Mild Cream Peppercorn Sauce,Schwartz Authentic Mix Mild…25g,£1.09,£4.36 per 100g,Buy 4 for £2.50
Schwartz Authentic Mix Moroccan Lamb Casserole,Schwartz Authentic Mix Moroccan Lamb Casserole35g,£1.09,£3.11 per 100g,Buy 4 for £2.50
Schwartz Authentic Tuna Napolitana Mix,Schwartz Authentic Tuna Napolitana Mix30g,£1.09,£3.63 per 100g,Buy 4 for £2.50
Schwartz Basil Jar,Schwartz Basil Jar10g,£2.15,£2.15 per 10g,Buy 2 for £3.30
Schwartz Bay Leaves ,Schwartz Bay Leaves 3g,£2.15,£71.67 per 100g,Buy 2 for £3.30
Schwartz Beef Casserole Recipe Mix,Schwartz Beef Casserole Recipe Mix43g,£1.09,£2.53 per 100g,Buy 4 for £2.50
Schwartz Black And Red Pepper Jar,Schwartz Black And Red Pepper Jar45g,£1.85,41.1p per 10g,Buy 2 for £3.30
Schwartz Black Peppercorn Grinder ,Schwartz Black Peppercorn Grinder 35g,£3,85.7p per 10g,
Schwartz Black Peppercorns,Schwartz Black Peppercorns35g,£2.20,62.9p per 10g,Buy 2 for £3.30
Schwartz Black Sesame Seeds ,Schwartz Black Sesame Seeds 47g,£2.15,£4.57 per 100g,Buy 2 for £3.30
Schwartz Caraway Seed Jar,Schwartz Caraway Seed Jar38g,£2.15,56.6p per 10g,Buy 2 for £3.30
Schwartz Cayenne Chilli Pepper Jar,Schwartz Cayenne Chilli Pepper Jar26g,£2.15,82.7p per 10g,Buy 2 for £3.30
Schwartz Celery Salt Jar,Schwartz Celery Salt Jar72g,£2.15,£2.99 per 100g,Buy 2 for £3.30
Schwartz Chargrill Chicken Seasoning ,Schwartz Chargrill Chicken Seasoning 51g,£1.85,36.3p per 10g,Buy 2 for £3.30
Schwartz Cheddar Cheese Sauce Mix,Schwartz Cheddar Cheese Sauce Mix40g,£1.09,£2.73 per 100g,Buy 4 for £2.50
Schwartz Chicken & Leek Bake Recipe Mix,Schwartz Chicken & Leek Bake Recipe Mix35g,£1.09,£3.11 per 100g,Buy 4 for £2.50
Schwartz Chicken Bacon & Potato Pie ,Schwartz Chicken Bacon & Potato Pie 35g,£1.09,£3.11 per 100g,Buy 4 for £2.50
Schwartz Chicken Chasseur Recipe Mix,Schwartz Chicken Chasseur Recipe Mix40g,£1.09,£2.73 per 100g,Buy 4 for £2.50
Schwartz Chicken Fajita Authentic Mix,Schwartz Chicken Fajita Authentic Mix35g,£1.09,£3.11 per 100g,Buy 4 for £2.50
Schwartz Chicken Seasoning Paprika & Onion,Schwartz Chicken Season…50g,£1.85,£3.70 per 100g,Buy 2 for £3.30
Schwartz Chilli Chipotle Powder,Schwartz Chilli Chipotle Powder46g,£2.15,£4.67 per 100g,Buy 2 for £3.30
Schwartz Chilli con Carne Recipe Mix,Schwartz Chilli con Carne Recipe Mix41g,£1.09,£2.66 per 100g,Buy 4 for £2.50
Schwartz Chilli Powder Mild,Schwartz Chilli Powder Mild38g,£1.65,43.4p per 10g,
Schwartz Chinese Five Spice,Schwartz Chinese Five Spice58g,£1.85,31.9p per 10g,Buy 2 for £3.30
Schwartz Chives Jar,Schwartz Chives Jar1g,£2.15,£21.50 per 10g,Buy 2 for £3.30
Schwartz Cinnamon Sticks Jar,Schwartz Cinnamon Sticks Jar13g,£2.15,£1.65 per 10g,Buy 2 for £3.30
Schwartz Classic BBQ Seasoning,Schwartz Classic BBQ Seasoning44g,£1.85,42p per 10g,Buy 2 for £3.30
Schwartz Classic Hollandaise Sauce ,Schwartz Classic Hollandaise Sauce 300g,£2.19,73p per 100g,"Offer price £2.19, was £2.20"
Schwartz Classic Roast Beef Gravy ,Schwartz Classic Roast Beef Gravy 27g,£1.09,£4.04 per 100g,Buy 4 for £2.50
Schwartz Classic Roast Chicken Gravy ,Schwartz Classic Roast Chicken Gravy 26g,£1.09,£4.19 per 100g,Buy 4 for £2.50
Schwartz Coarse Ground Black Pepper Jar,Schwartz Coarse Ground Black Pepper Jar33g,£2.40,72.7p per 10g,Buy 2 for £3.30
Schwartz Coq Au Vin Authentic Mix,Schwartz Coq Au Vin Authentic Mix35g,£1.09,£3.11 per 100g,Buy 4 for £2.50
Schwartz Coriander Leaf Jar,Schwartz Coriander Leaf Jar7g,£2.15,£3.07 per 10g,Buy 2 for £3.30
Schwartz Coriander Seeds Jar,Schwartz Coriander Seeds Jar20g,£2.15,£1.08 per 10g,Buy 2 for £3.30
Schwartz Creamy Lemon & Parsley Sauce ,Schwartz Creamy Lemon & Parsley Sauce 300g,£2.19,73p per 100g,"Offer price £2.19, was £2.20"
Schwartz Creamy Parsley Sauce Mix,Schwartz Creamy Parsley Sauce Mix26g,£1.09,41.9p per 10g,Buy 4 for £2.50
Schwartz Creamy Peppercorn Sauce Heat & Pour,Schwartz Creamy Pepperc…170g,£1.50,88.2p per 100g,
Schwartz Creamy Pepper Sauce Mix,Schwartz Creamy Pepper Sauce Mix25g,£1.09,£4.36 per 100g,Buy 4 for £2.50
Schwartz Creamy Pork & Mushroom Recipe Mix,Schwartz Creamy Pork & Mushroom Recipe Mix40g,£1.09,£2.73 per 100g,Buy 4 for £2.50
Schwartz Creamy White Wine With Herbs ,Schwartz Creamy White Wine With Herbs 26g,£1.09,£4.19 per 100g,Buy 4 for £2.50
Schwartz Crushed Chillies Jar,Schwartz Crushed Chillies Jar29g,£2.15,74.1p per 10g,Buy 2 for £3.30
Schwartz Cumin Ground,Schwartz Cumin Ground37g,£2.15,58.1p per 10g,Buy 2 for £3.30
Schwartz Cumin Seeds,Schwartz Cumin Seeds35g,£2.15,£6.14 per 100g,Buy 2 for £3.30
Schwartz Curry Powder Tandoori,Schwartz Curry Powder Tandoori100g,£2.25,£2.25 per 100g,Buy 2 for £3.30
Schwartz Curry Sauce For Chips Mix,Schwartz Curry Sauce For Chips Mix25g,£1.09,£4.36 per 100g,Buy 4 for £2.50
Schwartz Dill & Lemon Sauce ,Schwartz Dill & Lemon Sauce 300g,£2.19,73p per 100g,"Offer price £2.19, was £2.20"
Schwartz Dill Jar,Schwartz Dill Jar10g,£2.15,£2.15 per 10g,Buy 2 for £3.30
Schwartz Extra Mature Cheddar Cheese Sauce Mix,Schwartz Extra Mature Che…30g,£1.09,£3.63 per 100g,Buy 4 for £2.50
Schwartz Extra Spicy Cajun Seasoning ,Schwartz Extra Spicy Cajun Seasoning 42g,£1.85,44p per 10g,Buy 2 for £3.30
Schwartz Fajita Seasoning,Schwartz Fajita Seasoning46g,£1.85,40.2p per 10g,Buy 2 for £3.30
Schwartz Fennel Seed Jar,Schwartz Fennel Seed Jar28g,£2.15,76.8p per 10g,Buy 2 for £3.30
Schwartz Fish Seasoning,Schwartz Fish Seasoning55g,£1.85,33.6p per 10g,Buy 2 for £3.30
Schwartz Garam Masala Jar,Schwartz Garam Masala Jar30g,£2.15,71.7p per 10g,Buy 2 for £3.30
Schwartz Garlic & Mushroom Sauce Mix,Schwartz Garlic & Mushroom Sauce Mix26g,£1.09,£4.19 per 100g,Buy 4 for £2.50
Schwartz Garlic & Rosemary Roasties,Schwartz Garlic & Rosemary Roasties33g,£1.09,£3.30 per 100g,Buy 4 for £2.50
Schwartz Garlic Pepper Jar,Schwartz Garlic Pepper Jar45g,£2.15,47.8p per 10g,Buy 2 for £3.30
Schwartz Garlic Powder ,Schwartz Garlic Powder 55g,£2.15,£3.91 per 100g,Buy 2 for £3.30
Schwartz Garlic Salt Jar,Schwartz Garlic Salt Jar73g,£2.15,29.5p per 10g,Buy 2 for £3.30
Schwartz Ground All Spice Jar,Schwartz Ground All Spice Jar37g,£2.15,58.1p per 10g,Buy 2 for £3.30
Schwartz Ground Black Pepper Jar ,Schwartz Ground Black Pepper Jar 33g,£2.29,69.4p per 10g,Buy 2 for £3.30
Schwartz Ground Cinnamon Jar,Schwartz Ground Cinnamon Jar39g,£1.60,41p per 10g,
Schwartz Ground Cloves,Schwartz Ground Cloves35g,£2.15,£6.14 per 100g,Buy 2 for £3.30
Schwartz Ground Coriander Jar,Schwartz Ground Coriander Jar24g,£2.15,89.6p per 10g,Buy 2 for £3.30
Schwartz Ground Fenugreek Jar,Schwartz Ground Fenugreek Jar35g,£2.15,61.4p per 10g,Buy 2 for £3.30
Schwartz Ground Ginger Jar,Schwartz Ground Ginger Jar26g,£2.15,82.7p per 10g,Buy 2 for £3.30
Schwartz Ground Nutmeg Jar,Schwartz Ground Nutmeg Jar32g,£2.15,67.2p per 10g,Buy 2 for £3.30
Schwartz Ground Sumac ,Schwartz Ground Sumac 44g,£2.15,£4.89 per 100g,Buy 2 for £3.30
Schwartz Ground Turmeric Jar,Schwartz Ground Turmeric Jar31g,£1.60,51.6p per 10g,
Schwartz Ground White Pepper Jar,Schwartz Ground White Pepper Jar34g,£2.20,64.7p per 10g,Buy 2 for £3.30
Schwartz Harissa ,Schwartz Harissa 48g,£1.85,£3.85 per 100g,Buy 2 for £3.30
Schwartz Herbes De Provence,Schwartz Herbes De Provence11g,£2.15,£1.95 per 10g,Buy 2 for £3.30
Schwartz Hollandaise Sauce Mix,Schwartz Hollandaise Sauce Mix25g,£1.09,£4.36 per 100g,Buy 4 for £2.50
Schwartz Hot Chilli con Carne Recipe Mix,Schwartz Hot Chilli con Carne Recipe Mix41g,£1.09,£2.66 per 100g,Buy 4 for £2.50
Schwartz Hot Chilli Powder,Schwartz Hot Chilli Powder38g,£2.15,56.6p per 10g,Buy 2 for £3.30
Schwartz Hot Paprika Jar  ,Schwartz Hot Paprika Jar  34g,£2.15,63.2p per 10g,Buy 2 for £3.30
Schwartz Italian Chicken Risotto ,Schwartz Italian Chicken Risotto 28g,£1.09,£3.89 per 100g,Buy 4 for £2.50
Schwartz Italian Garlic Seasoning ,Schwartz Italian Garlic Seasoning 43g,£1.85,43p per 10g,Buy 2 for £3.30
Schwartz Italian Herb Jar,Schwartz Italian Herb Jar11g,£2.15,£1.95 per 10g,Buy 2 for £3.30
Schwartz Jalapeno Chilli ,Schwartz Jalapeno Chilli 46g,£2.15,£4.67 per 100g,Buy 2 for £3.30
Schwartz Jamaican Jerk Seasoning,Schwartz Jamaican Jerk Seasoning51g,£1.85,36.3p per 10g,Buy 2 for £3.30
Schwartz Juniper Berries Jar,Schwartz Juniper Berries Jar28g,£2.15,76.8p per 10g,Buy 2 for £3.30
Schwartz Lamb Casserole Recipe Mix,Schwartz Lamb Casserole Recipe Mix35g,£1.09,£3.11 per 100g,Buy 4 for £2.50
Schwartz Lasagne Recipe Mix,Schwartz Lasagne Recipe Mix36g,£1.09,£3.03 per 100g,Buy 4 for £2.50
Schwartz Lemon Butter Sauce For Salmon,Schwartz Lemon Butter Sauce For Salmon38g,£1.09,£2.87 per 100g,Buy 4 for £2.50
Schwartz Lemongrass ,Schwartz Lemongrass 7g,£2.15,£30.71 per 100g,Buy 2 for £3.30
"Schwartz Loaded Fries Paprika, Garlic & Black Pepper",Schwartz Loaded Fries Paprika…20g,£1.09,£5.45 per 100g,Buy 4 for £2.50
Schwartz Loaded Fries Southern Fried ,Schwartz Loaded Fries Southern Fried 20g,£1.09,£5.45 per 100g,Buy 4 for £2.50
Schwartz Loaded Fries Texan BBQ,Schwartz Loaded Fries Texan BBQ20g,£1.09,54.5p per 10g,Buy 4 for £2.50
Schwartz Luxury Bread Sauce ,Schwartz Luxury Bread Sauce 40g,£1.09,£2.73 per 100g,Buy 4 for £2.50
Schwartz Macaroni Cheese ,Schwartz Macaroni Cheese 30g,£1.09,£3.63 per 100g,Buy 4 for £2.50
Schwartz Make It Fresh Mushroom Stroganoff,Schwartz Make It Fresh Mushroom Stroganoff35g,£1.09,£3.11 per 100g,Buy 4 for £2.50
Schwartz Meatballs in Tomato Sauce Recipe Mix,Schwartz Meatballs in Tomato Sauce Recipe Mix30g,£1.09,£3.63 per 100g,Buy 4 for £2.50
Schwartz Medium Curry Powder,Schwartz Medium Curry Powder90g,£2.25,25p per 10g,Buy 2 for £3.30
Schwartz Mild Curry Powder Drum,Schwartz Mild Curry Powder Drum85g,£2.25,26.5p per 10g,Buy 2 for £3.30
Schwartz Minced Garlic Jar ,Schwartz Minced Garlic Jar 46g,£2.15,46.7p per 10g,Buy 2 for £3.30
Schwartz Mint Jar       ,Schwartz Mint Jar       9g,£2.15,£2.39 per 10g,Buy 2 for £3.30
Schwartz Mixed Herbs Jar,Schwartz Mixed Herbs Jar11g,£1.60,£1.45 per 10g,
Schwartz Mixed Spice Jar,Schwartz Mixed Spice Jar28g,£2.15,76.8p per 10g,Buy 2 for £3.30
Schwartz Mustard Seeds Jar,Schwartz Mustard Seeds Jar48g,£2.15,44.8p per 10g,Buy 2 for £3.30
Schwartz One Pan Cajun Chicken And Rice,Schwartz One Pan Cajun Chicken And Rice32g,£1.09,£3.41 per 100g,Buy 4 for £2.50
Schwartz Onion Granules ,Schwartz Onion Granules 30g,£2.15,£7.17 per 100g,Buy 2 for £3.30
Schwartz Onion Salt Jar,Schwartz Onion Salt Jar65g,£2.15,33.1p per 10g,Buy 2 for £3.30
Schwartz Oregano Jar,Schwartz Oregano Jar7g,£2.15,£3.07 per 10g,Buy 2 for £3.30
Schwartz Paella Recipe Mix,Schwartz Paella Recipe Mix30g,£1.09,£3.63 per 100g,Buy 4 for £2.50
Schwartz Paprika Jar,Schwartz Paprika Jar40g,£1.60,40p per 10g,
Schwartz Parsley And Chive Sauce For Cod,Schwartz Parsley And Chive Sauce For Cod38g,£1.09,£2.87 per 100g,Buy 4 for £2.50
Schwartz Parsley Jar   ,Schwartz Parsley Jar   3g,£2.15,£7.17 per 10g,Buy 2 for £3.30
Schwartz Peppered Beef Casserole Authentic Mix,Schwartz Peppered Beef Casserole Authentic Mix40g,£1.09,£2.73 per 100g,Buy 4 for £2.50
Schwartz Perfect Shake Chip Seasoning,Schwartz Perfect Shake Chip Seasoning55g,£1.85,£3.36 per 100g,Buy 2 for £3.30
Schwartz Perfect Shake Season-All Herb & Spice Blend,Schwartz Perfect Shake Season…110g,£1.85,£1.68 per 100g,Buy 2 for £3.30
Schwartz Perfect Shake Smoky Cajun Herb & Spice Blend,Schwartz Perfect Shake Smoky…45g,£1.85,£4.11 per 100g,Buy 2 for £3.30
Schwartz Pilau Rice Seasoning,Schwartz Pilau Rice Seasoning65g,£2.15,33.1p per 10g,Buy 2 for £3.30
Schwartz Piri Piri Seasoning,Schwartz Piri Piri Seasoning39g,£1.85,47.4p per 10g,Buy 2 for £3.30
Schwartz Poppy Seeds,Schwartz Poppy Seeds43g,£2.15,£5.00 per 100g,Buy 2 for £3.30
Schwartz Pork & Sage Gravy Sachet,Schwartz Pork & Sage Gravy Sachet25g,£1.09,£4.36 per 100g,Buy 4 for £2.50
Schwartz Pork Casserole Recipe Mix,Schwartz Pork Casserole Recipe Mix36g,£1.09,£3.03 per 100g,Buy 4 for £2.50
Schwartz Pork Seasoning,Schwartz Pork Seasoning34g,£1.85,54.4p per 10g,Buy 2 for £3.30
Schwartz Potato Wedges Garlic & Herb,Schwartz Potato Wedges Garlic & Herb38g,£1.09,£2.87 per 100g,Buy 4 for £2.50
Schwartz Rainbow Peppercorn,Schwartz Rainbow Peppercorn24g,£3,£1.25 per 10g,
Schwartz Ras El Hanout ,Schwartz Ras El Hanout 38g,£2.15,£5.66 per 100g,Buy 2 for £3.30
Schwartz Roast Chicken Seasoning with Garlic & Herbs,Schwartz Roast Chicken Season…53g,£1.65,£3.11 per 100g,
Schwartz Roasted Garlic ,Schwartz Roasted Garlic 13g,£2.15,£16.54 per 100g,Buy 2 for £3.30
Schwartz Roast It - Texan Bbq,Schwartz Roast It - Texan Bbq25g,£1.09,£4.36 per 100g,Buy 4 for £2.50
Schwartz Roast It Chinese 5 Spice ,Schwartz Roast It Chinese 5 Spice 25g,£1.09,£4.36 per 100g,Buy 4 for £2.50
Schwartz Roast Lamb Gravy Mix          ,Schwartz Roast Lamb Gravy Mix          26g,90p,£3.46 per 100g,
Schwartz Roast Turkey Gravy Mix             ,Schwartz Roast Turkey Gravy Mix             25g,£1.09,£4.36 per 100g,Buy 4 for £2.50
Schwartz Rosemary Jar,Schwartz Rosemary Jar18g,£2.15,£1.19 per 10g,Buy 2 for £3.30
Schwartz Rubbed Sage Jar,Schwartz Rubbed Sage Jar10g,£2.15,£2.15 per 10g,Buy 2 for £3.30
Schwartz Saffron Strands Jar,Schwartz Saffron Strands Jar0.4g,£4.49,£112.25 per 10g,
Schwartz Sauce For Fish Pie ,Schwartz Sauce For Fish Pie 300g,£2.19,73p per 100g,"Offer price £2.19, was £2.20"
Schwartz Sausage Casserole Mix,Schwartz Sausage Casserole Mix35g,£1.09,31.1p per 10g,Buy 4 for £2.50
Schwartz Savoury Mince    ,Schwartz Savoury Mince    35g,£1.09,£3.11 per 100g,Buy 4 for £2.50
Schwartz Sesame Seed      ,Schwartz Sesame Seed      43g,£2.15,50p per 10g,Buy 2 for £3.30
Schwartz Shepherd's Pie Recipe Mix,Schwartz Shepherd's Pie Recipe Mix38g,£1.09,£2.87 per 100g,Buy 4 for £2.50
Schwartz Slow Cookers Beef & Ale Stew Recipe Mix,Schwartz Slow Cookers Beef…43g,£1.09,£2.53 per 100g,Buy 4 for £2.50
Schwartz Slow Cookers Chicken Curry Recipe Mix,Schwartz Slow Cookers Chicken Curry Recipe Mix33g,£1.09,£3.30 per 100g,Buy 4 for £2.50
Schwartz Slow Cookers Chicken Provencal,Schwartz Slow Cookers Chicken Provencal35g,£1.09,£3.11 per 100g,Buy 4 for £2.50
Schwartz Slow Cook Sticky American Bbq Brisket ,Schwartz Slow Cook Sticky…35g,£1.09,£3.11 per 100g,Buy 4 for £2.50
Schwartz Slow Cook Tikka Masala,Schwartz Slow Cook Tikka Masala35g,£1.09,£3.11 per 100g,Buy 4 for £2.50
Schwartz Smoked Paprika Chicken Recipe Mix,Schwartz Smoked Paprika Chicken Recipe Mix28g,£1.09,£3.89 per 100g,Buy 4 for £2.50
Schwartz Smoked Paprika Jar,Schwartz Smoked Paprika Jar40g,£2.15,53.8p per 10g,Buy 2 for £3.30
Schwartz Soy Ginger & Sesame Sauce,Schwartz Soy Ginger & Sesame Sauce300g,£2.19,73p per 100g,"Offer price £2.19, was £2.20"
Schwartz Spaghetti Bolognese Recipe Mix,Schwartz Spaghetti Bolognese Recipe Mix40g,£1.09,£2.73 per 100g,Buy 4 for £2.50
Schwartz Spaghetti Carbonara Recipe Mix,Schwartz Spaghetti Carbonara Recipe Mix32g,£1.09,£3.41 per 100g,Buy 4 for £2.50
Schwartz Spanish Chicken & Rice,Schwartz Spanish Chicken & Rice30g,£1.09,£3.63 per 100g,Buy 4 for £2.50
Schwartz Spicy Italian Seasoning ,Schwartz Spicy Italian Seasoning 42g,£1.85,44p per 10g,Buy 2 for £3.30
Schwartz Spicy Seasoning  ,Schwartz Spicy Seasoning  47g,£1.85,39.4p per 10g,Buy 2 for £3.30
Schwartz Steak Seasoning,Schwartz Steak Seasoning46g,£1.85,40.2p per 10g,Buy 2 for £3.30
Schwartz Sweet Smoked Paprika ,Schwartz Sweet Smoked Paprika 40g,£2.15,53.8p per 10g,Buy 2 for £3.30
Schwartz Tarragon Jar ,Schwartz Tarragon Jar 5g,£2.15,£4.30 per 10g,Buy 2 for £3.30
Schwartz Thai 7 Spice Seasoning,Schwartz Thai 7 Spice Seasoning52g,£1.85,35.6p per 10g,Buy 2 for £3.30
Schwartz Thai Green Chicken Curry Recipe Mix,Schwartz Thai Green Chicken Curry Recipe Mix41g,£1.09,£2.66 per 100g,Buy 4 for £2.50
Schwartz Thyme Jar,Schwartz Thyme Jar11g,£2.15,£1.95 per 10g,Buy 2 for £3.30
Schwartz Tikka Curry Spice ,Schwartz Tikka Curry Spice 85g,£2.25,26.5p per 10g,Buy 2 for £3.30
Schwartz Vanilla Pod,Schwartz Vanilla Pod,£3,,
Schwartz White Sauce ,Schwartz White Sauce 25g,£1.09,£4.36 per 100g,Buy 4 for £2.50
Schwartz Whole Cardamom Pods,Schwartz Whole Cardamom Pods26g,£2.15,£8.27 per 100g,Buy 2 for £3.30
Schwartz Whole Cloves Jar,Schwartz Whole Cloves Jar22g,£2.15,97.7p per 10g,Buy 2 for £3.30
Schwartz Whole Nutmeg Jar,Schwartz Whole Nutmeg Jar25g,£2.15,£8.60 per 100g,Buy 2 for £3.30
Schwartz Whole Star Anise,Schwartz Whole Star Anise10g,£2.15,£21.50 per 100g,Buy 2 for £3.30
Schwartz Wild Mushroom Sauce ,Schwartz Wild Mushroom Sauce 30g,£1.09,£3.63 per 100g,Buy 4 for £2.50
Schwartz Wok It American Bbq Chicken Sizzler,Schwartz Wok It America…35g,£1.09,£3.11 per 100g,Buy 4 for £2.50
Schwartz Wok It Caribbean Chicken ,Schwartz Wok It Caribbean Chicken 35g,£1.09,£3.11 per 100g,Buy 4 for £2.50
Schwartz Wok It Zesty Garlic And Chilli Prawns,Schwartz Wok It Zesty Garlic And Chilli Prawns35g,£1.09,£3.11 per 100g,Buy 4 for £2.50
Schwartz Wrap It Jamaican Jerk,Schwartz Wrap It Jamaican Jerk30g,£1.09,36.3p per 10g,Buy 4 for £2.50
Schwartz Wrap It Sizzling Tikka,Schwartz Wrap It Sizzling Tikka30g,£1.09,36.3p per 10g,Buy 4 for £2.50
Schwartz Wrap It Smokehouse BBQ,Schwartz Wrap It Smokehouse BBQ30g,£1.09,36.3p per 10g,Buy 4 for £2.50
Schwartz Wrap It Takeaway Kebab,Schwartz Wrap It Takeaway Kebab35g,£1.09,£3.11 per 100g,Buy 4 for £2.50
Schwartz Zaatar ,Schwartz Zaatar 35g,£1.85,£5.29 per 100g,Buy 2 for £3.30
Scott's Old Fashioned Porage Oats,Scott's Old Fashioned Porage Oats1kg,£2.49,24.9p per 100g,Buy 2 for £4
Scott's Porage Original Scottish Porridge Oats,Scott's Porage Original Scottish Porridge Oats1kg,£2.29,22.9p per 100g,Buy 2 for £4
 Scrapples Apple & Mango Crisps Multi-Box , Scrapples Apple & Mango Crisps Multi-Box 60g,£2.65,£4.42 per 100g,
Scrapples Wonky Apple & Mango Crisps ,Scrapples Wonky Apple & Mango Crisps 12g,70p,£5.83 per 100g,
Scrapples Wonky Apple Crisps,Scrapples Wonky Apple Crisps12g,70p,£5.83 per 100g,
Scrapples Wonky Apple Crisps Multi-Box ,Scrapples Wonky Apple Crisps Multi-Box 60g,£2.65,£4.42 per 100g,
Seabrook Beefy Crisps 6 Pack,Seabrook Beefy Crisps 6 Pack150g,£1.35,90p per 100g,
Seabrook Cheese & Onion Crisps 6 Pack,Seabrook Cheese & Onion Crisps 6 Pack150g,£1.35,90p per 100g,
Seabrook Salt & Vinegar Crisps 6 Pack,Seabrook Salt & Vinegar Crisps 6 Pack150g,£1.35,90p per 100g,
Seabrook Sea Salt Crisps 6 Pack,Seabrook Sea Salt Crisps 6 Pack150g,£1.35,90p per 100g,
Seabrooks Prawn Cocktail Crisps 6 Pack,Seabrooks Prawn Cocktail Crisps 6 Pack150g,£1.35,90p per 100g,
Seabrook Variety,Seabrook Variety18 x 25g,£3,66.7p per 100g,
Seabrook Variety Crisps 6 Pack,Seabrook Variety Crisps 6 Pack150g,£1.35,90p per 100g,
Sea Isle Blackeye Beans In Salted Water,Sea Isle Blackeye Beans In Salted Water240g,69p,£2.88 per kg,
Sea Isle Gunga Peas In Salted Water ,Sea Isle Gunga Peas In Salted Water 240g,69p,£2.88 per kg,
Sea Isle Red Kidney Beans In Salted Water ,Sea Isle Red Kidney Beans In Salted Water 240g,69p,£2.88 per kg,
Seeds of Change Organic Spinach Trottole Pasta 500g,Seeds of Change Organic Spina…500g,£2.49,49.8p per 100g,
Seeds Of Change Tomato & Basil Organic Pasta Sauce,Seeds Of Change Tomato & Ba…500g,£2.49,49.8p per 100g,
Sensations Balsamic Vinegar & Caramelised Onion Sharing Crisps ,Sensations Balsamic Vinegar & Caramel…150g,£2.25,£1.50 per 100g,
Sensations Roast Chicken & Thyme Sharing Crisps ,Sensations Roast Chicken & Thyme Sharing Crisps 150g,£2.25,£1.50 per 100g,
Sensations Thai Sweet Chilli Sharing Crisps,Sensations Thai Sweet Chilli Sharing Crisps150g,£2.25,£1.50 per 100g,
Shahzada Basmati Rice,Shahzada Basmati Rice10kg,£16,£1.60 per kg,
Shangri-La Chicken Flavour Noodles ,Shangri-La Chicken Flavour Noodles 60g,49p,£8.17 per kg,
Sharwood's 2 Peshwari Naans,Sharwood's 2 Peshwari Naans2 per pack,£1.75,87.5p each,
Sharwood's 4 Garlic & Coriander Mini Naans,Sharwood's 4 Garlic & Coriander Mini Naans260g,£1.75,67.3p per 100g,
Sharwood's 4 Peshwari Mini Naans,Sharwood's 4 Peshwari Mini Naans260g,£1.75,67.3p per 100g,
Sharwood's 4 Plain Mini Naans,Sharwood's 4 Plain Mini Naans260g,£1.75,67.3p per 100g,
Sharwood's 8 Plain Poppadoms Low Fat,Sharwood's 8 Plain Poppadoms Low Fat94g,£1.75,£1.86 per 100g,
Sharwood's Balti Medium Curry Sauce,Sharwood's Balti Medium Curry Sauce420g,£1.75,41.7p per 100g,
Sharwood's Balti Paste ,Sharwood's Balti Paste 290g,£2.99,£1.03 per 100g,
Sharwood's Bhuna Medium Curry Sauce,Sharwood's Bhuna Medium Curry Sauce420g,£1.75,41.7p per 100g,
Sharwood's Black Bean & Red Pepper Chinese Cooking Sauce,Sharwood's Black Bean & Red Pep…425g,£1.75,41.2p per 100g,
Sharwood's Butter Chicken 30% Less Fat ,Sharwood's Butter Chicken 30% Less Fat 420g,£1.75,41.7p per 100g,
Sharwood's Butter Chicken Mild Curry Sauce,Sharwood's Butter Chicken Mild Curry Sauce420g,£1.75,41.7p per 100g,
Sharwood's Chinese Curry Sauce,Sharwood's Chinese Curry Sauce425g,£1.75,41.2p per 100g,
Sharwood's Cooking Sauce Balti,Sharwood's Cooking Sauce Balti720g,£3.49,48.5p per 100g,
Sharwood's Cooking Sauce Korma,Sharwood's Cooking Sauce Korma720g,£3.49,48.5p per 100g,
Sharwood's Cooking Sauce Korma 30% Less Fat,Sharwood's Cooking Sauc…420g,£1.75,41.7p per 100g,
Sharwood's Cooking Sauce Madras ,Sharwood's Cooking Sauce Madras 420g,£1.75,41.7p per 100g,
Sharwood's Cooking Sauce Sweet & Sour 30% Less Sugar,Sharwood's Cooking Sauce Swee…425g,£1.75,41.2p per 100g,
Sharwood's Cooking Sauce Tikka Masala,Sharwood's Cooking Sauce Tikka Masala720g,£3.49,48.5p per 100g,
Sharwood's Cooking Sauce Tikka Masala 30% Less Fat,Sharwood's Cooking Sauce Ti…420g,£1.75,41.7p per 100g,
Sharwood's Cooking Sauce Vindaloo,Sharwood's Cooking Sauce Vindaloo420g,£1.75,41.7p per 100g,
Sharwood's Fine Egg Noodles,Sharwood's Fine Egg Noodles340g,£1.75,£5.15 per kg,
Sharwood's Garlic & Coriander Naans,Sharwood's Garlic & Coriander Naans2 per pack,£1.75,87.5p each,
Sharwood's Garlic & Coriander Poppadoms,Sharwood's Garlic & Coriander Poppadoms8 per pack,£1.75,21.9p each,
Sharwood's Green Label Mango Chutney,Sharwood's Green Label Mango Chutney227g,£1.75,77.1p per 100g,
Sharwood's Hoisin Marinade ,Sharwood's Hoisin Marinade 290g,£1.75,60.3p per 100g,
Sharwood's Jalfrezi Hot Curry Sauce,Sharwood's Jalfrezi Hot Curry Sauce420g,£1.75,41.7p per 100g,
Sharwood's Japanese Teriyaki Sauce ,Sharwood's Japanese Teriyaki Sauce 420g,£1.75,41.7p per 100g,
Sharwood's Katsu Curry Sauce ,Sharwood's Katsu Curry Sauce 415g,£1.75,42.2p per 100g,
Sharwood's Korma Mild Curry Sauce,Sharwood's Korma Mild Curry Sauce420g,£1.75,41.7p per 100g,
Sharwood's Kung Po Chinese Cooking Sauce,Sharwood's Kung Po Chinese Cooking Sauce425g,£1.75,41.2p per 100g,
Sharwood's Lime Pickle,Sharwood's Lime Pickle300g,£1.75,58.3p per 100g,"Offer price £1.75, was £3.69"
Sharwood's Massaman Curry Sauce ,Sharwood's Massaman Curry Sauce 420g,£1.75,41.7p per 100g,
Sharwood's Medium Egg Noodles,Sharwood's Medium Egg Noodles340g,£1.75,£5.15 per kg,
Sharwood's Onion Bhaji Mix ,Sharwood's Onion Bhaji Mix 110g,£2.15,£1.95 per 100g,
Sharwoods Oyster & Spring Onion Stir Fry Sauce,Sharwoods Oyster & Spring…120g,£1.19,99.2p per 100g,
Sharwoods Plain Low Salt Poppadoms Ready To Eat,Sharwoods Plain Low Salt Poppadoms Ready To Eat8 per pack,£1.75,21.9p each,
Sharwood's Plain Mini Poppadoms ,Sharwood's Plain Mini Poppadoms 55g,£1.75,£3.18 per 100g,
Sharwood's Plain Poppadoms,Sharwood's Plain Poppadoms8 per pack,£1.75,21.9p each,
Sharwood's Plum Sauce ,Sharwood's Plum Sauce 300g,£1.75,58.2p per 100g,"Offer price £1.75, was £3.49"
Sharwood's Prawn Crackers,Sharwood's Prawn Crackers60g,£1.75,£2.92 per 100g,
Sharwood's Raita Sauce ,Sharwood's Raita Sauce 190g,£1.75,92.1p per 100g,
Sharwood's Rogan Josh Medium Curry Sauce,Sharwood's Rogan Josh Medium Curry Sauce420g,£1.75,41.7p per 100g,
Sharwood's Rogan Josh Paste ,Sharwood's Rogan Josh Paste 280g,£2.99,£1.07 per 100g,
Sharwood's Stir Fry Hoisin Sauce,Sharwood's Stir Fry Hoisin Sauce120g,£1.19,99.2p per 100g,
Sharwood's Stir Fry Sauce 30% Less Sugar Chow Mein,Sharwood's Stir Fry Sauce 3…120g,90p,75p per 100g,
Sharwood's Stir Fry Sauce 30% Less Sugar Sweet Chilli & Garlic,Sharwood's Stir Fry Sauce 30% Less…120g,£1.19,99.2p per 100g,
Sharwoods Stir Fry Teriyaki,Sharwoods Stir Fry Teriyaki120g,£1.19,99.2p per 100g,
Sharwood's Sweet & Sour Chinese Cooking Sauce,Sharwood's Sweet & Sour Chinese Cooking Sauce425g,£1.75,41.2p per 100g,
Sharwood's Sweet & Sour Stir Fry Sauce,Sharwood's Sweet & Sour Stir Fry Sauce120g,£1.19,99.2p per 100g,
Sharwood's Sweet Chilli & Red Pepper Chinese Cooking Sauce,Sharwood's Sweet Chilli & Red Pep…425g,£1.75,41.2p per 100g,
Sharwood's Thai Crackers,Sharwood's Thai Crackers60g,£1.75,£2.92 per 100g,
Sharwood's Thai Green Curry Sauce ,Sharwood's Thai Green Curry Sauce 415g,£1.75,42.2p per 100g,
Sharwood's Thai Jungle Curry Sauce,Sharwood's Thai Jungle Curry Sauce420g,£1.75,41.7p per 100g,
Sharwood's Thai Red Curry Sauce ,Sharwood's Thai Red Curry Sauce 415g,£1.75,42.2p per 100g,
Sharwood's Thai Rendang Curry Sauce,Sharwood's Thai Rendang Curry Sauce415g,£1.75,42.2p per 100g,
Sharwood's Tikka Creamy Cooking Sauce,Sharwood's Tikka Creamy Cooking Sauce425g,£1.75,41.2p per 100g,
Sharwood's Tikka Masala Mild Curry Sauce,Sharwood's Tikka Masala Mild Curry Sauce420g,£1.75,41.7p per 100g,
Sharwood's Tikka Paste ,Sharwood's Tikka Paste 275g,£2.99,£1.09 per 100g,
Sharwood's Whole Wheat Noodles,Sharwood's Whole Wheat Noodles375g,£1.75,£4.67 per kg,
Shaws Caramelised Red Onion Chutney,Shaws Caramelised Red Onion Chutney310g,£1.45,46.8p per 100g,"Offer price £1.45, was £1.75"
Shaws Devilish Tomato & Chilli Relish,Shaws Devilish Tomato & Chilli Relish300g,£1.75,58.3p per 100g,
Shaws Habanero & Red Pepper Chutney,Shaws Habanero & Red Pepper Chutney300g,£1.45,48.3p per 100g,"Offer price £1.45, was £1.75"
Shaws Mighty American Style Relish,Shaws Mighty American Style Relish300g,£1.75,58.3p per 100g,
Shaws Yorkshire Chunky Mango Chutney,Shaws Yorkshire Chunky Mango Chutney300g,£1.45,48.3p per 100g,"Offer price £1.45, was £1.75"
Silver Spoon Caster Sugar     ,Silver Spoon Caster Sugar     500g,£1.49,£2.98 per kg,
Silver Spoon Caster Sugar     ,Silver Spoon Caster Sugar     1kg,£2.59,£2.59 per kg,
Silver Spoon Dark Brown Soft Sugar ,Silver Spoon Dark Brown Soft Sugar 500g,£1.55,31p per 100g,
Silver Spoon Demerara Sugar,Silver Spoon Demerara Sugar500g,£1.55,31p per 100g,
Silver Spoon Granulated Sugar ,Silver Spoon Granulated Sugar 1kg,99p,99p per kg,
Silver Spoon Granulated Sugar ,Silver Spoon Granulated Sugar 2kg,£2.09,£1.05 per kg,
Silver Spoon Granulated Sweetener,Silver Spoon Granulated Sweetener75g,£1.95,£26.00 per kg,
Silver Spoon Half Spoon Granulated Sugar,Silver Spoon Half Spoon Granulated Sugar1kg,£3.25,£3.25 per kg,
Silverspoon Halfspoon Sugar,Silverspoon Halfspoon Sugar500g,£1.85,£3.70 per kg,
Silver Spoon Icing Sugar      ,Silver Spoon Icing Sugar      1kg,£2.39,£2.39 per kg,
Silver Spoon Icing Sugar      ,Silver Spoon Icing Sugar      500g,£1.49,£2.98 per kg,
Silver Spoon Jam Sugar        ,Silver Spoon Jam Sugar        1kg,£2.79,£2.79 per kg,
Silver Spoon Light Brown Soft Sugar ,Silver Spoon Light Brown Soft Sugar 500g,£1.55,31p per 100g,
Silver Spoon Preserving Sugar ,Silver Spoon Preserving Sugar 1kg,£2.39,£2.39 per kg,
Silver Spoon Sweetener,Silver Spoon Sweetener400 per pack,£2.25,0.6p each,
Silver Spoon White Sugar Cubes,Silver Spoon White Sugar Cubes500g,£1.45,£2.90 per kg,
Simplycook Cajun Jambalaya Recipe Kit ,Simplycook Cajun Jambalaya Recipe Kit ,£2.50,,
Simplycook Chicken Makhani Recipe Kit,Simplycook Chicken Makhani Recipe Kit,£2.50,,
Simplycook Chorizo Penne Recipe Kit ,Simplycook Chorizo Penne Recipe Kit ,£2.50,,
Simplycook Jerk Chicken Recipe Kit,Simplycook Jerk Chicken Recipe Kit,£2.50,,
Simplycook Nasi Goreng Recipe Kit ,Simplycook Nasi Goreng Recipe Kit ,£2.50,,
Simplycook Vietnamese Pork Recipe Kit ,Simplycook Vietnamese Pork Recipe Kit ,£2.50,,
Sizzola Rapeseed Oil Spray,Sizzola Rapeseed Oil Spray200ml,£2.09,£1.05 per 100ml,
Skinny Whip Chocolate Orange ,Skinny Whip Chocolate Orange 5 x 100g,£1,20p per 100g,
Skinny Whip Mint & Dark Chocolate,Skinny Whip Mint & Dark Chocolate5 x 100g,£1,20p per 100g,
Skinny Whip Toffee Chocolate Bars,Skinny Whip Toffee Chocolate Bars100g,£1,£1.00 per 100g,
Skippy Chocolate Chip Swirl Peanut Butter,Skippy Chocolate Chip Swirl Peanut Butter340g,£2.65,77.9p per 100g,
Skippy Chunky Peanut Butter,Skippy Chunky Peanut Butter454g,£3,66.1p per 100g,
Skippy Smooth Peanut Butter,Skippy Smooth Peanut Butter340g,£2.49,73.2p per 100g,
Skippy Smooth Peanut Butter,Skippy Smooth Peanut Butter454g,£3,66.1p per 100g,
Skippy Super Crunch Extra Crunchy Peanut Butter,Skippy Super Crunch Extra Crunchy Peanut Butter340g,£2.49,73.2p per 100g,
Skips Prawn Cocktail Mulitpack Crisps ,Skips Prawn Cocktail Mulitpack Crisps 6 x 13.1g,£1.49,£1.90 per 100g,
Skittles Chewies Vegan Sweets Fruit Flavoured Pouch Bag ,Skittles Chewies Vegan Sweets F…137g,£1,73p per 100g,
Skittles Giants Vegan Chewy Sour Sweets Fruit Flavoured Pouch Bag,Skittles Giants Vegan Chewy Sour Swee…141g,£1,70.9p per 100g,
Skittles Giants Vegan Chewy Sweets Fruit Flavoured Pouch Bag ,Skittles Giants Vegan Chewy Sweets…141g,£1,70.9p per 100g,
Skittles Squishy Cloudz Chewy Sweets Fruit Flavoured Sweets Pouch Bag,Skittles Squishy Cloudz Chewy…94g,£1,£1.06 per 100g,
Skittles Squishy Cloudz Sour Sweets Fruit Flavoured  Sweets Pouch Bag,Skittles Squishy Cloudz Sour…94g,£1,£1.06 per 100g,
Skittles Vegan Chewy Crazy Sour Sweets Fruit Flavoured Pouch Bag ,Skittles Vegan Chewy Crazy Sour Sweet…152g,£1,65.8p per 100g,
Skittles Vegan Chewy Sweets Fruit Flavoured Pouch Bag,Skittles Vegan Chewy Sweets F…152g,£1,65.8p per 100g,
Slim-Fast Milkshake Strawberry,Slim-Fast Milkshake Strawberry6 x 325ml,£10,51.3p per 100ml,"Offer price £10, was £10.99"
Slimmers Calorie Free Sweeteners,Slimmers Calorie Free Sweeteners1000 per pack,£1,0.1p each,
Slush Puppie Ice Pops Multipack,Slush Puppie Ice Pops Multipack600ml,£1.50,25p per 100ml,
Smarties ,Smarties 105g,£1.35,£1.29 per 100g,
Smarties Buttons Milk Chocolate Sharing Pouch,Smarties Buttons Milk Chocolate Sharing Pouch90g,£1.35,£1.50 per 100g,
Smarties Giant Egg Dinosaur,Smarties Giant Egg Dinosaur264g,£5,£1.89 per 100g,
Smarties Large Egg,Smarties Large Egg226g,£3.25,£1.44 per 100g,
Smarties Milk Chocolate Egg Hunt Pack,Smarties Milk Chocolate Egg Hunt Pack140g,£3,£2.14 per 100g,
Smarties Milk Chocolate Large Easter Bunny,Smarties Milk Chocolate Large Easter Bunny94g,£2,£2.13 per 100g,
Smarties Milk Chocolate Medium Easter Egg ,Smarties Milk Chocolate Medium Easter Egg 119g,£1.50,£1.26 per 100g,Save 50p Off Your Next Shop
Smarties Milk Chocolate Small Easter Bunny,Smarties Milk Chocolate Small Easter Bunny18.5g,70p,£3.78 per 100g,Buy 2 for £1.20
Smarties White Chocolate Hexatube,Smarties White Chocolate Hexatube36g,75p,£2.08 per 100g,Buy 2 for £1.20
Smint Mint Sugar Free Mints Dispenser,Smint Mint Sugar Free Mints Dispenser8g,£1.10,£1.38 per 10g,
Smint XXL Peppermint Sugar Free Tin 50 Mints,Smint XXL Peppermint Sugar Free Tin 50 Mints35g,£1.50,£4.29 per 100g,
Smiths Chipsticks Salt & Vinegar Flavour,Smiths Chipsticks Salt & Vinegar Flavour6 x 17g,£1.35,£1.32 per 100g,
Smiths Frazzles Crispy Bacon Flavour,Smiths Frazzles Crispy Bacon Flavour6 x 18g,£1.35,£1.25 per 100g,
Snack a Jacks Caramel Sharing Rice Cakes ,Snack a Jacks Caramel Sharing Rice Cakes 159g,£2.25,£1.42 per 100g,
Snack a Jacks Chocolate Chip Sharing Rice Cakes ,Snack a Jacks Chocolate Chip Sharing Rice Cakes 180g,£2.25,£1.25 per 100g,
Snack A Jacks Crispy Salt & Vinegar,Snack A Jacks Crispy Salt & Vinegar5 x 19g,£1.75,£1.84 per 100g,Buy 2 for £3
Snack A Jacks Crispy Sour Cream & Chive,Snack A Jacks Crispy Sour Cream & Chive5 x 19g,£1.75,£1.84 per 100g,Buy 2 for £3
Snack A Jacks Crispy Sweet Chilli,Snack A Jacks Crispy Sweet Chilli5 x 19g,£1.75,£1.84 per 100g,Buy 2 for £3
Snack a Jacks Salt & Vinegar Sharing Rice Cakes ,Snack a Jacks Salt & Vinega…126g,£2.25,£1.79 per 100g,
"Snickers Caramel, Nougat, Peanuts & Milk Chocolate Snack Bars Multipack","Snickers Caramel, Nougat, Peanuts & Milk…4 x 41.7g",£1.65,99p per 100g,"Offer price £1.65, was £1.95"
"Snickers Caramel, Nougat, Peanuts & Milk Chocolate Snack Bars Multipack ","Snickers Caramel, Nougat, Peanuts & Milk Ch…8 x 35.5g",£2.50,88p per 100g,
Snickers Creamy Peanut Butter & Milk Chocolate Snack Bars Multipack,Snickers Creamy Peanut Butter & Milk Ch…182g,£2.50,£1.37 per 100g,
"Snickers Triple Treat Fruit, Nut & Chocolate Snack Bar ","Snickers Triple Treat Fruit, Nu…40g",65p,£1.63 per 100g,
"Snickers Triple Treat Fruit, Nut & Chocolate Snack Bars 4pk ","Snickers Triple Treat Fruit, Nut &…128g",£1.75,£1.37 per 100g,
Sour Patch Kids Cola Sweet Bag,Sour Patch Kids Cola Sweet Bag140g,£1.25,89.3p per 100g,
Sour Patch Kids Fruit Mix Sweet Bag,Sour Patch Kids Fruit Mix Sweet Bag140g,£1.25,89.3p per 100g,
Sour Patch Kids Original Sweet Bag,Sour Patch Kids Original Sweet Bag140g,£1.25,89.3p per 100g,
Sour Patch Kids Watermelon Flavour Sweets Bag,Sour Patch Kids Watermelo…140g,£1.25,89.3p per 100g,
Sour Punch Mini Bites Assorted Flavours ,Sour Punch Mini Bites Assorted Flavours 57g,£1.25,£2.19 per 100g,
Space Raiders Beef Multipack Crisps,Space Raiders Beef Multipack Crisps6 x 13g,£1.50,£1.92 per 100g,
Spam Chopped Pork & Ham,Spam Chopped Pork & Ham340g,£3,88.2p per 100g,
Spam Chopped Pork & Ham,Spam Chopped Pork & Ham200g,£2.49,£1.25 per 100g,
Spam Chopped Pork And Ham,Spam Chopped Pork And Ham200g,£2.45,£1.23 per 100g,
Spam Chopped Pork and Ham with Real Bacon,Spam Chopped Pork and Ham with Real Bacon200g,£2.49,£1.25 per 100g,
Spam Lite,Spam Lite200g,£2.49,£1.25 per 100g,
Special K Dark Chocolate Granola,Special K Dark Chocolate Granola350g,£3,85.7p per 100g,
Splenda Granulated Low Calorie Sweetener,Splenda Granulated Low Calorie Sweetener125g,£3,£24.00 per kg,
Stagg Classic Chilli Con Carne,Stagg Classic Chilli Con Carne400g,£2.50,62.5p per 100g,
Stagg Dynamite Hot Chili Con Carne,Stagg Dynamite Hot Chili Con Carne400g,£2.50,62.5p per 100g,
Stagg Low Fat Vegetable Chilli,Stagg Low Fat Vegetable Chilli400g,£2.50,62.5p per 100g,
Starbucks Blonde Espresso Roast by Nespresso Coffee Pods x 10,Starbucks Blonde Espresso…10 per pack,£4.25,42.5p each,
Starbucks By Nespresso Blonde Breakfast Blend,Starbucks By Nespresso Blonde Breakfast Blend57g,£4.25,£7.46 per 100g,
Starbucks Cappuccino by Nescafe Dolce Gusto Coffee Pods x 6,Starbucks Cappuccino by Nescafe D…120g,£4.99,£4.16 per 100g,Buy 2 for £8
Starbucks Caramel Macchiato by Nescafe Dolce Gusto Coffee Pods x 12,Starbucks Caramel Macchiato…127.8g,£4.99,£3.90 per 100g,Buy 2 for £8
Starbucks Columbia Medium Roast Ground Coffee ,Starbucks Columbia Medium…200g,£3.85,£1.93 per 100g,
Starbucks Decaf Espresso Roast by Nespresso Coffee Pods x 10,Starbucks Decaf Espresso Roast by N…10 per pack,£4.25,42.5p each,
Starbucks Discoveries Caramel Macchiato,Starbucks Discoveries Caramel Macchiato220ml,£1.25,£5.68 per litre,"Offer price £1.25, was £2.25"
Starbucks Discoveries Seattle Latte,Starbucks Discoveries Seattle Latte220ml,£1.25,£5.68 per litre,"Offer price £1.25, was £2.25"
Starbucks Dolce Gusto Caffe Latte 12 Pods ,Starbucks Dolce Gusto Caffe Latte 12 Pods 121.2g,£4.99,£4.12 per 100g,
Starbucks Dolce Gusto Madagascar Vanilla Macchiato Coffee Pods x 12 ,Starbucks Dolce Gusto Madagas…132g,£4.99,£3.78 per 100g,Buy 2 for £8
Starbucks Doubleshot Espresso,Starbucks Doubleshot Espresso200ml,£1.25,£6.25 per litre,"Offer price £1.25, was £2.25"
Starbucks Espresso Roast by Nespresso Coffee Pods x 40,Starbucks Espresso Roast by Nes…228g,£11.75,£5.15 per 100g,"Offer price £11.75, was £14.99"
Starbucks Espresso Roast Dark Roast Whole Bean Coffee,Starbucks Espresso Roast Dark…200g,£3.85,£1.93 per 100g,
Starbucks Frappuccino Coffee Drink Caramel Flavour,Starbucks Frappuccino Coffe…250ml,£1.25,£5.00 per litre,"Offer price £1.25, was £2.25"
Starbucks House Blend Ground Coffee ,Starbucks House Blend Ground Coffee 200g,£3.85,£1.93 per 100g,
Starbucks Nespresso Colombia Espresso Pods ,Starbucks Nespresso Colombia Espresso Pods 10 per pack,£4.25,42.5p each,
Starbucks Nespresso Medium House Blend ,Starbucks Nespresso Medium House Blend 10 per pack,£4.25,42.5p each,
Starbucks Premium Instant Caramel Latte,Starbucks Premium Instant Caramel Latte5 x 23g,£2,£1.74 per 100g,"Offer price £2, was £3.59"
Starbucks Premium Instant Cinnamon Dolce Latte,Starbucks Premium Instant…5 x 23.5g,£2,£1.70 per 100g,"Offer price £2, was £3.59"
Starbucks Signature Hot Chocolate,Starbucks Signature Hot Chocolate330g,£5,£1.52 per 100g,
Starbucks Single Origin Sumatra Dark Roast 10 Coffee Pods ,Starbucks Single Origin Sumatra D…55g,£4.25,£7.73 per 100g,
Starbucks White Mocha,Starbucks White Mocha5 x 120g,£2,33.3p per 100g,"Offer price £2, was £3.59"
Starburst Fruit Squares Fruit Mix,Starburst Fruit Squares Fruit Mix25g,£1,£4.00 per 100g,
Starburst Fruit Squares Tropical Mix,Starburst Fruit Squares Tropical Mix25g,£1,£4.00 per 100g,
Starburst Vegan Chewy Sweets Fruit Flavoured Pouch Bag,Starburst Vegan Chewy Sweets Fr…152g,£1,65.8p per 100g,
St. Dalfour Apple & Cinnamon,St. Dalfour Apple & Cinnamon284g,£2.69,94.7p per 100g,
St. Dalfour Orange & Ginger Jam,St. Dalfour Orange & Ginger Jam284g,£2.69,94.7p per 100g,
St. Dalfour Strawberry Jam,St. Dalfour Strawberry Jam284g,£2.69,94.7p per 100g,
Streamline Low Sugar Blackcurrant Jam ,Streamline Low Sugar Blackcurrant Jam 340g,£2.49,73.2p per 100g,
Streamline Low Sugar Strawberry Jam ,Streamline Low Sugar Strawberry Jam 340g,£2.09,61.5p per 100g,
Street Kitchen Japanese Teriyaki Chicken,Street Kitchen Japanese Teriyaki Chicken255g,£2,78.7p per 100g,"Offer price £2, was £3.15"
Street Kitchen Malayasian Peanut Satay ,Street Kitchen Malayasian Peanut Satay 255g,£2,78.7p per 100g,"Offer price £2, was £3.15"
Stute Diabetic Fine Cut Marmalade,Stute Diabetic Fine Cut Marmalade430g,£2.79,64.9p per 100g,
Stute Diabetic Strawberry Extra Jam,Stute Diabetic Strawberry Extra Jam430g,£2.79,64.9p per 100g,
Summer Pride Tofu Chunks In Chilli & Garlic,Summer Pride Tofu Chunks In Chilli & Garlic225g,£1.50,£6.67 per kg,
Summer Pride Tofu Chunks In Soy & Spring Onion,Summer Pride Tofu Chunks…225g,£1.50,£6.67 per kg,
Summer Pride Tofu Chunks In Water,Summer Pride Tofu Chunks In Water225g,£1.50,£6.67 per kg,
Sun-Pat Crunchy Peanut Butter,Sun-Pat Crunchy Peanut Butter400g,£3,75p per 100g,
Sun-Pat Crunchy Peanut Butter,Sun-Pat Crunchy Peanut Butter570g,£3.50,61.4p per 100g,
Sun-Pat No Added Sugar Crunchy,Sun-Pat No Added Sugar Crunchy400g,£3,75p per 100g,
Sun-Pat No Added Sugar Smooth,Sun-Pat No Added Sugar Smooth400g,£3,75p per 100g,
Sun-Pat Smooth Peanut Butter,Sun-Pat Smooth Peanut Butter400g,£3,75p per 100g,
Sun-Pat Smooth Peanut Butter,Sun-Pat Smooth Peanut Butter570g,£3.50,61.4p per 100g,
Sunbites Sour Cream Multipack Snacks ,Sunbites Sour Cream Multipack Snacks 6 x 25g,£1.75,£1.17 per 100g,Buy 2 for £3
Sunbites Sweet Chilli Multipack Snacks ,Sunbites Sweet Chilli Multipack Snacks 6 x 25g,£1.75,£1.17 per 100g,Buy 2 for £3
Sunny Yogurt Coated Raisins,Sunny Yogurt Coated Raisins5 x 25g,£2,£1.60 per 100g,Buy 2 for £3.50
Surya Laila Basmati Rice,Surya Laila Basmati Rice2kg,£4,£2.00 per kg,
Surya Select Basmati Rice,Surya Select Basmati Rice10kg,£13,£1.30 per kg,
Sweet Baby Ray's Barbecue Sauce ,Sweet Baby Ray's Barbecue Sauce 510g,£3.99,78.2p per 100g,
Sweet Baby Ray's Honey Barbecue Sauce ,Sweet Baby Ray's Honey Barbecue Sauce 510g,£3.99,78.2p per 100g,
Sweetex 800 Sweetener Tablets,Sweetex 800 Sweetener Tablets,£2.25,,
Sweet Freedom Choc Pot Chocolate Spread,Sweet Freedom Choc Pot Chocolate Spread250g,£3,£1.20 per 100g,
Sweet Freedom Choc Shot,Sweet Freedom Choc Shot320g,£3.50,£1.09 per 100g,
Swizzels Big Party Mix Bag,Swizzels Big Party Mix Bag1.1kg,£5.50,50p per 100g,
Swizzels Curious Chews,Swizzels Curious Chews171g,£1.15,67.3p per 100g,
Swizzels Drumstick Squashies,Swizzels Drumstick Squashies160g,£1.15,71.9p per 100g,
Swizzels Drumstick Squashies Bubblegum Flavour,Swizzels Drumstick Squash…160g,£1.15,71.9p per 100g,
Swizzels Drumstick Squashies Rhubarb & Custard ,Swizzels Drumstick Squash…160g,£1.15,71.9p per 100g,
Swizzels Luscious Lollies,Swizzels Luscious Lollies176g,£1.15,65.3p per 100g,
Swizzels Marvellous Mallows Drumstick Raspberry & Milk ,Swizzels Marvellous Mallows Dru…125g,£1.15,92p per 100g,
Swizzels Scrumptious Sweets,Swizzels Scrumptious Sweets173g,£1.15,66.5p per 100g,
Tabasco Original Red Pepper Sauce,Tabasco Original Red Pepper Sauce57ml,£2,£3.51 per 100ml,"Offer price £2, was £2.49"
Tassimo Cadbury Hot Chocolate Pods 8s,Tassimo Cadbury Hot Chocolate Pods 8s240g,£4.75,£1.98 per 100g,Buy 2 for £8.50
Tassimo Costa Americano Coffee Pods x12,Tassimo Costa Americano Coffee Pods x12108g,£4.75,£4.40 per 100g,Buy 2 for £8.50
Tassimo Costa Cappuccino Coffee Pods,Tassimo Costa Cappuccino Coffee Pods210g,£4.75,£2.26 per 100g,Buy 2 for £8.50
Tassimo Costa Caramel Latte Coffee Pods x6,Tassimo Costa Caramel Latte Coffee Pods x6203g,£4.75,£2.34 per 100g,Buy 2 for £8.50
Tassimo Costa Latte Coffee Pods x6,Tassimo Costa Latte Coffee Pods x6167g,£4.75,£2.84 per 100g,Buy 2 for £8.50
Tassimo Creamer From Milk Pods 16s,Tassimo Creamer From Milk Pods 16s344g,£4.75,£1.38 per 100g,Buy 2 for £8.50
Tassimo Hot Chocolate Salted Caramel 8 Pack,Tassimo Hot Chocolate Salted Caramel 8 Pack240g,£4.75,£1.98 per 100g,Buy 2 for £8.50
Tassimo Kenco 100% Colombian Coffee Pods 16s,Tassimo Kenco 100% Colo…136g,£4.75,£3.49 per 100g,Buy 2 for £8.50
Tassimo Kenco Americano Decaff Coffee Pods 16s,Tassimo Kenco Americano Decaff Coffee Pods 16s104g,£4.75,£4.57 per 100g,Buy 2 for £8.50
Tassimo Kenco Americano Grande XL Coffee Pods 16's,Tassimo Kenco Americano Gra…144g,£4.75,£3.30 per 100g,Buy 2 for £8.50
Tassimo Kenco Americano Smooth Coffee Pods 16s,Tassimo Kenco Americano Smooth Coffee Pods 16s128g,£4.75,£3.71 per 100g,Buy 2 for £8.50
Tassimo Kenco Cappuccino Coffee Pods 8s,Tassimo Kenco Cappucc…260g,£4.75,£1.83 per 100g,Buy 2 for £8.50
Tassimo Kenco Flat White Coffee 8X Pods,Tassimo Kenco Flat White Coffee 8X Pods220g,£4.75,£2.16 per 100g,Buy 2 for £8.50
Tassimo Kenco Mocha Coffee Pods 8s ,Tassimo Kenco Mocha Coffee Pods 8s 208g,£4.75,£2.28 per 100g,Buy 2 for £8.50
Tassimo L'OR Americano Classique Coffee Pods x14,Tassimo L'OR Americano Classique Coffee Pods x14116.2g,£4.75,£4.09 per 100g,Buy 2 for £8.50
Tassimo L'OR Caramel Latte Macchiato Coffee Pods x7,Tassimo L'OR Caramel Latte Ma…237g,£4.75,£2.00 per 100g,Buy 2 for £8.50
Tassimo L'OR Latte Macchiato Coffee Pods x7,Tassimo L'OR Latte Macchiato Coffee Pods x7195g,£4.75,£2.44 per 100g,Buy 2 for £8.50
Tassimo Morning Cafe Coffee Pods x16,Tassimo Morning Cafe Coffee Pods x16124.8g,£4.75,£3.81 per 100g,Buy 2 for £8.50
Tate & Lyle 50% Unrefined Demerara Sugar With Stevia,Tate & Lyle 50% Unrefined Dem…500g,£1.79,35.8p per 100g,
Tate & Lyle 50% White Granulate Cane Sugar With Stevia,Tate & Lyle 50% White Granulate…500g,£1.39,27.8p per 100g,
Tate & Lyle Barista Caramel Syrup,Tate & Lyle Barista Caramel Syrup250ml,£2,80.3p per 100ml,"Offer price £2, was £2.79"
Tate & Lyle Barista Hazelnut Syrup,Tate & Lyle Barista Hazelnut Syrup250ml,£2,80.3p per 100ml,"Offer price £2, was £2.79"
Tate & Lyle Barista Vanilla Syrup,Tate & Lyle Barista Vanilla Syrup250ml,£2,80.3p per 100ml,"Offer price £2, was £2.79"
Taylor & Colledge Fairtrade Organic Vanilla Bean Extract,Taylor & Colledge Fairtrade Org…100ml,£5,50p per 10ml,"Offer price £5, was £6.49"
Taylor & Colledge Organic Vanilla Bean Paste 65G,Taylor & Colledge Organic Vanilla Bean Paste 65G65g,£4,£6.15 per 100g,"Offer price £4, was £4.89"
Taylor & Colledge Organic Vanilla Pods,Taylor & Colledge Organic Vanilla Pods2 per pack,£5,£2.50 each,"Offer price £5, was £6.49"
Taylors of Harrogate After Dark Ground Coffee,Taylors of Harrogate After Dark Ground Coffee227g,£4.49,£1.98 per 100g,Buy 2 for £7
Taylors of Harrogate Cafe Brasilia Ground Coffee,Taylors of Harrogate Cafe Brasilia Ground Coffee227g,£4.49,£1.98 per 100g,Buy 2 for £7
Taylors Of Harrogate Cafetiere Ground Coffee,Taylors Of Harrogate Cafetiere Ground Coffee227g,£4.49,£1.98 per 100g,Buy 2 for £7
Taylors of Harrogate Decaff Coffee Bags 10s,Taylors of Harrogate Decaff Coffee Bags 10s75g,£3.25,£4.33 per 100g,Buy 2 for £5
Taylors of Harrogate Decaffé Ground Coffee,Taylors of Harrogate Decaffé Ground Coffee227g,£4.49,£1.98 per 100g,Buy 2 for £7
Taylors Of Harrogate Espresso Coffee Beans,Taylors Of Harrogate Espresso Coffee Beans227g,£4.49,£1.98 per 100g,Buy 2 for £7
Taylors Of Harrogate Espresso Ground Coffee ,Taylors Of Harrogate Espresso Ground Coffee 227g,£4.49,£1.98 per 100g,Buy 2 for £7
Taylors Of Harrogate Flying Start Coffee Bags,Taylors Of Harrogate Flying Start Coffee Bags75g,£3.25,£4.33 per 100g,Buy 2 for £5
Taylors of Harrogate Hot Lava Java Coffee Bags 10s,Taylors of Harrogate Hot La…75g,£3.25,£4.33 per 100g,Buy 2 for £5
Taylors of Harrogate Hot Lava Java Coffee Beans,Taylors of Harrogate Hot Lava Java Coffee Beans227g,£4.49,£1.98 per 100g,Buy 2 for £7
Taylors of Harrogate Hot Lava Java Ground Coffee,Taylors of Harrogate Hot Lava Java Ground Coffee227g,£4.49,£1.98 per 100g,Buy 2 for £7
Taylors Of Harrogate Latte Coffee Beans,Taylors Of Harrogate Latte Coffee Beans227g,£4.49,£1.98 per 100g,Buy 2 for £7
Taylors Of Harrogate Latte Ground Coffee,Taylors Of Harrogate Latte Ground Coffee227g,£4.49,£1.98 per 100g,Buy 2 for £7
Taylors of Harrogate Lazy Sunday Beans,Taylors of Harrogate Lazy Sunday Beans227g,£4.49,£1.98 per 100g,Buy 2 for £7
Taylors of Harrogate Lazy Sunday Ground Coffee,Taylors of Harrogate Lazy Sunday Ground Coffee227g,£4.49,£1.98 per 100g,Buy 2 for £7
Taylors of Harrogate Rich Italian Coffee Bags 10s,Taylors of Harrogate Rich Italian Coffee Bags 10s75g,£3.25,£4.33 per 100g,Buy 2 for £5
Taylors of Harrogate Rich Italian Coffee Beans,Taylors of Harrogate Rich Italian Coffee Beans227g,£4.49,£1.98 per 100g,Buy 2 for £7
Taylors Of Harrogate Rich Italian Coffee Beans ,Taylors Of Harrogate Rich Italian Coffee Beans 454g,£6.75,£1.49 per 100g,
Taylors of Harrogate Rich Italian Ground Coffee,Taylors of Harrogate Rich Italian Ground Coffee227g,£4.49,£1.98 per 100g,Buy 2 for £7
Taylors of Harrogate Special Edition Sipi Falls Ground Coffee,Taylors of Harrogate Special Editio…227g,£4.49,£1.98 per 100g,Buy 2 for £7
Taylors of Harrogate Yorkshire Tea 160 Tea Bags,Taylors of Harrogate York…500g,£4,80.1p per 100g,"Offer price £4, was £5.99"
Taylors of Harrogate Yorkshire Tea 240 Tea Bags,Taylors of Harrogate York…750g,£8.25,£1.10 per 100g,
Taylors of Harrogate Yorkshire Tea Bags,Taylors of Harrogate Yorkshire Tea Bags125g,£1.99,£1.59 per 100g,
Taylors Of Harrogate Yorkshire Tea For Hard Water 80 Tea Bags,Taylors Of Harrogate Yorkshire Tea…250g,£3.29,£1.32 per 100g,
Tea + Blackcurrant & Cherry ,Tea + Blackcurrant & Cherry 14 per pack,£3.50,25p each,
Tea + Mango & Pineapple ,Tea + Mango & Pineapple 14 per pack,£3.50,25p each,
Tea + Orange & Blackberry,Tea + Orange & Blackberry14 per pack,£3.50,25p each,
Tea + Raspberry & Pomegranate,Tea + Raspberry & Pomegranate14 per pack,£3.50,25p each,
Terra Delyssa Extra Virgin Olive Oil,Terra Delyssa Extra Virgin Olive Oil500ml,£6,£1.20 per 100ml,
Terra Delyssa Extra Virgin Olive Oil ,Terra Delyssa Extra Virgin Olive Oil 1L,£9.80,98p per 100ml,
Terra Delyssa Olive  Oil Spray ,Terra Delyssa Olive  Oil Spray 200ml,£4.60,£2.30 per 100ml,
Terra Delyssa Organic Extra Virgin Olive Oil,Terra Delyssa Organic Extra Virgin Olive Oil500ml,£3.95,79p per 100ml,"Offer price £3.95, was £4.99"
Terry's Chocolate Orange Easter Egg With Mini Eggs,Terry's Chocolate Orange Easter Egg With Mini Eggs230g,£3.25,£1.41 per 100g,
Terry's Chocolate Orange Mini Eggs Bag,Terry's Chocolate Orange Mini Eggs Bag80g,£1,£1.25 per 100g,
Terry's Chocolate Orange Mini Eggs White,Terry's Chocolate Orange Mini Eggs White80g,£1,£1.25 per 100g,
Terry's Chocolate Orange Minis Chocolate Bag,Terry's Chocolate Orange Minis Chocolate Bag125g,£1.25,£1.00 per 100g,"Offer price £1.25, was £1.50"
Terry's Chocolate Orange Truffles Easter Egg,Terry's Chocolate Orange Truffles Easter Egg260g,£7,£2.69 per 100g,
Terry's Chocolate Orange With Crushed Mini Eggs,Terry's Chocolate Orange With Crushed Mini Eggs152g,£1.50,98.7p per 100g,
Terry's Dark Chocolate Orange ,Terry's Dark Chocolate Orange 157g,£2,£1.27 per 100g,
Terry's Milk Chocolate Orange,Terry's Milk Chocolate Orange157g,£2,£1.27 per 100g,
Tetley Cold Infusions Summer Punch Infusers,Tetley Cold Infusions Summer Punch Infusers12 per pack,£1.50,12.5p each,"Offer price £1.50, was £2.75"
Tetley Decaf Green Tea Bags,Tetley Decaf Green Tea Bags50 per pack,£2.69,5.4p each,
Tetley Decaf Tea Bags ,Tetley Decaf Tea Bags 160 per pack,£5.75,3.6p each,
Tetley Decaf Tea Bags 80s,Tetley Decaf Tea Bags 80s250g,£3.45,£1.38 per 100g,
Tetley Discovery Black Tea Spiced Apple And Vanilla,Tetley Discovery Black Tea Spiced Apple And Vanilla20 x 46g,£1.75,19p per 100g,
Tetley Discovery Black Tea With Lemon And Ginger,Tetley Discovery Black Tea With Lemon And Ginger20 x 46g,£1.75,19p per 100g,
Tetley Discovery Black Tea With Red Berries,Tetley Discovery Black Tea With Red Berries20 x 46g,£1.75,19p per 100g,
Tetley Fresh Mint Tea Bags,Tetley Fresh Mint Tea Bags20 per pack,£1.75,8.8p each,
Tetley Gold Brew,Tetley Gold Brew80 x 250g,£3.75,1.9p per 100g,
Tetley Green & Lemon Tea Bags 50s,Tetley Green & Lemon Tea Bags 50s100g,£2.69,£2.69 per 100g,
Tetley Green Pure Matcha,Tetley Green Pure Matcha50 per pack,£2.69,5.4p each,
Tetley Herbal Pure Camomile,Tetley Herbal Pure Camomile20 x 30g,£1.75,29.2p per 100g,
Tetley Lemon & Ginger Tea Bags,Tetley Lemon & Ginger Tea Bags20 per pack,£1.75,8.8p each,
Tetley Original Earl Grey,Tetley Original Earl Grey125g,£2.59,£2.07 per 100g,
Tetley Original Tea Bags 400s,Tetley Original Tea Bags 400s1.25kg,£6,48p per 100g,
Tetley Original Tea Bags 600's,Tetley Original Tea Bags 600's1.875kg,£11.49,61.3p per 100g,
Tetley Original Tea Bags x240,Tetley Original Tea Bags x240750g,£5.35,71.3p per 100g,
Tetley Pure Green Tea Bags 50s,Tetley Pure Green Tea Bags 50s100g,£2.69,£2.69 per 100g,
Tetley Redbush Tea Bags 40s,Tetley Redbush Tea Bags 40s100g,£2,£2.00 per 100g,"Offer price £2, was £2.69"
Tetley Redbush With Orange,Tetley Redbush With Orange40 per pack,£2,5p each,"Offer price £2, was £2.69"
Tetley Super Fruit Herbal Radiance Honeybush & Orange,Tetley Super Fruit Herbal Rad…18 x 32.4g,£2.29,39.3p per 100g,Buy 2 for £3
Tetley Super Fruits Multivitamin Summer Berry 20 Tea Bags,Tetley Super Fruits Multivitamin…40g,£2.29,£5.73 per 100g,Buy 2 for £3
Tetley Super Fruit Vitamin B Blueberry and Raspeberry Tea 20's,Tetley Super Fruit Vitamin B Bluebe…40g,£2.29,£5.73 per 100g,Buy 2 for £3
Tetley Super Fruit Vitamin C Peach and Orange Tea 20's,Tetley Super Fruit Vitamin C Pe…40g,£2.29,£5.73 per 100g,Buy 2 for £3
Tetley Super Green Vitamin B Berry Tea 20s ,Tetley Super Green Vitamin B Berry Tea 20s 40g,£2.29,£5.73 per 100g,Buy 2 for £3
Tetley Super Herbal Digestion Mint & Fennel,Tetley Super Herbal Digestion Mint & Fennel18 x 32.4g,£2.29,39.3p per 100g,Buy 2 for £3
Tetley Super Herbal Sleep Camomile & Vanilla,Tetley Super Herbal Sleep Camomile & Vanilla18 x 27g,£2.29,47.1p per 100g,Buy 2 for £3
Tetley Super Herbal Tropical Turmeric,Tetley Super Herbal Tropical Turmeric18 x 32.4g,£2.29,39.3p per 100g,Buy 2 for £3
Tetley Tea Bags 160s,Tetley Tea Bags 160s500g,£3,60p per 100g,
Tetley Tea Bags 40s,Tetley Tea Bags 40s125g,£1.75,£1.40 per 100g,
Tetley Tea Bags 80s,Tetley Tea Bags 80s250g,£2.59,£1.04 per 100g,
Thai Dragon Sriracha Mayonnaise ,Thai Dragon Sriracha Mayonnaise 200ml,£1.90,95p per 100ml,
Thai Dragon Sweet Chilli Sauce ,Thai Dragon Sweet Chilli Sauce 455ml,£2.50,54.9p per 100ml,
Thai Taste Pad Thai Kit 235G,Thai Taste Pad Thai Kit 235G235g,£2,85.1p per 100g,
Thai Taste Thai Green Curry Kit,Thai Taste Thai Green Curry Kit224g,£2,89.3p per 100g,
Thai Taste Thai Red Curry Kit,Thai Taste Thai Red Curry Kit224g,£2,89.3p per 100g,
The Cornish Seaweed Company Organic Mixed Seaweed Flakes,The Cornish Seaweed Company Org…40g,£3.75,£9.38 per 100g,
The Crouton Co.  Cheesy Oven Baked Croutons,The Crouton Co.  Cheesy Oven Baked Croutons95g,£1,£1.05 per 100g,
The Curators Original Beef Biltong ,The Curators Original Beef Biltong 26g,£2,£7.69 per 100g,
The Curators Original Salted Pork Puffs ,The Curators Original Salted Pork Puffs 75g,£1.69,£2.25 per 100g,"Offer price £1.69, was £2.19"
The Curators Smoky Bacon Pork Puffs,The Curators Smoky Bacon Pork Puffs75g,£1.69,£2.25 per 100g,"Offer price £1.69, was £2.19"
The Fruit Factory Mixed Fruit Twists,The Fruit Factory Mixed Fruit Twists5 x 90g,£1.75,38.9p per 100g,
"The Fruit Factory Strawberry, Apple & Orange Fruit Strings","The Fruit Factory Strawberry, App…5 x 18g",£1.75,£1.94 per 100g,
The Fruit Factory Strawberry Fruit Strings,The Fruit Factory Strawberry Fruit Strings5 x 20g,£1.75,£1.75 per 100g,
The Groovy Food Company Organic Agave Nectar Strawberry Flavour,The Groovy Food Company Organic Agave…250ml,£2.50,£1.00 per 100ml,
The Groovy Food Company Organic Agave Nectar Toffee Flavour,The Groovy Food Company Organic A…250ml,£2.50,£1.00 per 100ml,
The Groovy Food Company Organic Creamed Coconut,The Groovy Food Company O…500g,£5,£1.00 per 100g,
The Natural Confectionery Co. Jelly Snakes,The Natural Confectionery Co. Jelly Snakes130g,£1.25,96.2p per 100g,
The Natural Confectionery Co. Jelly Squirms,The Natural Confectionery Co. Jelly Squirms130g,£1.25,96.2p per 100g,
The Protein Ball Co Blueberry Oat Muffin Breakfast To Go ,The Protein Ball Co Blueberry Oat…45g,£1.99,£4.42 per 100g,
The Protein Ball Co. Cacao+Orange 6 Balls ,The Protein Ball Co. Cacao+Orange 6 Balls 45g,£1.99,£4.42 per 100g,
The Protein Ball Co. Coffee Oat Muffin Breakfast To Go ,The Protein Ball Co. Coffee Oat…45g,£1.99,£4.42 per 100g,
The Protein Ball Co. Lemon & Pistachio 6 Balls,The Protein Ball Co. Lemon & Pistachio 6 Balls45g,£1.99,£4.42 per 100g,
The Protein Ball Co. Peanut Butter 6 Balls ,The Protein Ball Co. Peanut Butter 6 Balls 45g,£1.99,£4.42 per 100g,
The Protein Ball Co. Raspberry Brownie 6 Vegan Balls,The Protein Ball Co. Raspberr…45g,£1.99,£4.42 per 100g,
The Snack Organisation Presents.. Sweet Chilli Rice Crackers,The Snack Organisation Presents.. S…100g,£1.15,£1.15 per 100g,
The Spice Tailor Classic Butter Chicken ,The Spice Tailor Classic Butter Chicken 300g,£3.75,£1.25 per 100g,
The Spice Tailor Delhi Biryani ,The Spice Tailor Delhi Biryani 360g,£3.75,£1.04 per 100g,
The Spice Tailor Fiery Goan Curry ,The Spice Tailor Fiery Goan Curry 300g,£3.75,£1.25 per 100g,
The Spice Tailor Indonesian Rendang,The Spice Tailor Indonesian Rendang275g,£3.75,£1.36 per 100g,
The Spice Tailor Keralan Coconut Curry,The Spice Tailor Keralan Coconut Curry225g,£3.75,£1.67 per 100g,
The Spice Tailor Original Tikka Masala,The Spice Tailor Original Tikka Masala300g,£3.75,£1.25 per 100g,
The Spice Tailor Southern Pepper Curry,The Spice Tailor Southern Pepper Curry300g,£3.75,£1.25 per 100g,
Thompson's Everyday Tea 80 Tea Bags,Thompson's Everyday Tea 80 Tea Bags250g,£2.69,£1.08 per 100g,
Thompsons Signature Blend 80 Tea Bags ,Thompsons Signature Blend 80 Tea Bags 250g,£2,80p per 100g,"Offer price £2, was £3"
Thorntons Classic Egg,Thorntons Classic Egg150g,£3.25,£2.17 per 100g,
"Thorntons Classic Milk, Dark, White Chocolate Gift Box","Thorntons Classic Milk, Dark, W…262g",£7.50,£2.86 per 100g,
"Thorntons Classic Milk, Dark, White Chocolate Gift Box","Thorntons Classic Milk, Dark, W…449g",£11.99,£2.67 per 100g,
Thorntons Continental Gift Easter Egg ,Thorntons Continental Gift Easter Egg 257g,£10,£3.89 per 100g,
"Thorntons Continental Milk, Dark, White Chocolate Gift Box","Thorntons Continental Milk, Dark…264g",£9.99,£3.78 per 100g,
Thorntons Milk Chocolate Bunny Model,Thorntons Milk Chocolate Bunny Model90g,£2,£2.22 per 100g,
Thorntons Original Toffee,Thorntons Original Toffee100g,£1.65,£1.65 per 100g,
Thorntons Unicorn Easter Egg,Thorntons Unicorn Easter Egg151g,£3.25,£2.15 per 100g,
Thorntons Vanilla Fudge,Thorntons Vanilla Fudge100g,£1.65,£1.65 per 100g,
Thorntons White Chocolate Bunny Egg ,Thorntons White Chocolate Bunny Egg 151g,£3.25,£2.15 per 100g,
Thorntons White Chocolate Bunny Model,Thorntons White Chocolate Bunny Model90g,£2,£2.22 per 100g,
Tick Tock Bedtime 20 Tea Bags,Tick Tock Bedtime 20 Tea Bags36g,£2.25,£6.25 per 100g,
Tick Tock Rooibos Tea Original 40 Bags,Tick Tock Rooibos Tea Original 40 Bags90g,£1.70,£1.89 per 100g,"Offer price £1.70, was £2.25"
Tic Tac Fresh Cherry Menthol Sugar Free,Tic Tac Fresh Cherry Menthol Sugar Free16.4g,£1,£6.10 per 100g,
Tic Tac Fresh Grapefruit ,Tic Tac Fresh Grapefruit 16.4g,£1,£6.10 per 100g,
Tic Tac Fresh Mint Large Pack 200 Pieces,Tic Tac Fresh Mint Large Pack 200 Pieces96.6g,£2.75,£2.85 per 100g,
Tic Tac Fresh Strong Mint Sugar Free ,Tic Tac Fresh Strong Mint Sugar Free 16.4g,£1,£6.10 per 100g,
Tidman's Natural Rock Salt,Tidman's Natural Rock Salt500g,£1.69,£3.38 per kg,
Tilda Boil in Bag Pure Basmati,Tilda Boil in Bag Pure Basmati250g,£1.90,£7.60 per kg,
Tilda Fragrant Jasmine Rice,Tilda Fragrant Jasmine Rice500g,£2.50,£5.00 per kg,"Offer price £2.50, was £2.99"
Tilda Kids Cheese and Tomato Rice,Tilda Kids Cheese and Tomato Rice125g,£1.15,£9.20 per kg,
Tilda Kids Mild Curry Rice,Tilda Kids Mild Curry Rice125g,£1.15,£9.20 per kg,
Tilda Microwave Brown Basmati Rice ,Tilda Microwave Brown Basmati Rice 250g,£1,£4.00 per kg,
Tilda Microwave Limited Edition Rice,Tilda Microwave Limited Edition Rice250g,£1.25,£5.00 per kg,
Tilda Microwave Mushroom Basmati Rice,Tilda Microwave Mushroom Basmati Rice250g,£1.25,£5.00 per kg,
Tilda Microwave Pure Basmati Rice,Tilda Microwave Pure Basmati Rice250g,£1,£4.00 per kg,
Tilda Pure Basmati Rice,Tilda Pure Basmati Rice500g,£2.50,£5.00 per kg,"Offer price £2.50, was £2.99"
Tilda Pure Basmati Rice,Tilda Pure Basmati Rice5kg,£12,£2.40 per kg,"Offer price £12, was £14.99"
Tilda Pure Basmati Rice,Tilda Pure Basmati Rice1kg,£4.99,£4.99 per kg,
Tilda Pure Basmati Rice,Tilda Pure Basmati Rice2kg,£9.99,£5.00 per kg,
Tilda Pure Basmati Rice,Tilda Pure Basmati Rice10kg,£25.99,£2.60 per kg,
Tilda Wholegrain Basmati Rice,Tilda Wholegrain Basmati Rice500g,£2.50,£5.00 per kg,"Offer price £2.50, was £2.99"
Tiptree Manuka Honey 10+,Tiptree Manuka Honey 10+340g,£16,£4.71 per 100g,
Tiptree Raspberry Seedless Conserve,Tiptree Raspberry Seedless Conserve340g,£3.49,£10.26 per kg,
Tiptree Strawberry Conserve ,Tiptree Strawberry Conserve 340g,£2.99,87.9p per 100g,
Toblerone Milk Chocolate Bar,Toblerone Milk Chocolate Bar360g,£5,£1.39 per 100g,
Toffee Crisp Milk Chocolate Bar Multipack 4 Pack,Toffee Crisp Milk Chocolate…52g,£1.50,£2.88 per 100g,
Toffee Crisp Milk Chocolate Biscuit Bar Multipack 7 Pack,Toffee Crisp Milk Chocolate Bis…7 x 18g,£1.25,99.2p per 100g,
Toffifee,Toffifee15 x 125g,£1.50,8p per 100g,"Offer price £1.50, was £1.80"
Tony's Chocolonely Easter Eggs Assortment Box,Tony's Chocolonely Easter Eggs Assortment Box150g,£3.75,£2.50 per 100g,
Tony's Chocolonely Fairtrade Milk Creamy Hazelnut Crunch,Tony's Chocolonely Fairtrade Mi…180g,£2.99,£1.66 per 100g,
Tony's Chocolonely Milk Chocolate,Tony's Chocolonely Milk Chocolate180g,£2.99,£1.66 per 100g,
Tony's Milk Chocolate Salted Caramel,Tony's Milk Chocolate Salted Caramel180g,£2.99,£1.66 per 100g,
Trebor Extra Strong Mints Multipack 7 Pack,Trebor Extra Strong Mints Multipack 7 Pack289.1g,£2,69.2p per 100g,
Trebor Extra Strong Mints Peppermint Multipack 4 Pack,Trebor Extra Strong Mints Pep…165.2g,£1.35,81.7p per 100g,
Trebor Softmints Mints Peppermint Multipack,Trebor Softmints Mints Peppermint Multipack7 x 41g,£2,69.7p per 100g,
Trebor Softmints Mints Peppermint  Multipack 4 Pack,Trebor Softmints Mints Pepper…179.6g,£1.30,72.4p per 100g,
Trek Cocoa Oat Protein Flapjacks,Trek Cocoa Oat Protein Flapjacks3 x 50g,£2.25,£1.50 per 100g,"Offer price £2.25, was £3"
Tropical Sun Jamaica Ackee In Salted Water ,Tropical Sun Jamaica Ackee In Salted Water 340g,£7,£2.06 per 100g,
Truvia For Baking Caster,Truvia For Baking Caster360g,£4,£11.11 per kg,
Truvia For Baking Icing ,Truvia For Baking Icing 280g,£4,£14.29 per kg,
Truvia Sweetener        ,Truvia Sweetener        270g,£5.49,£20.33 per kg,
Truvia Sweetener Tablets,Truvia Sweetener Tablets100 per pack,£2.59,2.6p each,
Tuc Snack Cracker,Tuc Snack Cracker150g,£1.25,83.3p per 100g,
Tunnock's Milk Chocolate Tea Cakes Multipack,Tunnock's Milk Chocolate Tea Cakes Multipack10 x 24g,£1.80,75p per 100g,
Tunnock's Real Milk Chocolate Caramel Wafer Biscuits Multipack,Tunnock's Real Milk Chocolate Caram…8 x 30g,£1.65,68.8p per 100g,
Twinings Assam Tea Bags 80s,Twinings Assam Tea Bags 80s200g,£5.99,£3.00 per 100g,
"Twinings Bioblends Camomile, Lemon & Mint Of Citrus 18 Tea Bags","Twinings Bioblends Camomile, Lemon &…27g",£4,£14.81 per 100g,
"Twinings Bioblends Lemon, Ginger & Turmeric 18 Tea Bags","Twinings Bioblends Lemon, Ginge…27g",£4,£14.81 per 100g,
"Twinings Bioblends Peppermint,Fennel & Spearmint 18 Tea Bags","Twinings Bioblends Peppermint,Fenne…36g",£4,£11.11 per 100g,
Twinings Blueberry Apple & Blackcurrant Cold Infuse 12s,Twinings Blueberry Apple & Blac…30g,£3.80,£12.67 per 100g,
Twinings Calm Camomile Tea Bags 20s,Twinings Calm Camomile Tea Bags 20s30g,£2.49,£8.30 per 100g,
Twinings Camomile Tea 80s,Twinings Camomile Tea 80s120g,£4.99,£4.16 per 100g,
Twinings Cranberry & Raspberry Tea Bags 20s,Twinings Cranberry & Raspberry Tea Bags 20s40g,£2.49,£6.23 per 100g,
Twinings Darjeeling 40 Tea Bags ,Twinings Darjeeling 40 Tea Bags 100g,£3.49,£3.49 per 100g,
Twinings Darjeeling Tea Bags 50 Pack,Twinings Darjeeling Tea Bags 50 Pack125g,£3.50,£2.80 per 100g,
Twinings Decaffeinated Green Tea Bags 20s,Twinings Decaffeinated Green Tea Bags 20s35g,£2.49,£7.11 per 100g,
Twinings Detox Lemon & Ginger With Burdock Root & Fennel 20 Bags,Twinings Detox Lemon & Ginger With Bu…40g,£3.49,£8.73 per 100g,
Twinings Distinctively Smoky 40 Tea Bag,Twinings Distinctively Smoky 40 Tea Bag100g,£3.49,£3.49 per 100g,
Twinings Earl Grey 80 Tea Bags,Twinings Earl Grey 80 Tea Bags200g,£5.99,£3.00 per 100g,
Twinings Earl Grey Decaf 40 Tea Bags,Twinings Earl Grey Decaf 40 Tea Bags100g,£3.49,£3.49 per 100g,
Twinings English Breakfast Tea Bags 100s,Twinings English Breakfast Tea Bags 100s250g,£5.99,£2.40 per 100g,
"Twinings English Strong Breakfast Tea, 80 Tea Bags",Twinings English Strong Bre…250g,£5.99,£2.40 per 100g,
Twinings Everyday Decaffeinated 80 Tea Bags,Twinings Everyday Decaf…250g,£5.99,£2.40 per 100g,
Twinings Everyday Tea 100s,Twinings Everyday Tea 100s290g,£5.99,£2.07 per 100g,
Twinings Fennel Tea Bags 20s,Twinings Fennel Tea Bags 20s40g,£2.49,£6.23 per 100g,
"Twinings Green Tea, 80 Tea Bags","Twinings Green Tea, 80 Tea Bags200g",£4.99,£2.50 per 100g,
Twinings Herbal Peppermint Tea Bags 20s,Twinings Herbal Peppermint Tea Bags 20s40g,£2.49,£6.23 per 100g,
Twinings Lady Grey 80 Tea Bags,Twinings Lady Grey 80 Tea Bags200g,£5.99,£3.00 per 100g,
Twinings Lemon & Ginger Tea Bags 80s,Twinings Lemon & Ginger Tea Bags 80s120g,£4.99,£4.16 per 100g,
Twinings Lemon Green Tea Bags 20s,Twinings Lemon Green Tea Bags 20s40g,£2.49,£6.23 per 100g,
Twinings Loose Leaf Assam Tea,Twinings Loose Leaf Assam Tea125g,£2.50,£2.00 per 100g,
Twinings Loose Leaf Earl Grey Tea,Twinings Loose Leaf Earl Grey Tea125g,£2.50,£2.00 per 100g,
Twinings Loose Leaf English Breakfast Tea,Twinings Loose Leaf English Breakfast Tea125g,£2.50,£2.00 per 100g,
Twinings Passion Fruit Mango & Orange Cold Infuse 12s,Twinings Passion Fruit Mango…30g,£3.80,£12.67 per 100g,
Twinings Peach & Orange 20 Tea Bags,Twinings Peach & Orange 20 Tea Bags40g,£2.79,£6.98 per 100g,
"Twinings Peppermint Tea, 80 Tea Bags","Twinings Peppermint Tea, 80 Tea Bags160g",£4.99,£3.12 per 100g,
Twinings Pure Green Tea Bags 20s,Twinings Pure Green Tea Bags 20s50g,£2.49,£4.98 per 100g,
Twinings Raspberry & Lemon 20 Tea Bags,Twinings Raspberry & Lemon 20 Tea Bags40g,£2.79,£6.98 per 100g,
Twinings Revitalise Lemon & Ginger Herbal Tea Bags 20s,Twinings Revitalise Lemon & Gin…30g,£2.49,£8.30 per 100g,
Twinings Rooibos & Honey 20 Tea Bags,Twinings Rooibos & Honey 20 Tea Bags36g,£2.79,£7.75 per 100g,
Twinings Simply Mint Green Tea Bags 20s,Twinings Simply Mint Green Tea Bags 20s40g,£2.49,£6.23 per 100g,
Twinings Soothing Camomile & Honey Tea Bags 20s,Twinings Soothing Camomil…30g,£2.49,£8.30 per 100g,
Twinings Strawberry & Elderflower 20 Tea Bags ,Twinings Strawberry & Elderflower 20 Tea Bags 40g,£2.79,£6.98 per 100g,
Twinings Strawberry & Raspberry Tea Bags  20s,Twinings Strawberry & Raspberry Tea Bags  20s40g,£2.49,£6.23 per 100g,
Twinings Superblends Defense 20 Tea Bags,Twinings Superblends Defense 20 Tea Bags40g,£3.49,£8.73 per 100g,
Twinings Superblends Glow 20 Single Tea Bags,Twinings Superblends Glow 20 Single Tea Bags40g,£3.49,£8.73 per 100g,
Twinings Superblends Heartea 20 Bags,Twinings Superblends Heartea 20 Bags40g,£3.49,£8.73 per 100g,
Twinings Superblends Moment Of Calm 20 Tea Bags,Twinings Superblends Mome…30g,£3.49,£11.63 per 100g,
Twinings Superblends Sleep 20 Single Tea Bags,Twinings Superblends Sleep 20 Single Tea Bags30g,£3.49,£11.63 per 100g,
Twinings Superblends Turmeric 20 Single Tea Bags,Twinings Superblends Turmer…40g,£3.49,£8.73 per 100g,
Twinings Superblends Vitality 20 Bags,Twinings Superblends Vitality 20 Bags40g,£3.49,£8.73 per 100g,
Twinings Swiss Chocolate Drink ,Twinings Swiss Chocolate Drink 350g,£4.49,£1.28 per 100g,
Twinings Watermelon Strawberry & Mint Cold Infuse 12s,Twinings Watermelon Strawberr…30g,£3.80,£12.67 per 100g,
Twix Caramel & Milk Chocolate Fingers Twin Biscuit Snack Bars Multipack ,Twix Caramel & Milk Chocolate F…4 x 40g,£1.65,£1.03 per 100g,"Offer price £1.65, was £1.95"
Twix Caramel & White Chocolate Fingers Biscuit Snack Bars Multipack,Twix Caramel & White Chocolate Fingers…9 x 20g,£2.20,£1.22 per 100g,
Typhoo Foil Fresh Tea Bags 240s,Typhoo Foil Fresh Tea Bags 240s696g,£3.75,53.9p per 100g,
Typhoo One Cup Special Blend 100 Foil Fresh Teabags,Typhoo One Cup Special Blend…200g,£1,50p per 100g,
Tyrrells Lightly Sea Salted  Sharing Crisps ,Tyrrells Lightly Sea Salted  Sharing Crisps 150g,£2,£1.33 per 100g,"Offer price £2, was £2.49"
Tyrrells Mature Cheddar & Chive Sharing Crisps ,Tyrrells Mature Cheddar & Chive Sharing Crisps 150g,£2,£1.33 per 100g,"Offer price £2, was £2.49"
Tyrrells Mediterranean Herb,Tyrrells Mediterranean Herb150g,£2,£1.33 per 100g,"Offer price £2, was £2.49"
Tyrrells Sea Salt & Cider Vinegar Sharing Crisps 150g,Tyrrells Sea Salt & Cider Vin…150g,£2,£1.33 per 100g,"Offer price £2, was £2.49"
Tyrrells Sea Salted Crisps ,Tyrrells Sea Salted Crisps 40g,£1.10,£2.75 per 100g,
Tyrrells Sweet Chilli & Red Pepper Sharing Crisps ,Tyrrells Sweet Chilli & Red Pepper Sharing Crisps 150g,£2,£1.33 per 100g,"Offer price £2, was £2.49"
Uncle Joe'S Mint Balls Sugar Free,Uncle Joe'S Mint Balls Sugar Free60g,£1,£1.67 per 100g,
Unrooted POM Passion After Dark,Unrooted POM Passion After Dark,£2,,
Up & Go Breakfast Drink Banana & Honey,Up & Go Breakfast Drink Banana & Honey300ml,£1.25,41.7p per 100ml,
Up & Go Breakfast Drink Chocolate,Up & Go Breakfast Drink Chocolate300ml,£1.25,41.7p per 100ml,
Up & Go Breakfast Drink Strawberry,Up & Go Breakfast Drink Strawberry300ml,£1.25,41.7p per 100ml,
Up & Go Energize Breakfast Shake Honeycomb,Up & Go Energize Breakf…400ml,£1.50,37.5p per 100ml,
Urban Frtuit Baked Pineapple,Urban Frtuit Baked Pineapple100g,£2.59,£2.59 per 100g,
Urban Fruit Gently Baked Mango,Urban Fruit Gently Baked Mango100g,£2.59,£2.59 per 100g,
Urban Fruit Gently Baked Pineapple Snack Pack ,Urban Fruit Gently Baked Pineapple Snack Pack 35g,85p,£2.43 per 100g,"Offer price 85p, was £1"
Urban Fruit Gently Baked Strawberries,Urban Fruit Gently Baked Strawberries90g,£2.59,£2.88 per 100g,
Urban Fruit Gently Baked Strawberries Snack Pack,Urban Fruit Gently Baked Strawberries Snack Pack35g,£1,£2.86 per 100g,
Vedrenne Gingerbread Syrup,Vedrenne Gingerbread Syrup250ml,£3,£1.20 per 100ml,
Veetee Heat & Eat Basmati Rice Pots,Veetee Heat & Eat Basmati Rice Pots2 x 125g,£1.15,£4.60 per kg,
Veetee Heat & Eat Long Grain Rice Pots ,Veetee Heat & Eat Long Grain Rice Pots 2 x 130g,£1.15,£4.42 per kg,
Veetee Heat & Eat Pilau Rice Pots ,Veetee Heat & Eat Pilau Rice Pots 2 x 125g,£1.15,£4.60 per kg,
Veetee Mega Extra Long Basmati Rice,Veetee Mega Extra Long Basmati Rice2kg,£3.99,£2.00 per kg,
Veetee Plants & Rice Rich Beetroot Risotto,Veetee Plants & Rice Rich Beetroot Risotto280g,£1.50,£5.36 per kg,"Offer price £1.50, was £2"
Veetee Plants & Rice Smokey Chipotle Chilli Non-Carne,Veetee Plants & Rice Smokey C…280g,£1.50,£5.36 per kg,"Offer price £1.50, was £2"
Veetee Plants & Rice Spiced Chickpea & Sweet Potato,Veetee Plants & Rice Spiced C…280g,£1.50,£5.36 per kg,"Offer price £1.50, was £2"
Veetee Tear & Share Sticky Rice ,Veetee Tear & Share Sticky Rice 2 x 130g,£1.15,£4.42 per kg,
Veetee Thai Jasmine Duo Pots,Veetee Thai Jasmine Duo Pots2 x 140g,£1.15,41.1p per 100g,
Very Lazy Chopped Garlic,Very Lazy Chopped Garlic200g,£1.89,94.5p per 100g,
Vesta Chow Mein,Vesta Chow Mein161g,£2.75,£17.08 per kg,
Vifon Chicken Curry Noodles,Vifon Chicken Curry Noodles70g,59p,£8.43 per kg,
Vifon Zloty Chicken Instant Noodle Soup ,Vifon Zloty Chicken Instant Noodle Soup 70g,59p,£8.43 per kg,
Vimto Zero Fruit Drops,Vimto Zero Fruit Drops36.5g,£1,£2.74 per 100g,
Vita Coco Coconut Oil ,Vita Coco Coconut Oil 250ml,£3.99,£1.60 per 100ml,"Offer price £3.99, was £4.99"
Wagamama Firecracker Stir Fry Sauce,Wagamama Firecracker Stir Fry Sauce120g,£1,83.2p per 100g,"Offer price £1, was £1.25"
Wagamama Katsu Curry Meal Kit,Wagamama Katsu Curry Meal Kit221g,£3.39,£1.53 per 100g,
Wagamama Korean Style BBQ Sauce,Wagamama Korean Style BBQ Sauce200g,£1,50p per 100g,"Offer price £1, was £1.25"
Wagamama Pad Thai Meal Kit ,Wagamama Pad Thai Meal Kit 273g,£3.39,£1.24 per 100g,
Wagamama Pad Thai Stir Fry Sauce,Wagamama Pad Thai Stir Fry Sauce120g,£1,83.2p per 100g,"Offer price £1, was £1.25"
Wagamama Sweet Cherry Hoisin Sauce,Wagamama Sweet Cherry Hoisin Sauce120g,£1,83.2p per 100g,"Offer price £1, was £1.25"
Wagamama Teriyaki Stir Fry Sauce,Wagamama Teriyaki Stir Fry Sauce120g,£1,83.2p per 100g,"Offer price £1, was £1.25"
Wagon Wheels Biscuits,Wagon Wheels Biscuits6 per pack,£1.15,19.2p each,
Wagon Wheels Jammie Biscuits,Wagon Wheels Jammie Biscuits6 per pack,£1.15,19.2p each,
Walkers 45% Less Salt Cheese & Onion,Walkers 45% Less Salt Cheese & Onion45g,95p,£2.11 per 100g,
Walkers 45% Less Salt Salted Crisps,Walkers 45% Less Salt Salted Crisps45g,95p,£2.11 per 100g,
Walkers Baked Crisps Cheese & Onion,Walkers Baked Crisps Cheese & Onion6 x 22g,£1.75,£1.33 per 100g,Buy 2 for £3
Walkers Baked Crisps Salt & Vinegar,Walkers Baked Crisps Salt & Vinegar6 x 22g,£1.75,£1.33 per 100g,Buy 2 for £3
Walkers Baked Crisps Sea Salt,Walkers Baked Crisps Sea Salt6 x 22g,£1.75,£1.33 per 100g,Buy 2 for £3
Walkers Baked Crisps Variety Pack,Walkers Baked Crisps Variety Pack6 x 22g,£1.75,£1.33 per 100g,Buy 2 for £3
Walkers Baked Salt & Vinegar ,Walkers Baked Salt & Vinegar 37.5g,95p,£2.53 per 100g,
Walkers Baked Wotsits Really Cheesy,Walkers Baked Wotsits Really Cheesy36g,95p,26.4p per 10g,
Walkers Bugles Cheese Snacks,Walkers Bugles Cheese Snacks110g,£1.50,£1.36 per 100g,
Walkers Bugles Southern Style BBQ Snacks,Walkers Bugles Southern Style BBQ Snacks110g,£1.50,£1.36 per 100g,
Walkers Cheese & Onion ,Walkers Cheese & Onion 45g,95p,£2.11 per 100g,
Walkers Cheese & Onion Crisps,Walkers Cheese & Onion Crisps12 x 25g,£3,£1.00 per 100g,
Walkers Cheese & Onion Flavour Baked Crisps,Walkers Cheese & Onion Flavour Baked Crisps37.5g,95p,£2.53 per 100g,
Walkers Cheese & Onion Multipack Crisps ,Walkers Cheese & Onion Multipack Crisps 6 x 25g,£1.95,£1.30 per 100g,Buy 2 for £3
Walkers Classic Variety Multipack Crisps ,Walkers Classic Variety Multipack Crisps 12 x 25g,£3,£1.00 per 100g,
Walkers Classic Variety Multipack Crisps,Walkers Classic Variety Multipack Crisps22 x 25g,£4.89,88.9p per 100g,
Walkers French Fries Ready Salted,Walkers French Fries Ready Salted6 x 18g,£1.75,£1.62 per 100g,Buy 2 for £3
Walkers French Fries Variety Multipack Snacks ,Walkers French Fries Variety Multipack Snacks 6 x 18g,£1.75,£1.62 per 100g,Buy 2 for £3
Walkers French Fries Variety Multipack Snacks ,Walkers French Fries Variety Multipack Snacks 12 x 18g,£3,£1.39 per 100g,
Walkers Less Salt Dash Of Salt & Vinegar,Walkers Less Salt Dash Of Salt & Vinegar150g,£1.75,£1.17 per 100g,Buy 2 for £3
Walkers Less Salt Lightly Salted Crisps,Walkers Less Salt Lightly Salted Crisps150g,£1.75,£1.17 per 100g,Buy 2 for £3
Walkers Max Fiery Prawn Crisps,Walkers Max Fiery Prawn Crisps140g,£2.25,£1.61 per 100g,
Walkers Max Punchy Paprika Multipack Crisps ,Walkers Max Punchy Paprika Multipack Crisps 6 x 27g,£1.75,£1.08 per 100g,Buy 2 for £3
Walkers Max Strong Fiery Prawn Cocktail,Walkers Max Strong Fiery Prawn Cocktail50g,95p,£1.90 per 100g,
Walkers Max Strong Fiery Prawn Cocktail,Walkers Max Strong Fiery Prawn Cocktail6 x 27g,£1.85,£1.14 per 100g,Buy 2 for £3
Walkers Max Strong Hot Chicken Wings Sharing Crisps ,Walkers Max Strong Hot Chicke…150g,£2.25,£1.50 per 100g,
Walkers Max Strong Hot Sauce Blaze,Walkers Max Strong Hot Sauce Blaze50g,95p,£1.90 per 100g,
Walkers Max Strong Hot Sauce Blaze,Walkers Max Strong Hot Sauce Blaze140g,£2.25,£1.61 per 100g,
Walkers Max Strong Jalapeno & Cheese Sharing Crisps ,Walkers Max Strong Jalapeno &…150g,£2.25,£1.50 per 100g,
Walkers Max Strong Jalapeno Cheese ,Walkers Max Strong Jalapeno Cheese 50g,95p,£1.90 per 100g,
Walkers Max Strong Nuts Jalapeno & Cheese,Walkers Max Strong Nuts Jalapeno & Cheese175g,£1.25,71.7p per 100g,"Offer price £1.25, was £2.25"
Walkers Meaty Crisps Variety Pack,Walkers Meaty Crisps Variety Pack22 x 25g,£4.89,88.9p per 100g,
Walkers Meaty Variety Multipack Crisps ,Walkers Meaty Variety Multipack Crisps 12 x 25g,£3,£1.00 per 100g,
Walkers Monster Munch Giants Pickled Onion ,Walkers Monster Munch Giants Pickled Onion 85g,£1.75,£2.06 per 100g,
Walkers Monster Munch Pickled Onion Multipack Snacks,Walkers Monster Munch Pickled…6 x 20g,£1.75,£1.46 per 100g,Buy 2 for £3
Walkers Monster Munch Pickled Onion Snacks ,Walkers Monster Munch Pickled Onion Snacks 40g,95p,£2.38 per 100g,
Walkers Monster Munch Variety Multipack Snacks ,Walkers Monster Munch Variety Multipack Snacks 12 x 20g,£3,£1.25 per 100g,
Walkers Oven Baked Prawn Cocktail Snacks,Walkers Oven Baked Prawn Cocktail Snacks37.5g,95p,£2.53 per 100g,
Walkers Oven Baked Sea Salt ,Walkers Oven Baked Sea Salt 37.5g,95p,£2.53 per 100g,
Walkers Prawn Cocktail,Walkers Prawn Cocktail45g,95p,£2.11 per 100g,
Walkers Prawn Cocktail Multipack Crisps ,Walkers Prawn Cocktail Multipack Crisps 6 x 25g,£1.95,£1.30 per 100g,Buy 2 for £3
Walkers Quavers Cheese ,Walkers Quavers Cheese 34g,95p,£2.79 per 100g,
Walkers Quavers Cheese,Walkers Quavers Cheese6 x 16g,£1.75,£1.82 per 100g,Buy 2 for £3
Walkers Quavers Cheese Multipack Snacks ,Walkers Quavers Cheese Multipack Snacks 12 x 16g,£3,£1.56 per 100g,
Walkers Quavers Prawn Cocktail Flavour Light Potato Snack,Walkers Quavers Prawn Cocktail Fl…34g,95p,£2.79 per 100g,
Walkers Ready Salted,Walkers Ready Salted45g,95p,£2.11 per 100g,
Walkers Ready Salted Crisps,Walkers Ready Salted Crisps12 x 25g,£3,£1.00 per 100g,
Walkers Ready Salted Multipack Crisps ,Walkers Ready Salted Multipack Crisps 6 x 25g,£1.95,£1.30 per 100g,Buy 2 for £3
Walkers Roast Chicken Multipack Crisps ,Walkers Roast Chicken Multipack Crisps 6 x 25g,£1.95,£1.30 per 100g,Buy 2 for £3
Walkers Salt & Shake Multipack Crisps ,Walkers Salt & Shake Multipack Crisps 6 x 24g,£1.75,£1.22 per 100g,Buy 2 for £3
Walkers Salt & Vinegar,Walkers Salt & Vinegar45g,95p,£2.11 per 100g,
Walkers Salt & Vinegar Multipack Crisps ,Walkers Salt & Vinegar Multipack Crisps 6 x 25g,£1.95,£1.30 per 100g,Buy 2 for £3
Walkers Sensations Coated Peanuts Thai Sweet Chilli,Walkers Sensations Coated Pea…150g,£1.50,£1.00 per 100g,
Walkers Sensations Mango & Red Chilli Chutney Poppadoms,Walkers Sensations Mango & Red…82.5g,£1.75,£2.12 per 100g,
Walkers Sensations Poppadoms Lime & Coriander Chutney,Walkers Sensations Poppadoms…82.5g,£1.75,£2.12 per 100g,
Walkers Sensations Thai Sweet Chilli ,Walkers Sensations Thai Sweet Chilli 5 x 25g,£1.75,£1.40 per 100g,Buy 2 for £3
Walkers Sharing Bag Cheese & Onion,Walkers Sharing Bag Cheese & Onion150g,£1.50,£1.00 per 100g,
Walkers Sharing Bag Ready Salted,Walkers Sharing Bag Ready Salted150g,£1.50,£1.00 per 100g,
Walkers Smoky Bacon,Walkers Smoky Bacon45g,95p,£2.11 per 100g,
Walkers Smoky Bacon Multipack Crisps ,Walkers Smoky Bacon Multipack Crisps 6 x 25g,£1.95,£1.30 per 100g,Buy 2 for £3
Walkers Squares Cheese & Onion Snacks,Walkers Squares Cheese & Onion Snacks6 x 22g,£1.75,£1.33 per 100g,Buy 2 for £3
Walkers Squares Salt & Vinegar,Walkers Squares Salt & Vinegar40g,95p,£2.38 per 100g,
Walkers Squares Salt & Vinegar Multipack Snacks ,Walkers Squares Salt & Vinegar Multipack Snacks 6 x 22g,£1.75,£1.33 per 100g,Buy 2 for £3
Walkers Wotsits Flamin' Hot Multipack Snacks ,Walkers Wotsits Flamin' Hot Multipack Snacks 6 x 16g,£1.75,£1.82 per 100g,Buy 2 for £3
Walkers Wotsits Giants Flamin' Hot Sharing Snacks,Walkers Wotsits Giants Flam…130g,£2.50,£1.92 per 100g,
Walkers Wotsits Giants Really Cheesy ,Walkers Wotsits Giants Really Cheesy 130g,£2.50,£1.92 per 100g,
Walkers Wotsits Really Cheesy Multipack Snacks,Walkers Wotsits Really Cheesy Multipack Snacks6 x 16.5g,£1.75,£1.77 per 100g,Buy 2 for £3
Walkers Wotsits Really Cheesy Multipack Snacks ,Walkers Wotsits Really Cheesy Multipack Snacks 12 x 16.5g,£3,£1.52 per 100g,
Walkers Wotsits Really Cheesy Multipack Snacks Crisps ,Walkers Wotsits Really Cheesy M…20 x 16.5g,£4.89,£1.48 per 100g,
Warheads Extreme Sour Hard Candy,Warheads Extreme Sour Hard Candy28g,£1.25,£4.46 per 100g,
Warheads Ooze Chews Theatre Box ,Warheads Ooze Chews Theatre Box 99g,£1.75,£1.77 per 100g,
Weetabix Banana Cereal,Weetabix Banana Cereal24 per pack,£3.49,14.5p each,
Weetabix Cereal,Weetabix Cereal48 per pack,£4.50,9.3p each,"Offer price £4.50, was £5.49"
Weetabix Cereal,Weetabix Cereal24 per pack,£3.49,14.5p each,
Weetabix Cereal,Weetabix Cereal72 per pack,£7.99,11.1p each,
Weetabix Cereal,Weetabix Cereal12 per pack,£1.99,16.6p each,
Weetabix Chocolate Cereal ,Weetabix Chocolate Cereal 24 per pack,£3.49,14.5p each,
Weetabix Chocolate Melts Milk Chocolate ,Weetabix Chocolate Melts Milk Chocolate 360g,£2.50,69.4p per 100g,"Offer price £2.50, was £3"
Weetabix Chocolate Melts White Chocolate ,Weetabix Chocolate Melts White Chocolate 360g,£2.50,69.4p per 100g,"Offer price £2.50, was £3"
Weetabix Chocolate Orange Weetos Cereal,Weetabix Chocolate Orange Weetos Cereal420g,£3,71.4p per 100g,
Weetabix Crispy Minis Chocolate,Weetabix Crispy Minis Chocolate500g,£3.50,70p per 100g,
Weetabix Crispy Minis Chocolate Chip Cereal,Weetabix Crispy Minis Chocolate Chip Cereal600g,£3.49,58.2p per 100g,
Weetabix Crispy Minis Fruit & Nut Cereal,Weetabix Crispy Minis Fruit & Nut Cereal600g,£3.49,58.2p per 100g,
Weetabix Crispy Minis Fruit And Nut,Weetabix Crispy Minis Fruit And Nut500g,£3.50,70p per 100g,
Weetabix Crunchy Bran Cereal,Weetabix Crunchy Bran Cereal375g,£2.99,79.7p per 100g,
Weetabix Oatibix Cereal,Weetabix Oatibix Cereal24 per pack,£3.49,14.5p each,
Weetabix Oatibix Flakes Cereal,Weetabix Oatibix Flakes Cereal550g,£3.79,68.9p per 100g,
Weetabix On the Go Breakfast Drink Banana,Weetabix On the Go Breakfast Drink Banana250ml,£1.50,60p per 100ml,Buy 4 for £4
Weetabix On the Go Breakfast Drink Chocolate,Weetabix On the Go Breakfast Drink Chocolate3 x 250ml,£3.50,46.7p per 100ml,
Weetabix On the Go Breakfast Drink Strawberry,Weetabix On the Go Breakf…3 x 250ml,£3.50,46.7p per 100ml,
Weetabix On the Go Breakfast Drink Vanilla,Weetabix On the Go Breakfast Drink Vanilla250ml,£1.50,60p per 100ml,Buy 4 for £4
Weetabix On the Go Breakfast Drink Vanilla ,Weetabix On the Go Breakfast Drink Vanilla 3 x 250ml,£3.50,46.7p per 100ml,
Weetabix Organic Cereal,Weetabix Organic Cereal24 per pack,£3.99,16.6p each,
Weetabix Protein Cereal,Weetabix Protein Cereal24 per pack,£3.49,14.5p each,
Weetabix With Golden Syrup,Weetabix With Golden Syrup24 per pack,£3.49,14.5p each,
Weetos Chocolatey Hoops Cereal,Weetos Chocolatey Hoops Cereal420g,£3.49,83.1p per 100g,
Weight Watchers from Heinz Carrot & Lentil Soup,Weight Watchers from Heinz Carrot & Lentil Soup295g,£1.39,47.1p per 100g,Buy 4 for £5
Weight Watchers from Heinz Chicken Soup,Weight Watchers from Heinz Chicken Soup295g,£1.39,47.1p per 100g,Buy 4 for £5
Weight Watchers from Heinz Hearty Vegetable Broth Soup,Weight Watchers from Heinz Hear…295g,£1.39,47.1p per 100g,Buy 4 for £5
Weight Watchers from Heinz Tomato Soup,Weight Watchers from Heinz Tomato Soup295g,£1.39,47.1p per 100g,Buy 4 for £5
Welsh Brew Tea Bags 80's,Welsh Brew Tea Bags 80's80 per pack,£2.75,3.4p each,
Werther's Original,Werther's Original135g,£1.50,£1.11 per 100g,
Werther's Original Butter Candies Sugar Free,Werther's Original Butter Candies Sugar Free80g,£1.50,£1.88 per 100g,
Werther's Original Chocolate Flavour Sugar Free,Werther's Original Chocol…42g,£1,£2.38 per 100g,
Werther's Original Creamy Filling,Werther's Original Creamy Filling125g,£1.50,£1.20 per 100g,
Werther's Original Creamy Toffees,Werther's Original Creamy Toffees135g,£1.50,£1.11 per 100g,
Werther's Original Sugar Free Butter Candies,Werther's Original Sugar Free Butter Candies42g,£1,£2.38 per 100g,
Werthers Original Sugar Free Toffees,Werthers Original Sugar Free Toffees80g,£1.35,£1.69 per 100g,
Wham Original Chew Bar,Wham Original Chew Bar25g,65p,26p per 10g,
Wheat Crunchies Bacon Multipack Crisps 6 pack,Wheat Crunchies Bacon Multipack Crisps 6 pack6 x 20g,£1.49,£1.24 per 100g,
Whitworths Apricots,Whitworths Apricots140g,£2,£1.43 per 100g,Buy 2 for £3.50
Whitworths Bake Chopped Apricots,Whitworths Bake Chopped Apricots140g,£2,£1.43 per 100g,Buy 2 for £3.50
Whitworths Bake With Crystallised Fiery Ginger ,Whitworths Bake With Crystallised Fiery Ginger 175g,£2,£1.14 per 100g,Buy 2 for £3.50
Whitworths Banana Chips     ,Whitworths Banana Chips     175g,£2,£1.14 per 100g,Buy 2 for £3.50
Whitworths Berry & White Chocolate Shots 4X25G,Whitworths Berry & White…100g,£2,£2.00 per 100g,
Whitworths Caramel Fruit & Nut Mix ,Whitworths Caramel Fruit & Nut Mix 150g,£2,£1.33 per 100g,Buy 2 for £3.50
Whitworths Chopped Dates,Whitworths Chopped Dates250g,£2,80p per 100g,Buy 2 for £3.50
Whitworths Cranberries ,Whitworths Cranberries 150g,£2,£1.33 per 100g,Buy 2 for £3.50
Whitworths Figs,Whitworths Figs175g,£2,£1.14 per 100g,Buy 2 for £3.50
Whitworths Ground Rice,Whitworths Ground Rice500g,£1.60,£3.20 per kg,
Whitworths Juicy Sultanas,Whitworths Juicy Sultanas325g,£2,61.5p per 100g,Buy 2 for £3.50
Whitworths Mango,Whitworths Mango60g,£2,£3.33 per 100g,Buy 2 for £3.50
Whitworths Pineapple,Whitworths Pineapple60g,£2,£3.33 per 100g,Buy 2 for £3.50
Whitworths Popcorn,Whitworths Popcorn500g,£2.29,45.8p per 100g,
Whitworths Protein By Nature Brazilian Smoky Beans Wholefoods,Whitworths Protein By Nature Brazil…250g,£2,£8.00 per kg,
Whitworths Protein By Nature Indian Lentil Dhal Wholefoods,Whitworths Protein By Nature Indi…250g,£2,£8.00 per kg,
Whitworths Protein By Nature Mexican Spicy Grains Wholefoods,Whitworths Protein By Nature Mexica…250g,£2,£8.00 per kg,
Whitworths Protein By Nature Moroccan Tagine Wholefoods,Whitworths Protein By Nature Mo…250g,£2,£8.00 per kg,
Whitworths Prunes ,Whitworths Prunes 210g,£2,95.2p per 100g,Buy 2 for £3.50
Whitworths Semolina,Whitworths Semolina500g,£1.45,£2.90 per kg,
Whitworths Shots Nuts With A Pinch Of Salted Caramel,Whitworths Shots Nuts With A…3 x 25g,£1.70,£2.27 per 100g,
Whitworths Snacking Raisins ,Whitworths Snacking Raisins 300g,£2,66.7p per 100g,Buy 2 for £3.50
Whitworths Stoned Dates 300g,Whitworths Stoned Dates 300g300g,£2,66.7p per 100g,Buy 2 for £3.50
Whitworths Summer Berry Fruit & Nut Mix,Whitworths Summer Berry Fruit & Nut Mix150g,£2,£1.33 per 100g,Buy 2 for £3.50
Whitworths Sunny Fruit Mix-Ups Apricots & Mango,Whitworths Sunny Fruit Mi…4 x 18g,£1.19,£1.65 per 100g,
Whitworths Sunny Fruit Mix-Ups Strawberries & Sultanas,Whitworths Sunny Fruit Mix-Ups…4 x 18g,£1.19,£1.65 per 100g,
Whitworths Sunny Raisin,Whitworths Sunny Raisin14 x 14g,£2.39,£1.22 per 100g,Buy 2 for £3.50
Whitworths Sunny Raisin Mini Pack,Whitworths Sunny Raisin Mini Pack6 x 42.5g,£2.39,93.7p per 100g,Buy 2 for £3.50
Whitworths Toffee& Pecan Shots    4X25G,Whitworths Toffee& Pecan Shots    4X25G100g,£2,£2.00 per 100g,
Whole Earth Crunchy Peanut Butter ,Whole Earth Crunchy Peanut Butter 1kg,£5.50,55p per 100g,
Whole Earth Drizzler Golden Roasted Peanut Butter,Whole Earth Drizzler Golden…320g,£3.30,£1.03 per 100g,
Whole Earth Drizzler Super Smooth Peanut Butter,Whole Earth Drizzler Supe…320g,£3.30,£1.03 per 100g,
Whole Earth Organic Crunchy Peanut Butter,Whole Earth Organic Crunchy Peanut Butter340g,£3.69,£1.09 per 100g,
Whole Earth Original Crunchy Peanut Butter,Whole Earth Original Crunchy Peanut Butter454g,£4.49,98.9p per 100g,
Whole Earth Original Smooth Peanut Butter,Whole Earth Original Smooth Peanut Butter454g,£4.49,98.9p per 100g,
Whole Earth Smooth Organic Peanut Butter,Whole Earth Smooth Organic Peanut Butter340g,£3.69,£1.09 per 100g,
Whole Earth Smooth Peanut Butter,Whole Earth Smooth Peanut Butter1kg,£5.50,£5.50 per kg,
Wikinger 5 Hot Dogs Bockwurst Style in Brine (380g),Wikinger 5 Hot Dogs Bockwurst…200g,£1.49,74.5p per 100g,
Wotsits Crunchy Cheese,Wotsits Crunchy Cheese140g,£1.75,£1.25 per 100g,"Offer price £1.75, was £2.25"
Wotsits Crunchy Flamin' Hot,Wotsits Crunchy Flamin' Hot140g,£1.75,£1.25 per 100g,"Offer price £1.75, was £2.25"
Wotsits Giants Prawn Cocktail Crisps,Wotsits Giants Prawn Cocktail Crisps105g,£2.50,£2.38 per 100g,
Wright Cheddar & Sun Dried Tomato Mix ,Wright Cheddar & Sun Dried Tomato Mix 500g,£1.39,£2.78 per kg,
Wright's Baking Madeira Cake Mix,Wright's Baking Madeira Cake Mix500g,£2.19,43.8p per 100g,
Wright's Bread Mix Premium White,Wright's Bread Mix Premium White500g,£1.09,£2.18 per kg,
Wright's Chocolate Fudge Cake Mix,Wright's Chocolate Fudge Cake Mix500g,£2.49,49.8p per 100g,
Wright's Ginger Cake Mix,Wright's Ginger Cake Mix500g,£2.19,43.8p per 100g,
Wright's Mixed Grain Bread Mix,Wright's Mixed Grain Bread Mix500g,£1.39,£2.78 per kg,
Wright's Oat & Linseed Bread Mix,Wright's Oat & Linseed Bread Mix500g,£1.39,£2.78 per kg,
Ye Olde Oak 30 Party Hot Dogs (560g),Ye Olde Oak 30 Party Hot Dogs (560g)245g,£1.75,71.4p per 100g,
Ye Olde Oak 6 American Style Hot Dogs in Brine (560g),Ye Olde Oak 6 American Style…300g,£1.75,58.3p per 100g,
Ye Olde Oak 8 Hot Dogs in Brine (400g),Ye Olde Oak 8 Hot Dogs in Brine (400g)184g,£1.50,81.5p per 100g,
Ye Olde Oak Curry Hot Dogs,Ye Olde Oak Curry Hot Dogs560g,£1.75,31.3p per 100g,
Ye Olde Oak Gammon Ham,Ye Olde Oak Gammon Ham325g,£3.99,£1.23 per 100g,
Ye Olde Oak Ham,Ye Olde Oak Ham300g,£2.99,99.7p per 100g,
Ye Olde Oak Peri Peri Hot Dogs ,Ye Olde Oak Peri Peri Hot Dogs 560g,£1.99,35.5p per 100g,
Ye Olde Oak Premium Hotdogs ,Ye Olde Oak Premium Hotdogs 400g,£2.15,53.8p per 100g,
Ye Olde Oak Veggie Hot Dogs,Ye Olde Oak Veggie Hot Dogs400g,£2.15,53.8p per 100g,
Yeungs Chinese Curry Mix ,Yeungs Chinese Curry Mix 220g,£1.75,79.5p per 100g,
Yo! Aromatic Katsu Curry Pour Over Sauce,Yo! Aromatic Katsu Curry Pour Over Sauce100g,£1.19,£1.19 per 100g,
Yo! Katsu Curry Crumb ,Yo! Katsu Curry Crumb 35g,£1.19,£3.40 per 100g,
Yo! Korean Style BBQ Coat & Cook,Yo! Korean Style BBQ Coat & Cook100g,£1.19,£1.19 per 100g,
Yo! Korean Style Sweet Chilli Coat & Cook,Yo! Korean Style Sweet Chilli Coat & Cook100g,£1.19,£1.19 per 100g,
Yo! Soy Ginger & Garlic Yakisoba Stir Fry Sauce ,Yo! Soy Ginger & Garlic Yakisoba Stir Fry Sauce 100g,£1.19,£1.19 per 100g,
Yo! Sticky BBQ Yakitori Sauce,Yo! Sticky BBQ Yakitori Sauce100g,£1.19,£1.19 per 100g,
Yo! Sweet & Sticky Teriyaki,Yo! Sweet & Sticky Teriyaki100g,£1.19,£1.19 per 100g,
Yogi Tea Detox Teabags ,Yogi Tea Detox Teabags 30.6g,£2.60,£8.50 per 100g,
Yogi Tea Immune Supplement Teabags,Yogi Tea Immune Supplement Teabags34g,£2.60,£7.65 per 100g,
Yogi Tea Organic Bedtime 17 Teabags,Yogi Tea Organic Bedtime 17 Teabags30.6g,£2.60,£8.50 per 100g,
Yorkie Large Egg,Yorkie Large Egg242g,£3.25,£1.34 per 100g,
Yorkie Milk Chocolate Bar Multipack 3 Pack,Yorkie Milk Chocolate Bar Multipack 3 Pack3 x 46g,£1.50,£1.09 per 100g,
Yorkshire Decaffeinated Tea Bags 80s,Yorkshire Decaffeinated Tea Bags 80s250g,£3,£1.20 per 100g,"Offer price £3, was £3.85"
Yorkshire Gold Tea Bags 160 Pack,Yorkshire Gold Tea Bags 160 Pack500g,£7.25,£1.45 per 100g,
Yorkshire Gold Tea Bags 80s,Yorkshire Gold Tea Bags 80s250g,£3,£1.20 per 100g,"Offer price £3, was £3.99"
Yorkshire Leaf Tea,Yorkshire Leaf Tea250g,£2.99,£1.20 per 100g,
Yorkshire Provender  Pea Spinach And Mint Soup ,Yorkshire Provender  Pea Spinach And Mint Soup 600g,£2.99,49.8p per 100g,
Yorkshire Tea 480 Bags,Yorkshire Tea 480 Bags1.5kg,£13.25,88.3p per 100g,
Yorkshire Tea Bags 80s,Yorkshire Tea Bags 80s250g,£3.29,£1.32 per 100g,
Yorkshire Tea Bedtime Brew 40s,Yorkshire Tea Bedtime Brew 40s100g,£2.39,£2.39 per 100g,Buy 2 for £4
Yorkshire Tea Biscuit Brew 40 Tea Bags,Yorkshire Tea Biscuit Brew 40 Tea Bags100g,£2.39,£2.39 per 100g,Buy 2 for £4
Yorkshire Tea Toast & Jam Brew 40 Tea Bags,Yorkshire Tea Toast & Jam Brew 40 Tea Bags125g,£2.39,£1.91 per 100g,Buy 2 for £4
Yutaka 100% Natural Sushi Ginger ,Yutaka 100% Natural Sushi Ginger 120g,£2,£1.67 per 100g,
Yutaka Japanese Rice Vinegar,Yutaka Japanese Rice Vinegar150ml,£2,£1.33 per 100ml,
Yutaka Reduced Salt Gluten Free Soy Sauce,Yutaka Reduced Salt Gluten Free Soy Sauce150ml,£2.25,£1.50 per 100ml,
Yutaka Roasted Black Sesame Seeds,Yutaka Roasted Black Sesame Seeds100g,£2,£2.00 per 100g,
Yutaka Sushi Rice,Yutaka Sushi Rice500g,£2.10,£4.20 per kg,
Yutaka Sushi Roll Kit,Yutaka Sushi Roll Kit,£4.75,,
Yutaka Udon Noodles,Yutaka Udon Noodles250g,£1.40,£5.60 per kg,
Zeroh Sugar Free Choc Chip Cookies ,Zeroh Sugar Free Choc Chip Cookies 150g,£1.20,80p per 100g,
"Zest Tomato, Basil & Oregano Pasta Sauce","Zest Tomato, Basil & Oregano Pasta Sauce340g",£2.25,66.2p per 100g,
Zest Vegan Basil Pesto ,Zest Vegan Basil Pesto 165g,£2.25,£1.36 per 100g,
Zest Vegan Mushroom & Riccota Sauce,Zest Vegan Mushroom & Riccota Sauce340g,£2.50,73.5p per 100g,
Zest Vegan Red Pesto ,Zest Vegan Red Pesto 165g,£2.50,£1.52 per 100g,
Zest Vegan Tomato & Mascarpone Sauce,Zest Vegan Tomato & Mascarpone Sauce340g,£2.50,73.5p per 100g,
