name,Price Per Unit,Price Per Measure,Promotion
Morrisons The Best Thick Pork & Caramelised Onion Sausages,Morrisons The Bes…400g,£3.25,£8.13 per kg,Buy 2 for £5
Morrisons The Best Dry Cured 8 Smoked Back Bacon,Morrisons The Best…200g,£3.25,£16.25 per kg,Buy 2 for £5
The Real Yorkshire Pudding Co. 4 Gluten Free Yorkshire Puddings,The Real Yorksh…160g,£1.99,£1.25 per 100g,"Offer price £1.99, was £2.25"
Alpro Vanilla Yoghurt Alternative ,Alpro Vanilla Yoghurt Alternative 500g,£1.95,39p per 100g,
Betty Crocker Gluten Free Chocolate Fudge Brownie Mix,Betty Crocker Gluten Free Cho…415g,£3.09,74.5p per 100g,
Old El Paso Gluten Free Tortilla Wraps,Old El Paso Gluten Free Tortilla Wraps216g,£3,£1.39 per 100g,
Alpro Almond Chilled Drink,Alpro Almond Chilled Drink1L,£2.10,£2.10 per litre,
Alpro Almond No Sugars Chilled Drink,Alpro Almond No Sugars Chilled Drink1L,£2.10,£2.10 per litre,
Alpro Barista Coconut Milk,Alpro Barista Coconut Milk1L,£2.30,£2.30 per litre,
Alpro Barista Oat Chilled Drink,Alpro Barista Oat Chilled Drink750ml,£1.50,£2.00 per litre,"Offer price £1.50, was £2"
Alpro Blueberry & Cherry Yoghurt Alternative ,Alpro Blueberry & Cherry Yoghurt Alternative 4 x 125g,£1.79,35.8p per 100g,"Offer price £1.79, was £2"
Alpro Chocolate-Hazelnut Dessert ,Alpro Chocolate-Hazelnut Dessert 2 x 113g,£1.75,77.4p per 100g,
Alpro Coconut Almond Chilled Drink,Alpro Coconut Almond Chilled Drink1L,£2.10,£2.10 per litre,
Alpro Coconut Chilled Drink,Alpro Coconut Chilled Drink1L,£2.10,£2.10 per litre,
Alpro Coconut No Sugars Chilled Drink,Alpro Coconut No Sugars Chilled Drink1L,£2.10,£2.10 per litre,
Alpro Dark Chocolate Dessert,Alpro Dark Chocolate Dessert4 x 125g,£2,40p per 100g,
Alpro Double Chocolate Almond Mousse & Ganache ,Alpro Double Chocolate Al…2 x 70g,£2.20,£1.57 per 100g,
Alpro Go On Mango Yogurt,Alpro Go On Mango Yogurt150g,85p,56.7p per 100g,
Alpro Greek Style Plain Yoghurt Alternative ,Alpro Greek Style Plain Yoghurt Alternative 400g,£1.95,48.8p per 100g,
Alpro Greek Style Strawberry Yoghurt Alternative,Alpro Greek Style Strawberr…150g,£1.20,80p per 100g,
Alpro Hazelnut Chilled Drink,Alpro Hazelnut Chilled Drink1L,£2.10,£2.10 per litre,
Alpro Hazelnut Long Life Drink,Alpro Hazelnut Long Life Drink1L,£1.50,£1.50 per litre,"Offer price £1.50, was £2.05"
Alpro More Fruit No Added Sugars Mango Yoghurt Alternative ,Alpro More Fruit No Added Sugars…400g,£1.85,46.3p per 100g,
Alpro Oat Chilled Drink,Alpro Oat Chilled Drink1L,£1.95,£1.95 per litre,
Alpro Peach And Exotic Fruit Yoghurt Alternative,Alpro Peach And Exotic Fruit Yoghurt Alternative4 x 125g,£1.79,3.6p per 10g,"Offer price £1.79, was £2"
Alpro Plain No Sugars Yoghurt Alternative ,Alpro Plain No Sugars Yoghurt Alternative 500g,£1.95,39p per 100g,
Alpro Plain with Coconut Yoghurt Alternative ,Alpro Plain with Coconut Yoghurt Alternative 500g,£1.95,39p per 100g,
Alpro Plain Yoghurt Alternative ,Alpro Plain Yoghurt Alternative 500g,£1.95,39p per 100g,
Alpro Soya Chilled Alternative to Single Cream,Alpro Soya Chilled Altern…250ml,£1.40,56p per 100ml,
Alpro Soya Chilled Drink,Alpro Soya Chilled Drink1L,£1.95,£1.95 per litre,
Alpro Soya Chocolate Chilled Drink,Alpro Soya Chocolate Chilled Drink1L,£2.05,£2.05 per litre,
Alpro Soya Light Chilled Drink,Alpro Soya Light Chilled Drink1L,£1.95,£1.95 per litre,
Alpro Soya Light Long Life Drink,Alpro Soya Light Long Life Drink1L,£1.89,£1.89 per litre,
Alpro Soya No Sugars Chilled Drink,Alpro Soya No Sugars Chilled Drink1L,£1.95,£1.95 per litre,
Alpro Strawberry-Banana & Peach-Pear Yoghurt Alternative ,Alpro Strawberry-Banana & Peach-P…4 x 125g,£1.79,35.8p per 100g,"Offer price £1.79, was £2"
Alpro Strawberry Yoghurt Alternative ,Alpro Strawberry Yoghurt Alternative 500g,£1.95,39p per 100g,
Alpro Vanilla Custard,Alpro Vanilla Custard525g,£1.40,26.7p per 100g,
Alpro Vanilla Yoghurt Alternative ,Alpro Vanilla Yoghurt Alternative 500g,£1.95,39p per 100g,
Alpro Velvet Vanilla Dessert,Alpro Velvet Vanilla Dessert4 x 125g,£2,40p per 100g,
Applewood Creamy & Smoky Vegan Minis Snacking,Applewood Creamy & Smoky…75g,£2,£2.67 per 100g,
Applewood Vegan Block,Applewood Vegan Block200g,£2.50,£1.25 per 100g,
Applewood Vegan Slices,Applewood Vegan Slices200g,£2.80,£1.40 per 100g,
Arla Lactofree Cream,Arla Lactofree Cream250ml,£1.99,79.6p per 100ml,
Arla Lactofree Mature Cheddar Grated Cheese,Arla Lactofree Mature Cheddar Grated Cheese200g,£2.50,£1.25 per 100g,
Arla Lacto Free Semi Skimmed Milk,Arla Lacto Free Semi Skimmed Milk2L,£3.20,£1.60 per litre,
Baked Moroccan Falafel ,Baked Moroccan Falafel 200g,£2,£1.00 per 100g,
Betty Crocker Gluten Free Chocolate Fudge Brownie Mix,Betty Crocker Gluten Free Cho…415g,£3.09,74.5p per 100g,
Betty Crocker Gluten Free Devil's Food Chocolate Cake Mix ,Betty Crocker Gluten Free Devil's…425g,£3.09,72.7p per 100g,
Bfree Pitta Breads Stone Baked Pittas,Bfree Pitta Breads Stone Baked Pittas4 per pack,£2.75,68.8p each,
Birds Eye 22 Gluten Free Chicken Nuggets,Birds Eye 22 Gluten Free Chicken Nuggets455g,£3.99,87.7p per 100g,
Birds Eye 2 Gluten Free Breaded Fish Fillets,Birds Eye 2 Gluten Free Breaded Fish Fillets250g,£3.69,£14.76 per kg,
Birds Eye Gluten Free 12 Fish Fingers ,Birds Eye Gluten Free 12 Fish Fingers 360g,£3.25,£9.03 per kg,"Offer price £3.25, was £3.75"
Bisto Gluten Free Gravy Granules ,Bisto Gluten Free Gravy Granules 175g,£3.79,£2.17 per 100g,
Bol One Pot Meal Spanish Smoky Butter Bean Stew,Bol One Pot Meal Spanish Smoky Butter Bean Stew450g,£3.25,72.2p per 100g,Buy 2 for £5
Boursin Plant Based Vegan Garlic & Herbs,Boursin Plant Based Vegan Garlic & Herbs130g,£3,£2.31 per 100g,
Buttermilk Hot Choccy Bombe,Buttermilk Hot Choccy Bombe57g,£2,£3.51 per 100g,"Offer price £2, was £3"
Buttermilk Plant Powered Choccy Bunny,Buttermilk Plant Powered Choccy Bunny115g,£3,£2.61 per 100g,"Offer price £3, was £3.50"
Buttermilk Zingy Orange Crisp Choccy Bunny Bar,Buttermilk Zingy Orange Crisp Choccy Bunny Bar35g,£1,£2.86 per 100g,"Offer price £1, was £1.15"
Califia Farms Cold Brew Caramel Oat Coffee,Califia Farms Cold Brew Caramel Oat Coffee,£2.95,,
Califia Farms Mocha Cold Brew Coffee With Almond,Califia Farms Mocha Cold Brew Coffee With Almond750ml,£2.95,39.3p per 100ml,
Califia Farms Oat Barista Chilled,Califia Farms Oat Barista Chilled1L,£1.50,15p per 100ml,"Offer price £1.50, was £2"
Cathedral City Dairy Free,Cathedral City Dairy Free280g,£3.59,£1.28 per 100g,
Cathedral City Dairy Free Grated,Cathedral City Dairy Free Grated150g,£2.49,£1.66 per 100g,
Cathedral City Dairy Free Sliced,Cathedral City Dairy Free Sliced150g,£2.49,£1.66 per 100g,
Cathedral City Lactose Free Mature Cheddar Cheese ,Cathedral City Lactose Free…200g,£2.25,£11.25 per kg,"Offer price £2.25, was £2.65"
Chippa Gluten Free Mayonnaise,Chippa Gluten Free Mayonnaise280g,£1.50,53.6p per 100g,
Crave Pickled Onion Monster Feet Sharing Bag,Crave Pickled Onion Monster Feet Sharing Bag80g,£1.90,£2.38 per 100g,
Crave The Big Dipper,Crave The Big Dipper48g,£1.65,£3.44 per 100g,
Daim Chocolate Cake With Crunchy Caramel ,Daim Chocolate Cake With Crunchy Caramel 400g,£3.99,99.8p per 100g,
Deliciously Ella Almond Butter & Salted Caramel Cups ,Deliciously Ella Almond Butte…36g,£1.50,£4.17 per 100g,Buy 2 for £2
Deliciously Ella Chocolate Orange Dipped Almonds,Deliciously Ella Chocolate Orange Dipped Almonds27g,£1,£3.70 per 100g,
Deliciously Ella Double Chocolate Caramel Cups ,Deliciously Ella Double Chocolate Caramel Cups 36g,£1.50,£4.17 per 100g,Buy 2 for £2
Deli Italia Beef & Mortadella Tortellini Gluten Free,Deli Italia Beef & Mortadella…250g,£3.90,£15.60 per kg,
Doves Farm Foods Gluten Free Xanthan Gum,Doves Farm Foods Gluten Free Xanthan Gum100g,£2.75,£2.75 per 100g,
Doves Farm Gluten & Wheat Free Plain White Flour Blend,Doves Farm Gluten & Wheat Free…1kg,£1.95,£1.95 per kg,
Doves Farm Gluten & Wheat Free White Bread Flour,Doves Farm Gluten & Wheat F…1kg,£1.95,£1.95 per kg,
Doves Farm Gluten Free Self-Raising White Flour,Doves Farm Gluten Free Self-Raising White Flour1kg,£1.95,£1.95 per kg,
Dr. Oetker Bicarbonate of Soda,Dr. Oetker Bicarbonate of Soda200g,£1.59,79.5p per 100g,
Dr. Oetker Gluten Free Baking Powder,Dr. Oetker Gluten Free Baking Powder170g,£1.59,93.5p per 100g,
Dr. Oetker Liquid Glucose,Dr. Oetker Liquid Glucose140g,£2.15,£1.54 per 100g,
Dr. Oetker Ristorante Gluten Free Mozzarella Pizza,Dr. Oetker Ristorante Glute…370g,£3.50,£9.46 per kg,"Offer price £3.50, was £3.80"
Easibake Gluten Free Garlic Bread Baguette With Garlic & Parsley,Easibake Gluten Free Garlic Bread Bag…170g,£2.29,£1.35 per 100g,
Eat Real Hummus Chips Tomato & Basil Flavour,Eat Real Hummus Chips Tomato & Basil Flavour135g,£2,£1.48 per 100g,
Eat Real Lentil Chips Sea Salt Flavour,Eat Real Lentil Chips Sea Salt Flavour113g,£2,£1.77 per 100g,
Eat Real Quinoa Chips Sour Cream & Chives Flavour ,Eat Real Quinoa Chips Sour…80g,£2,£2.50 per 100g,
"Eat Real Veggie Straws Kale, Tomato & Spinach ","Eat Real Veggie Straws Kale, Tomato & Spinach 113g",£2,£1.77 per 100g,
Flora 100% Natural Dairy Free Spread,Flora 100% Natural Dairy Free Spread1kg,£3.50,£3.50 per kg,
Flora Buttery Spread,Flora Buttery Spread2kg,£5.50,£2.75 per kg,
Flora Lighter Vegan Spread,Flora Lighter Vegan Spread1kg,£3.50,£3.50 per kg,
Flora Plant B+tter Salted Vegan Alternative to Butter,Flora Plant B+tter Salted Veg…250g,£1,£4.00 per kg,"Offer price £1, was £1.99"
Flora Plant Butter Spreadable Vegan Butter Alternative,Flora Plant Butter Spreadable V…450g,£2,44.5p per 100g,"Offer price £2, was £3.49"
Flora ProActiv Light Spread,Flora ProActiv Light Spread250g,£1.99,£7.96 per kg,
Food Heaven Free-From Heavenly Whipped,Food Heaven Free-From Heavenly Whipped200ml,£2,£1.00 per 100ml,
Free Damm 0% Lager,Free Damm 0% Lager4 x 330ml,£3.50,26.5p per 100ml,"Offer price £3.50, was £4"
Freee By Doves Farm Free From Gluten Baking Powder,Freee By Doves Farm Free Fr…130g,£1.49,£1.15 per 100g,
Freee Gluten Free Choc Chip Cookie Mix,Freee Gluten Free Choc Chip Cookie Mix350g,£3,85.7p per 100g,
Genius Gluten Brioche Burger Buns,Genius Gluten Brioche Burger Buns2 per pack,£1.85,92.5p each,
Genius Gluten Free Chocolate Cupcake ,Genius Gluten Free Chocolate Cupcake 2 per pack,£2.39,£1.20 each,Buy 2 for £3.20
Genius Gluten Free Crumpets ,Genius Gluten Free Crumpets 220g,£2.25,£1.02 per 100g,Buy 2 for £3.20
Genius Gluten Free Denby Dale Gluten Free Chicken Pie,Genius Gluten Free Denby Dale…320g,£3.79,£11.84 per kg,Buy 2 for £6.30
Genius Gluten Free Double Chocolate Muffins 2 Pack,Genius Gluten Free Double Chocolate Muffins 2 Pack160g,£2,£1.25 per 100g,Buy 2 for £3.20
Genius Gluten Free Fibre Fest Cob ,Genius Gluten Free Fibre Fest Cob 385g,£1.75,45.5p per 100g,
Genius Gluten Free Pancakes,Genius Gluten Free Pancakes198g,£2.19,£1.11 per 100g,Buy 2 for £3.20
Genius Gluten Free Plain Wraps,Genius Gluten Free Plain Wraps4 per pack,£2.85,71.3p each,
Genius Gluten Free Sausage Rolls ,Genius Gluten Free Sausage Rolls 2 x 100g,£2.69,£13.45 per kg,
Genius Gluten Free Sliced Spicy Fruit Loaf ,Genius Gluten Free Sliced Spicy Fruit Loaf 400g,£2.69,67.3p per 100g,
Genius Gluten Free Soft Brown Sandwich loaf,Genius Gluten Free Soft Brown Sandwich loaf535g,£2.90,54.2p per 100g,
Genius Gluten Free Soft White Farmhouse Loaf,Genius Gluten Free Soft White Farmhouse Loaf535g,£2.90,54.2p per 100g,
Genius Gluten Free Stonebaked Pitta Breads,Genius Gluten Free Stonebaked Pitta Breads3 per pack,£2.09,69.7p each,Buy 2 for £3.20
Genius Gluten Free Toastie Square Cut White Loaf,Genius Gluten Free Toastie Square Cut White Loaf500g,£2.75,55p per 100g,
Genius Gluten Free Triple Seeded Sandwich Loaf,Genius Gluten Free Triple Seeded Sandwich Loaf535g,£2.99,55.9p per 100g,
Genius Gluten Free Triple Seeded Soft Rolls,Genius Gluten Free Triple Seeded Soft Rolls300g,£2.19,73p per 100g,Buy 2 for £3.20
Genius Gluten Free White Sandwich Loaf,Genius Gluten Free White Sandwich Loaf430g,£2.90,67.4p per 100g,
Genius Gut Lovin Tiger Bloomer ,Genius Gut Lovin Tiger Bloomer 400g,£3.29,82.3p per 100g,
Genius Roasted Vegetable Quiche 2 Pack,Genius Roasted Vegetable Quiche 2 Pack320g,£3.19,£9.97 per kg,
Goodfella's Gluten Free Margherita Pizza,Goodfella's Gluten Free Margherita Pizza328g,£4,£12.20 per kg,
Goodfella's Gluten Free Pepperoni Pizza,Goodfella's Gluten Free Pepperoni Pizza317g,£4,£1.26 per 100g,
Gu Spanish Lemon Cheesecake Vegan & Gluten Free,Gu Spanish Lemon Cheeseca…2 x 92g,£2.50,£1.36 per 100g,"Offer price £2.50, was £3.85"
Heck Meat Free Sausage,Heck Meat Free Sausage300g,£2,£6.67 per kg,
Henderson's Relish,Henderson's Relish284ml,£1.25,44p per 100ml,"Offer price £1.25, was £1.90"
Jack Daniel's Gluten Free Honey BBQ Sauce ,Jack Daniel's Gluten Free Honey BBQ Sauce 553g,£4.25,76.9p per 100g,
Jack Daniel's Gluten Free Original BBQ Sauce,Jack Daniel's Gluten Free Original BBQ Sauce553g,£4.25,76.9p per 100g,
Jus-Rol Gluten Free Puff Pastry Ready Rolled Sheet,Jus-Rol Gluten Free Puff Pastry Ready Rolled Sheet280g,£2.25,£8.04 per kg,
Just Love Food Company Free From Madeira Celebration Cake,Just Love Food Company Free From…544g,£6,£1.10 per 100g,
Kikkoman Tamari Gluten Free Soy Sauce,Kikkoman Tamari Gluten Free Soy Sauce250ml,£2.99,£1.20 per 100ml,
Kirstys Classic Beef Lasagne,Kirstys Classic Beef Lasagne400g,£3.25,£8.13 per kg,"Offer price £3.25, was £3.49"
Kirstys Cottage Pie With Sweet Potato Mash,Kirstys Cottage Pie With Sweet Potato Mash400g,£3.25,£8.13 per kg,"Offer price £3.25, was £3.49"
Kirsty's Lentil Cottage Pie With Sweet Potato Mash,Kirsty's Lentil Cottage Pie With Sweet Potato Mash400g,£3.25,£8.13 per kg,"Offer price £3.25, was £3.49"
Kirstys Spanish Chicken & Brown Rice,Kirstys Spanish Chicken & Brown Rice400g,£3.49,£8.73 per kg,
Koko Barista Milk Alternative,Koko Barista Milk Alternative750ml,£1.50,20p per 100ml,"Offer price £1.50, was £2"
Koko Dairy Free Unsweetened,Koko Dairy Free Unsweetened1L,£1.45,14.5p per 100ml,"Offer price £1.45, was £1.85"
Koko Fresh Original Plus Calcium Milk Alternative,Koko Fresh Original Plus Calcium Milk Alternative1L,£1.45,£1.45 per litre,"Offer price £1.45, was £1.85"
Lactofree Fresh Semi Skimmed,Lactofree Fresh Semi Skimmed1L,£1.50,£1.50 per litre,"Offer price £1.50, was £1.99"
Lactofree Fresh Skimmed Milk,Lactofree Fresh Skimmed Milk1L,£1.50,£1.50 per litre,"Offer price £1.50, was £1.99"
Lactofree Fresh Whole,Lactofree Fresh Whole1L,£1.50,£1.50 per litre,"Offer price £1.50, was £1.99"
Lactofree Mature Cheddar,Lactofree Mature Cheddar200g,£2.49,£12.45 per kg,
Lactofree        Spreadable       ,Lactofree        Spreadable       250g,£2.25,£9.00 per kg,
Lazy Day Foods Free From Millionaires Shortbread,Lazy Day Foods Free From Millionaires Shortbread150g,£2.49,£1.66 per 100g,
Lazy Day Tiffin,Lazy Day Tiffin150g,£2.49,£1.66 per 100g,
Linda McCartney's Organic Barista Coconut Drink,Linda McCartney's Organic…1L,£2,20p per 100ml,
Linda McCartney's Organic Barista Oat Drink,Linda McCartney's Organic Barista Oat Drink1L,£2,20p per 100ml,
Love Corn Smoked BBQ Crunchy Corn Snack,Love Corn Smoked BBQ Crunchy Corn Snack115g,£1.60,£1.39 per 100g,
McVitie's Gluten Free Milk Choc Hobnobs,McVitie's Gluten Free Milk Choc Hobnobs150g,£2.30,£1.53 per 100g,
Meatless Farm Plant-Based Burgers ,Meatless Farm Plant-Based Burgers 227g,£2,£8.81 per kg,"Offer price £2, was £2.50"
Meridian Free From Korma Cooking Sauce,Meridian Free From Korma Cooking Sauce350g,£2.25,64.3p per 100g,
Meridian Free From Tikka Masala Cooking Sauce,Meridian Free From Tikka Masala Cooking Sauce350g,£2.25,64.3p per 100g,
Milky Way Magic Stars Dairy Free Chocolate,Milky Way Magic Stars Dairy Free Chocolate25g,£1,£4.00 per 100g,
Milky Way Magic Stars Dairy Free Chocolate With Popping Candy,Milky Way Magic Stars Dairy Free Ch…25g,£1,£4.00 per 100g,
Mister Freed Avocado Guacamole Flavour Tortilla Chips,Mister Freed Avocado Guacamol…135g,£1.99,£1.47 per 100g,
Mister Freed Cheezie Cheese Flavour Tortilla Chips,Mister Freed Cheezie Cheese…135g,£1.99,£1.47 per 100g,
Moo Free White,Moo Free White20g,60p,£3.00 per 100g,
Morland Old Speckled Hen Gluten - Free (Abv 5%),Morland Old Speckled Hen Gluten - Free (Abv 5%)500ml,£2.09,£4.18 per litre,
Morrisons Free From 4 Chocolate & Nut Ice Cream Cones ,Morrisons Free From 4 Chocolate…4 x 120ml,£2.75,57.3p per 100ml,
Morrisons Free From 4 Lemon Cake Slices ,Morrisons Free From 4 Lemon Cake Slices 82g,£2.25,£2.74 per 100g,
Morrisons Free From 4 Victoria Sponge Slices,Morrisons Free From 4 Victoria Sponge Slices116g,£2.09,£1.80 per 100g,
Morrisons Free From 5 Swirly Chocolate Wafer Bars,Morrisons Free From 5 Swirl…100g,£1.79,£1.79 per 100g,
Morrisons Free From 6 Jam Tarts,Morrisons Free From 6 Jam Tarts255g,£2.69,£1.05 per 100g,
Morrisons Free From Bakewell Tart,Morrisons Free From Bakewell Tart195g,£2,£1.03 per 100g,
Morrisons Free From Batter Mix,Morrisons Free From Batter Mix100g,75p,75p per 100g,
Morrisons Free From Beef Gravy Granules,Morrisons Free From Beef Gravy Granules170g,£1.49,87.6p per 100g,
Morrisons Free From Beef Lasagne,Morrisons Free From Beef Lasagne300g,£2.50,83.3p per 100g,
Morrisons Free From Belgian Dark Chocolate & Orange Bar,Morrisons Free From Belgian Dar…100g,£1.79,£1.79 per 100g,
Morrisons Free From Belgian Dark Chocolate Bar,Morrisons Free From Belgi…100g,£1.79,£1.79 per 100g,
Morrisons Free From Breadcrumbs ,Morrisons Free From Breadcrumbs 170g,£1.29,75.9p per 100g,
Morrisons Free From Brioche Burger Buns,Morrisons Free From Brioche Burger Buns2 per pack,£1.99,99.5p each,
Morrisons Free From Brown Loaf,Morrisons Free From Brown Loaf535g,£1.89,35.3p per 100g,
Morrisons Free From Caramel Flavour Chocolate Bar,Morrisons Free From Caramel…100g,£1.79,£1.79 per 100g,
Morrisons Free From Carrot Cake ,Morrisons Free From Carrot Cake 420g,£3.99,95p per 100g,
Morrisons Free From Caterpillar Cake,Morrisons Free From Caterpillar Cake610g,£6,98.4p per 100g,
Morrisons Free From Cherry Bakewells,Morrisons Free From Cherry Bakewells2 per pack,£1.25,62.5p each,
Morrisons Free From Chicken Gravy Granules ,Morrisons Free From Chicken Gravy Granules 170g,£1.49,87.6p per 100g,
Morrisons Free From Choc Chip Brownie,Morrisons Free From Choc Chip Brownie120g,£2.05,£1.71 per 100g,
Morrisons Free From Choccy Bar,Morrisons Free From Choccy Bar35g,49p,£1.40 per 100g,
Morrisons Free From Choccy Buttons,Morrisons Free From Choccy Buttons25g,49p,£1.96 per 100g,
Morrisons Free From Chocolate Bar ,Morrisons Free From Chocolate Bar 100g,£1.79,£1.79 per 100g,
Morrisons Free From Chocolate Brownie Mix,Morrisons Free From Chocolate Brownie Mix284g,£1.69,59.5p per 100g,
Morrisons Free From Chocolate Buttons ,Morrisons Free From Chocolate Buttons 119g,£1.79,£1.50 per 100g,
Morrisons Free From Chocolate Chip Muffins ,Morrisons Free From Chocolate Chip Muffins 2 per pack,£1.75,87.5p each,
Morrisons Free From Chocolate Digestive Biscuits,Morrisons Free From Chocola…200g,£1.69,84.5p per 100g,
Morrisons Free From Chocolate Orange Cookies,Morrisons Free From Chocolate Orange Cookies150g,£1.69,£1.13 per 100g,
Morrisons Free From Cookies & Cream Cookies ,Morrisons Free From Cookies & Cream Cookies 180g,£1.69,93.9p per 100g,
Morrisons Free From Corn Flakes,Morrisons Free From Corn Flakes300g,£1.75,58.3p per 100g,
Morrisons Free From Crackers,Morrisons Free From Crackers200g,£1.65,82.5p per 100g,
Morrisons Free From Cream Crunchies,Morrisons Free From Cream Crunchies180g,£1.69,93.9p per 100g,
Morrisons Free From Crispy Flapjack Cereal Bar ,Morrisons Free From Crispy Flapjack Cereal Bar 55g,£1.09,£1.98 per 100g,
Morrisons Free From Dark Chocolate Clusters,Morrisons Free From Dark Chocolate Clusters160g,£2.65,£1.66 per 100g,
Morrisons Free From Digestive Biscuits,Morrisons Free From Digestive Biscuits160g,£1.69,£1.06 per 100g,
Morrisons Free From Dinosaurs Pasta,Morrisons Free From Dinosaurs Pasta250g,£1.19,£4.76 per kg,
Morrisons Free From Double Chocolate Cookies,Morrisons Free From Double Chocolate Cookies150g,£1.69,£1.13 per 100g,
Morrisons Free From Flapjack,Morrisons Free From Flapjack150g,£2.39,£1.59 per 100g,
Morrisons Free From Fruit Muesli,Morrisons Free From Fruit Muesli450g,£2.20,48.9p per 100g,
Morrisons Free From Fruity Almond Slices ,Morrisons Free From Fruity Almond Slices 4 per pack,£2.29,57.3p each,
Morrisons Free From Fruity Granola Cereal Bars,Morrisons Free From Fruity Granola Cereal Bars5 x 30g,£2.15,£1.43 per 100g,
Morrisons Free From Garlic & Herb Soft Cheese ,Morrisons Free From Garlic & Herb Soft Cheese 170g,£2.20,£12.94 per kg,
Morrisons Free From Gingerbread Person,Morrisons Free From Gingerbread Person50g,£1.39,£2.78 per 100g,
Morrisons Free From Ginger Snaps,Morrisons Free From Ginger Snaps180g,£1.69,93.9p per 100g,
Morrisons Free From Gluten Free Margherita Pizza ,Morrisons Free From Gluten…250g,£1.45,£5.80 per kg,
Morrisons Free From Gluten Free Pepperoni Pizza ,Morrisons Free From Gluten…250g,£2.35,£9.40 per kg,
Morrisons Free From Golden Syrup Pancakes,Morrisons Free From Golden Syrup Pancakes6 per pack,£2.19,36.5p each,
Morrisons Free From Golden Syrup Porridge,Morrisons Free From Golden Syrup Porridge55g,89p,£1.62 per 100g,
Morrisons Free From Grated Mozzarella Style,Morrisons Free From Grated Mozzarella Style200g,£2.65,£13.25 per kg,
Morrisons Free From Ham & Pineapple Pizza,Morrisons Free From Ham & Pineapple Pizza250g,£2.35,£9.40 per kg,
Morrisons Free From Homestyle Chips ,Morrisons Free From Homestyle Chips 750g,£1.49,£1.99 per kg,
Morrisons Free From Honey Hoops Cereal,Morrisons Free From Honey Hoops Cereal300g,£1.75,58.3p per 100g,
Morrisons Free From Honey Nut Granola ,Morrisons Free From Honey Nut Granola 350g,£2.75,78.6p per 100g,
Morrisons Free From Ice Cream Strawberry,Morrisons Free From Ice Cream Strawberry480ml,£1.69,35.2p per 100ml,
Morrisons Free From Ice Cream Vanilla,Morrisons Free From Ice Cream Vanilla480ml,£1.69,35.2p per 100ml,
Morrisons Free From Jammy Wheels,Morrisons Free From Jammy Wheels142g,£1.69,£1.19 per 100g,
Morrisons Free From Lasagne Sheets,Morrisons Free From Lasagne Sheets250g,£1.25,£5.00 per kg,
Morrisons Free From Mac & Cheese,Morrisons Free From Mac & Cheese300g,£2.50,83.3p per 100g,
Morrisons Free From Macaroni Pasta,Morrisons Free From Macaroni Pasta500g,£1.19,£2.38 per kg,
Morrisons Free From Mature Cheddar ,Morrisons Free From Mature Cheddar 200g,£2.20,£1.10 per 100g,
Morrisons Free From Mild Cheddar,Morrisons Free From Mild Cheddar200g,£2.20,£11.00 per kg,
Morrisons Free From Milk Free Shortbread,Morrisons Free From Milk Free Shortbread160g,£1.69,£1.06 per 100g,
Morrisons Free From Mini Hash Browns,Morrisons Free From Mini Hash Browns750g,£1.70,£2.27 per kg,
Morrisons Free From Original Porridge ,Morrisons Free From Original Porridge 55g,89p,£1.62 per 100g,
Morrisons Free From Pancake Shaker,Morrisons Free From Pancake Shaker155g,£1.50,96.8p per 100g,
Morrisons Free From Pastry Mix ,Morrisons Free From Pastry Mix 150g,99p,66p per 100g,
Morrisons Free From Penne ,Morrisons Free From Penne 500g,£1.19,£2.38 per kg,
Morrisons Free From Pinata Cupcake Kit,Morrisons Free From Pinata Cupcake Kit300g,£2,66.7p per 100g,
Morrisons Free From Potato Gnocchi ,Morrisons Free From Potato Gnocchi 250g,£1.19,£4.76 per kg,
Morrisons Free From Raspberry Macaroon Slices,Morrisons Free From Raspb…160g,£1.75,£1.09 per 100g,
Morrisons Free From Red Berry Granola ,Morrisons Free From Red Berry Granola 350g,£2.75,78.6p per 100g,
Morrisons Free From Rice Pops ,Morrisons Free From Rice Pops 300g,£1.75,58.3p per 100g,
Morrisons Free From Scones,Morrisons Free From Scones2 per pack,£2.19,£1.10 each,
Morrisons Free From Seeded Loaf ,Morrisons Free From Seeded Loaf 535g,£1.89,35.3p per 100g,
Morrisons Free From Seeded Rolls,Morrisons Free From Seeded Rolls4 per pack,£1.75,43.8p each,
Morrisons Free From Smoked Cheddar ,Morrisons Free From Smoked Cheddar 200g,£2.20,£1.10 per 100g,
Morrisons Free From Spaghetti,Morrisons Free From Spaghetti500g,£1.19,£2.38 per kg,
Morrisons Free From Special Flakes ,Morrisons Free From Special Flakes 300g,£1.75,58.3p per 100g,
Morrisons Free From Spicy Chicken Pizza,Morrisons Free From Spicy Chicken Pizza250g,£2.35,£9.40 per kg,
Morrisons Free From Spring Cupcakes Rose,Morrisons Free From Spring Cupcakes Rose,£3.79,,
Morrisons Free From Strawberry Ice Cream Cones ,Morrisons Free From Straw…4 x 120ml,£2.75,57.3p per 100ml,
Morrisons Free From Trio Of Hearts,Morrisons Free From Trio Of Hearts75g,£1,£1.33 per 100g,"Offer price £1, was £3.09"
Morrisons Free From Vegetable Gravy Granules,Morrisons Free From Vegetable Gravy Granules170g,£1.49,87.6p per 100g,
Morrisons Free From White Loaf,Morrisons Free From White Loaf535g,£1.89,35.3p per 100g,
Morrisons Free From White Rolls,Morrisons Free From White Rolls4 per pack,£1.75,43.8p each,
Morrisons Gluten Free Fruited Hot Cross Buns ,Morrisons Gluten Free Fruited Hot Cross Buns 280g,£2,71.4p per 100g,
Morrisons Lactose Free Semi Skimmed Milk,Morrisons Lactose Free Semi Skimmed Milk1L,£1.35,£1.35 per litre,
Morrisons Lactose Free Skimmed Milk,Morrisons Lactose Free Skimmed Milk1L,£1.35,£1.35 per litre,
Morrisons Lactose Free Whole Milk ,Morrisons Lactose Free Whole Milk 1L,£1.35,£1.35 per litre,
Morrisons Oat Milk ,Morrisons Oat Milk 1L,£1.30,£1.30 per litre,
Morrisons Plant Revolution Vegan Chocolate Cupcakes,Morrisons Plant Revolution Ve…2 per pack,£1.79,89.5p each,"Offer price £1.79, was £1.99"
Morrisons Sweetened Almond Milk,Morrisons Sweetened Almond Milk1L,£1.19,11.9p per 100ml,
Morrisons The Best 12 Old English Chipolatas ,Morrisons The Best 12 Old English Chipolatas 375g,£3.25,86.7p per 100g,Buy 2 for £5
Morrisons The Best 6 Hot And Spicy Sausages,Morrisons The Best 6 Hot And Spicy Sausages400g,£3.25,£8.13 per kg,Buy 2 for £5
Morrisons The Best Cumberland Chipolata Sausages 12 Pack,Morrisons The Best Cumberland C…375g,£3.25,£8.67 per kg,Buy 2 for £5
Morrisons The Best Free From Chocolate Cake Bars,Morrisons The Best Free From Chocolate Cake Bars120g,£2.65,£2.21 per 100g,
Morrisons The Best Free From Millionaires ,Morrisons The Best Free From Millionaires 4 per pack,£3.29,82.3p each,
Morrisons The Best Free From Quad Choc Cookies,Morrisons The Best Free From Quad Choc Cookies150g,£2.25,£1.50 per 100g,
Morrisons The Best Free From Salted Caramel Honeycomb Egg,Morrisons The Best Free From Salt…150g,£5.99,£3.99 per 100g,
Morrisons The Best Free From Tagliatelle Corn & Rice,Morrisons The Best Free From…250g,£1.19,£4.76 per kg,
Morrisons The Best Pork Chipolatas 12 Pack,Morrisons The Best Pork Chipolatas 12 Pack375g,£3.25,£8.67 per kg,Buy 2 for £5
Morrisons The Best Thick Cumberland Sausages,Morrisons The Best Thick Cumberland Sausages400g,£3.25,£8.13 per kg,Buy 2 for £5
Morrisons The Best Thick Lincolnshire Sausages,Morrisons The Best Thick Lincolnshire Sausages400g,£3.25,£8.13 per kg,Buy 2 for £5
Morrisons The Best Thick Old English Sausages,Morrisons The Best Thick Old English Sausages400g,£3.25,£8.13 per kg,Buy 2 for £5
Morrisons The Best  Thick Pork & Bramley Apple Sausages,Morrisons The Best  Thick Pork…400g,£3.25,£8.13 per kg,Buy 2 for £5
Morrisons The Best Thick Pork Sausages,Morrisons The Best Thick Pork Sausages400g,£3.25,£8.13 per kg,Buy 2 for £5
Morrisons V Taste Cheddar Slices ,Morrisons V Taste Cheddar Slices 180g,£2.65,£1.47 per 100g,
Mrs Crimble's Gluten Free 4 Big Bakewell Slices 200g ,Mrs Crimble's Gluten Free 4 B…4 per pack,£1.59,39.8p each,
Mrs Crimble's Gluten Free 6 Big Chocolate Macaroons 180g,Mrs Crimble's Gluten Free 6 Big…6 per pack,£1,16.6p each,"Offer price £1, was £1.49"
Nain's Gluten Free Choc Chip Biscuits ,Nain's Gluten Free Choc Chip Biscuits 160g,£1.99,£1.24 per 100g,
Nairn's Gluten Free Apple & Cinnamon Oats Your Way,Nairn's Gluten Free Apple &…375g,£3.19,85.1p per 100g,
"Nairn's Gluten Free Biscuit Breaks Chunky Oats, Blueberry & Raspberry",Nairn's Gluten Free Biscuit Breaks Chunky…160g,£1.99,£1.24 per 100g,
"Nairn's Gluten Free Biscuit Breaks Chunky Oats, Dark Chocolate & Coconut",Nairn's Gluten Free Biscuit Breaks Chunky O…160g,£1.99,£1.24 per 100g,
Nairn's Gluten Free Cheese Oatcakes,Nairn's Gluten Free Cheese Oatcakes180g,£1.99,£1.11 per 100g,
Nairn's Gluten Free Cracked Black Pepper Crackers,Nairn's Gluten Free Cracked…137g,£1.99,£1.45 per 100g,
Nairn's Gluten Free Ginger Biscuit Breaks,Nairn's Gluten Free Ginger Biscuit Breaks160g,£1.99,£1.24 per 100g,
Nairns Gluten Free Maple Syrup Porridge,Nairns Gluten Free Maple Syrup Porridge400g,£2.80,70p per 100g,
Nairns Gluten Free Oat Cakes,Nairns Gluten Free Oat Cakes213g,£1.99,93.4p per 100g,
Nairn's Gluten Free Oat Muesli,Nairn's Gluten Free Oat Muesli450g,£3.19,70.9p per 100g,
Nairn's Gluten Free Scottish Porridge Oats,Nairn's Gluten Free Scottish Porridge Oats450g,£2.29,50.9p per 100g,
Nakd Blueberry Muffin 4 Raw Fruit & Nut Bars ,Nakd Blueberry Muffin 4 Raw Fruit & Nut Bars 4 x 35g,£2.99,£2.14 per 100g,
Nakd Cocoa Orange 4 Raw Fruit & Nut Bars ,Nakd Cocoa Orange 4 Raw Fruit & Nut Bars 4 x 35g,£2.99,£2.14 per 100g,
Napolina Gluten Free Fusilli,Napolina Gluten Free Fusilli400g,£2.29,£5.73 per kg,
Napolina Gluten Free Spaghetti,Napolina Gluten Free Spaghetti400g,£2.29,£5.73 per kg,
Nature's Path Gluten Free Mesa Sunrise Cereal,Nature's Path Gluten Free Mesa Sunrise Cereal355g,£3.49,98.3p per 100g,
Nestle Go Free Cornflakes Gluten Free Cereal,Nestle Go Free Cornflakes Gluten Free Cereal500g,£2.85,57p per 100g,
Nestle Go Free Honey Flakes Gluten Free Cereal,Nestle Go Free Honey Flakes Gluten Free Cereal500g,£2.85,57p per 100g,
Nestle Go Free Rice Pops Gluten Free Cereal,Nestle Go Free Rice Pops Gluten Free Cereal350g,£2.85,81.4p per 100g,
New York Bakery Co Gluten Free Original Bagels,New York Bakery Co Gluten…4 per pack,£2.69,67.3p each,
Nomo Caramel & Seasalt Chocolate Giant Buttons,Nomo Caramel & Seasalt Chocolate Giant Buttons110g,£2.20,£2.00 per 100g,"Offer price £2.20, was £2.75"
Nomo Caramel & Sea Salt Vegan & Free From Choc Bar ,Nomo Caramel & Sea Salt Vegan…38g,99p,£2.61 per 100g,
Nomo Caramel Filled Chocolate Bar,Nomo Caramel Filled Chocolate Bar38g,99p,£2.61 per 100g,
Nomo Cookie Dough Egg & Bunny,Nomo Cookie Dough Egg & Bunny160g,£6,£3.75 per 100g,
Nomo Creamy Choc Bar,Nomo Creamy Choc Bar85g,£1.80,£2.12 per 100g,"Offer price £1.80, was £2.25"
Nomo Fruit & Crunch Bar ,Nomo Fruit & Crunch Bar 32g,99p,£3.09 per 100g,
Nomo Monsters Crispie Egg & Lolly,Nomo Monsters Crispie Egg & Lolly92g,£3.25,£3.53 per 100g,
Nurishh Gran Vegiano Grated Vegan Parmesan Flavour,Nurishh Gran Vegiano Grated…150g,£3.50,£2.33 per 100g,
Nutribrex Gluten Free Cereal,Nutribrex Gluten Free Cereal375g,£4.35,£1.16 per 100g,
Oat-Ly Chocolate Oat Drink,Oat-Ly Chocolate Oat Drink1L,£2.19,£2.19 per litre,
Oatly! The Original Creamy Oat Fraiche,Oatly! The Original Creamy Oat Fraiche200ml,£1.70,85p per 100ml,
Oatly Chilled Organic Oat Drink,Oatly Chilled Organic Oat Drink1L,£2.09,20.9p per 100ml,
Oatly Oat Drink Barista Edition,Oatly Oat Drink Barista Edition500ml,£1.25,25p per 100ml,
Oatly Oat Drink Chilled No Sugars,Oatly Oat Drink Chilled No Sugars1L,£1.70,£1.70 per litre,"Offer price £1.70, was £2.20"
Oatly The Original Oat Drink Semi,Oatly The Original Oat Drink Semi1L,£1.70,£1.70 per litre,"Offer price £1.70, was £2.09"
Oatly The Original Oat Drink Skinny,Oatly The Original Oat Drink Skinny1L,£1.70,£1.70 per litre,"Offer price £1.70, was £2.09"
Oatly The Original Oat Drink Whole,Oatly The Original Oat Drink Whole1L,£1.70,£1.70 per litre,"Offer price £1.70, was £2.09"
Old El Paso Gluten Free Smoky BBQ Fajita Kit,Old El Paso Gluten Free Smoky BBQ Fajita Kit,£4.50,,
Old El Paso Gluten Free Tortilla Wraps,Old El Paso Gluten Free Tortilla Wraps216g,£3,£1.39 per 100g,
Over The Spoon Lemon Cheesecake,Over The Spoon Lemon Cheesecake2 x 90g,£2,£1.11 per 100g,
Paxo Gluten Free Sage & Onion Stuffing Mix ,Paxo Gluten Free Sage & Onion Stuffing Mix 150g,£3.09,£2.06 per 100g,
Perkier Cacao & Orange Protein Bars,Perkier Cacao & Orange Protein Bars3 x 35g,£2,£1.90 per 100g,
Perkier Crunchy Peanut Protein Bars,Perkier Crunchy Peanut Protein Bars3 x 35g,£2,£1.90 per 100g,
Perkier Madagascan Vanilla & Dark Chocolate Bars ,Perkier Madagascan Vanilla…3 x 37g,£2.75,£2.48 per 100g,
Perkier Nutty Toffee & Dark Choc Vitamin Bars,Perkier Nutty Toffee & Dark Choc Vitamin Bars3 x 37g,£2.75,£2.48 per 100g,
Perkier Salted Caramel & Dark Chocolate Vitamin Bars,Perkier Salted Caramel & Dark…3 x 37g,£2.75,£2.48 per 100g,
Philadelphia Lactose Free Soft Cheese,Philadelphia Lactose Free Soft Cheese150g,£1.25,83.5p per 100g,"Offer price £1.25, was £2.20"
Popworks Sweet & Salt Pop Crisps,Popworks Sweet & Salt Pop Crisps85g,£1.25,£1.47 per 100g,"Offer price £1.25, was £2"
Popworks Sweet & Salty Crisps,Popworks Sweet & Salty Crisps28g,95p,£3.39 per 100g,
Popworks Sweet Chipotle Chilli,Popworks Sweet Chipotle Chilli85g,£1.25,£1.47 per 100g,"Offer price £1.25, was £2"
Popworks Sweet Chipotle Chilli,Popworks Sweet Chipotle Chilli28g,95p,£3.39 per 100g,
Primula Perfectly Plant ,Primula Perfectly Plant 140g,£1.99,£14.21 per kg,
Properchips Barbecue Lentil Chips,Properchips Barbecue Lentil Chips85g,£2,£2.35 per 100g,
Properchips BBQ Lentil Chips ,Properchips BBQ Lentil Chips 5 x 14g,£1.80,£2.57 per 100g,
Properchips Salt And Vinegar Lentil Chips,Properchips Salt And Vinegar Lentil Chips5 x 14g,£1.80,£2.57 per 100g,
Propercorn Salted Caramel Popcorn ,Propercorn Salted Caramel Popcorn 90g,£1.35,£1.50 per 100g,"Offer price £1.35, was £1.60"
Pure Vegan Dairy Free Olive Spread,Pure Vegan Dairy Free Olive Spread500g,£1.99,£3.98 per kg,
Quaker Oat So Simple Gluten Free Porridge Sachets ,Quaker Oat So Simple Gluten…10 x 35g,£4.50,£1.29 per 100g,
Rude Health Long Life Organic Coconut Milk Alternative,Rude Health Long Life Organic C…1L,£1.80,£1.80 per litre,"Offer price £1.80, was £2.29"
Rude Health Organic Almond Drink,Rude Health Organic Almond Drink1L,£1.80,£1.80 per litre,"Offer price £1.80, was £2.29"
Sacla Vegan Basil Pesto,Sacla Vegan Basil Pesto190g,£3.29,£1.73 per 100g,
Sacla Vegan Tomato Pesto (Allergen Update),Sacla Vegan Tomato Pesto (Allergen Update)190g,£3.29,£1.73 per 100g,
San Miguel Gluten Free Lager Beer,San Miguel Gluten Free Lager Beer4 x 330ml,£6.25,£4.73 per litre,
Schar Bonta D'Italia Gluten Free Pizza Margherita Lactose Free ,Schar Bonta D'Italia Gluten Free Pizz…300g,£3.49,£11.63 per kg,
Schar Curvies Bbq ,Schar Curvies Bbq 170g,£2.69,£1.58 per 100g,
Schar Gluten-Free 3 Panini Rolls,Schar Gluten-Free 3 Panini Rolls225g,£2.39,£1.06 per 100g,
Schar Gluten-Free Brown Ciabatta Rolls,Schar Gluten-Free Brown Ciabatta Rolls200g,£2.39,£1.20 per 100g,
Schar Gluten-Free Mini Baguette ,Schar Gluten-Free Mini Baguette 2 x 75g,£2.29,£1.53 per 100g,
Schar Gluten-Free Pizza Base with Sourdough,Schar Gluten-Free Pizza Base with Sourdough300g,£3.29,£1.10 per 100g,
Schar Gluten-Free White Ciabatta Rolls,Schar Gluten-Free White Ciabatta Rolls200g,£2.39,£1.20 per 100g,
Schar Gluten Free Chocolate Fingers,Schar Gluten Free Chocolate Fingers150g,£2.15,£1.43 per 100g,
Schar Gluten Free Crispbread,Schar Gluten Free Crispbread220g,£1.59,72.3p per 100g,
Schar Gluten Free Crispbreads,Schar Gluten Free Crispbreads150g,£1.65,£1.10 per 100g,
Schar Gluten Free Curvies Original Crisps,Schar Gluten Free Curvies Original Crisps170g,£2.69,£1.58 per 100g,
Schar Gluten Free Custard Creams,Schar Gluten Free Custard Creams125g,£1.59,£1.27 per 100g,
Schar Gluten Free Digestive Biscuits,Schar Gluten Free Digestive Biscuits150g,£1.59,£1.06 per 100g,
Schar Gluten Free Grissini,Schar Gluten Free Grissini150g,£2.69,£1.79 per 100g,
Schar Gluten Free Jaffa Cakes ,Schar Gluten Free Jaffa Cakes 150g,£1.39,92.7p per 100g,
Schar Gluten Free Melto,Schar Gluten Free Melto30g,£1.05,£3.50 per 100g,
Schar Gluten Free Pizza Veggie Vegan,Schar Gluten Free Pizza Veggie Vegan390g,£3.19,£8.18 per kg,
Schar Gluten Free Pretzels,Schar Gluten Free Pretzels60g,£1.09,£1.82 per 100g,
Schar Gluten Free Rich Tea Biscuits,Schar Gluten Free Rich Tea Biscuits125g,£1.59,£1.27 per 100g,
Schar Gluten Free Wholesome Seeded Loaf,Schar Gluten Free Wholesome Seeded Loaf300g,£2.95,98.3p per 100g,
Schar Gluten Free Wholesome White Loaf,Schar Gluten Free Wholesome White Loaf300g,£2.95,98.3p per 100g,
Sheese Jalapeno And Chilli Bake,Sheese Jalapeno And Chilli Bake150g,£3.75,£2.50 per 100g,
Sheese Melting Sheesy Bake Spring Onion & Garlic,Sheese Melting Sheesy Bake…150g,£3.75,£2.50 per 100g,
Skinny Brands Lager,Skinny Brands Lager12 x 330ml,£15,£3.79 per litre,
Soulful One Pot Sweet Potato Tikka With Cauliflower & Brown Rice,Soulful One Pot Sweet Potato Tikka Wi…380g,£2.50,65.8p per 100g,
Swedish Glace Dairy Free Smooth Vanilla Vegan Ice Cream Tub,Swedish Glace Dairy Free Smooth V…750ml,£3.30,44p per 100ml,"Offer price £3.30, was £3.59"
Sweet Freedom Choc Pot Chocolate Spread,Sweet Freedom Choc Pot Chocolate Spread250g,£3,£1.20 per 100g,
Sweet Freedom Choc Shot,Sweet Freedom Choc Shot320g,£3.50,£1.09 per 100g,
The Coconut Collaborative Chocolate Orange Cups,The Coconut Collaborative Chocolate Orange Cups2 x 100g,£2.75,£1.38 per 100g,
The Coconut Collaborative Little Choc Pots,The Coconut Collaborative Little Choc Pots4 x 45g,£2.75,£1.53 per 100g,
The Coconut Collaborative Salted Caramel Choc Pots ,The Coconut Collaborative Salted Caramel Choc Pots 4 x 45g,£2.75,£1.53 per 100g,
The Real Yorkshire Pudding Company Gluten Free Yorkshire Puddings,The Real Yorkshire Pudding Company Gl…180g,£2.49,£1.38 per 100g,
Violife Creamy Original Flavour Vegan Alternative to Cheese ,Violife Creamy Original Flavour Veg…200g,£2.75,£1.38 per 100g,
Violife Epic Mature Cheddar Flavour Block ,Violife Epic Mature Cheddar Flavour Block 200g,£2.75,£13.75 per kg,
Violife Greek White Block Vegan Alternative to Cheese,Violife Greek White Block Veg…230g,£2.99,£13.00 per kg,
Violife Mozzarella 12 Flavour Slices ,Violife Mozzarella 12 Flavour Slices 160g,£2.75,£1.72 per 100g,
Violife Original Flavour Grated Vegan Alternative to Cheese,Violife Original Flavour Grated V…200g,£2.75,£13.75 per kg,
Violife Original Flavour Slices Vegan Alternative to Cheese ,Violife Original Flavour Slices Veg…200g,£2.75,£13.75 per kg,
Vitalite Dairy Free Spread,Vitalite Dairy Free Spread500g,£2,£4.00 per kg,"Offer price £2, was £2.25"
Warburtons Gluten Free Artisan White Sourdough Cob,Warburtons Gluten Free Arti…400g,£3.49,87.3p per 100g,
Warburtons Gluten Free High Protein Seeded Wraps,Warburtons Gluten Free High…,£2.59,,
Warburtons Gluten Free Multiseed Loaf,Warburtons Gluten Free Multiseed Loaf300g,£2.15,71.7p per 100g,
Warburtons Gluten Free  Soft Cinnamon & Raisin Fruity Buns,Warburtons Gluten Free  Soft Cinn…4 per pack,£2.89,72.3p each,
Warburtons Gluten Free Super Soft Sliced Square Rolls,Warburtons Gluten Free Super…4 per pack,£2.30,57.5p each,"Offer price £2.30, was £2.69"
Warburtons Gluten Free Tiger Bloomer,Warburtons Gluten Free Tiger Bloomer400g,£3.49,87.3p per 100g,
Warburtons Gluten Free White Loaf,Warburtons Gluten Free White Loaf300g,£2.15,71.7p per 100g,
Warburtons Gluten Free White Sandwich Thins,Warburtons Gluten Free White Sandwich Thins,£2.69,,
Warburtons Gluten Free White Wraps,Warburtons Gluten Free White Wraps,£2.69,,
We Love Cake Rip Roaring Raspberry Ripple Slices,We Love Cake Rip Roaring Raspberry Ripple Slices4 per pack,£1.99,49.8p each,
We Love Cake Totally Toffee Sticky Toffee Slices ,We Love Cake Totally Toffee Sticky Toffee Slices 4 per pack,£1.99,49.8p each,
Whitby Seafoods Gluten Free Scampi,Whitby Seafoods Gluten Free Scampi200g,£3.75,£1.88 per 100g,
White Rabbit Sourdough Doughballs With Garlic & Herb Dip,White Rabbit Sourdough Doughbal…12 per pack,£3.75,31.3p each,
Whole Earth Organic Corn Flakes,Whole Earth Organic Corn Flakes375g,£1.75,46.7p per 100g,
"Zest Tomato, Basil & Oregano Pasta Sauce","Zest Tomato, Basil & Oregano Pasta Sauce340g",£2.25,66.2p per 100g,
Zest Vegan Basil Pesto ,Zest Vegan Basil Pesto 165g,£2.25,£1.36 per 100g,
Zest Vegan Mushroom & Riccota Sauce,Zest Vegan Mushroom & Riccota Sauce340g,£2.50,73.5p per 100g,
Zest Vegan Red Pesto ,Zest Vegan Red Pesto 165g,£2.50,£1.52 per 100g,
Zest Vegan Tomato & Mascarpone Sauce,Zest Vegan Tomato & Mascarpone Sauce340g,£2.50,73.5p per 100g,
