name,Price Per Unit,Price Per Measure,Promotion
Actimel Strawberry & Blueberry Yogurt Drinks,Actimel Strawberr…12 x 100g,£3.25,27.1p per 100g,
Petits Filous Dairy Free Raspberry,Petits Filous Dai…4 x 95g,£2.25,59.2p per 100g,"Offer price £2.25, was £2.49"
Alpro Almond No Sugars Chilled Drink,Alpro Almond No Sug…1L,£2.10,£2.10 per litre,
Petits Filous Big Pots Strawberry & Raspberry Fromage Frais,Petits Filous Big…4 x 85g,£1.25,36.7p per 100g,"Offer price £1.25, was £1.49"
Alpro Oat No Sugars Long Life Drink,Alpro Oat No Suga…1L,£2.15,£2.15 per litre,
Alpro Oat No Sugars Chilled Drink,Alpro Oat No Suga…1L,£1.95,£1.95 per litre,
Petits Filous Big Pots Strawberry & Apricot Fromage Frais ,Petits Filous Big…4 x 85g,£1.25,36.7p per 100g,"Offer price £1.25, was £1.49"
Alpro Soya Long Life Drink,Alpro Soya Long Life Drink1L,£2.00,£2.00 per litre,
The Vegetarian Butcher Vegan Magic Mince,The Vegetarian Butche…200g,£3.00,£1.50 per 100g,
The Vegetarian Butcher Patty On The Back,The Vegetarian Butche…226g,£3.99,£1.77 per 100g,
Petits Filous No Added Sugar Strawberry & Banana Fromage Frais ,Petits Filous No Ad…6 x 47g,£1.95,69.1p per 100g,
Richmond 12 Thick Pork Sausages,Richmond 12 Thi…615g,£2.25,£3.66 per kg,"Offer price £2.25, was £3.25"
Morrisons British Whole Chicken ,Morrisons Briti…1.4kg,£4.25,£3.04 per kg,Buy 3 for £10
Morrisons Chicken Breast Fillets ,Morrisons Chicken…300g,£2.25,£7.50 per kg,
Actimel Multifruit Yogurt Drinks,Actimel Multifruit Yogurt Drinks12 x 100g,£3.25,27.1p per 100g,
Activia Rhubarb Yogurt,Activia Rhubarb Yogurt4 x 115g,£2.49,54.1p per 100g,
Activia Strawberry Red Fruit 0% Yogurt,Activia Strawberry Red Fruit 0% Yogurt8 x 115g,£3.99,43.4p per 100g,
Activia Strawberry Yellow Fruit Yogurt,Activia Strawberry Yellow Fruit Yogurt8 x 115g,£4,43.5p per 100g,
Fridge Raiders Slow Roasted Chicken Snack Bites,Fridge Raiders Slow Roast…6 x 22.5g,£2.25,£1.67 per 100g,"Offer price £2.25, was £2.79"
Frubes 9 X Strawberry Flavour,Frubes 9 X Strawberry Flavour9 x 37g,£1.50,45p per 100g,"Offer price £1.50, was £2.50"
Abra Ca Debora Buttermilk Pancakes,Abra Ca Debora Buttermilk Pancakes6 per pack,£2.40,40p each,
Actimel 0% Fat Original Yogurt Drinks,Actimel 0% Fat Original Yogurt Drinks8 x 100g,£3.49,43.6p per 100g,
Actimel 0% Fat Original Yogurt Drinks,Actimel 0% Fat Original Yogurt Drinks12 x 100g,£3.25,27.1p per 100g,
Actimel 0% Fat Raspberry Yogurt Drinks,Actimel 0% Fat Raspberry Yogurt Drinks8 x 100g,£3.75,46.9p per 100g,
Actimel 0% Fat Strawberry Yogurt Drinks,Actimel 0% Fat Strawberry Yogurt Drinks8 x 100g,£3.75,46.9p per 100g,
Actimel Blueberry Dairy Free Yogurt Drink,Actimel Blueberry Dairy Free Yogurt Drink6 x 100g,£3.49,58.2p per 100g,
Actimel Blueberry Yogurt Drinks,Actimel Blueberry Yogurt Drinks8 x 100g,£3.75,46.9p per 100g,
Actimel Coconut Yogurt Drinks,Actimel Coconut Yogurt Drinks8 per pack,£3.75,46.9p each,
Actimel Kids Peach Yogurt Drinks ,Actimel Kids Peach Yogurt Drinks 4 x 100g,£1.75,43.8p per 100g,
Actimel Kids Strawberry & Banana Yogurt Drinks,Actimel Kids Strawberry & Banana Yogurt Drinks4 x 100g,£1.75,43.8p per 100g,
Actimel Mango Passionfruit Dairy Free Yogurt Drinks,Actimel Mango Passionfruit Da…6 x 100g,£3.49,58.2p per 100g,
Actimel Multifruit Yogurt Drinks,Actimel Multifruit Yogurt Drinks12 x 100g,£3.25,27.1p per 100g,
Actimel Strawberry & Blueberry Yogurt Drinks,Actimel Strawberry & Blueberry Yogurt Drinks12 x 100g,£3.25,27.1p per 100g,
Actimel Strawberry Dairy Free Yogurt Drink,Actimel Strawberry Dairy Free Yogurt Drink6 x 100g,£3.49,58.2p per 100g,
Actimel Strawberry Yogurt Drinks,Actimel Strawberry Yogurt Drinks12 x 100g,£3.25,27.1p per 100g,
Actimel Strawberry Yogurt Drinks,Actimel Strawberry Yogurt Drinks8 x 100g,£3.75,46.9p per 100g,
Actimel Superfruits Cranberry Redcurrant Rosehip Yogurt Drinks,Actimel Superfruits Cranberry Redcu…12 x 100g,£4.50,37.5p per 100g,
"Actimel Superfruits Mango, Goji Berry & Turmeric","Actimel Superfruits Mango, Goji Berry & Turmeric8 x 100g",£3.49,43.6p per 100g,
Actimel Vanilla Yogurt Drinks,Actimel Vanilla Yogurt Drinks8 x 100g,£3.75,46.9p per 100g,
Activia Cherry 0% Fat Yogurt,Activia Cherry 0% Fat Yogurt4 x 115g,£2.49,54.1p per 100g,
Activia Fusion Blueberry Gut Health Yogurt,Activia Fusion Blueberry Gut Health Yogurt4 x 120g,£2.35,49p per 100g,
Activia Fusion Prune Yogurt,Activia Fusion Prune Yogurt4 x 120g,£2,41.7p per 100g,"Offer price £2, was £2.75"
Activia Grains & Nuts Walnut & Oats Yogurts,Activia Grains & Nuts Walnut & Oats Yogurts480g,£2,41.7p per 100g,"Offer price £2, was £2.75"
Activia Intensely Creamy Blueberry Yogurts,Activia Intensely Creamy Blueberry Yogurts4 x 110g,£2.49,56.6p per 100g,
Activia Intensely Creamy Cherry Yogurts,Activia Intensely Creamy Cherry Yogurts4 x 110g,£2.49,56.6p per 100g,
Activia Intensely Creamy Peach Yogurts,Activia Intensely Creamy Peach Yogurts4 x 110g,£2.49,56.6p per 100g,
Activia Intensely Creamy Strawberry Yogurts,Activia Intensely Creamy Strawberry Yogurts4 x 110g,£2.49,56.6p per 100g,
Activia Intensely Creamy Toffee Yogurt,Activia Intensely Creamy Toffee Yogurt4 x 110g,£2.49,56.6p per 100g,
Activia Intensely Creamy Vanilla Yogurts,Activia Intensely Creamy Vanilla Yogurts4 x 110g,£2.49,56.6p per 100g,
Activia Limited Edition Tropical Coconut,Activia Limited Edition Tropical Coconut4 x 115g,£2.49,54.1p per 100g,
Activia Low Fat Yogurt Raspberry & Chia Seed Muesli ,Activia Low Fat Yogurt Raspbe…165g,£1.85,£1.12 per 100g,Buy 3 for £2.50
Activia Peach 0% Fat Yogurt,Activia Peach 0% Fat Yogurt4 x 115g,£2.49,54.1p per 100g,
Activia Rhubarb Mixed Fruit Yogurt,Activia Rhubarb Mixed Fruit Yogurt8 x 115g,£3.99,43.4p per 100g,
Activia Rhubarb Yogurt,Activia Rhubarb Yogurt4 x 115g,£2.49,54.1p per 100g,
Activia Strawberry Mixed Fruit Yogurt,Activia Strawberry Mixed Fruit Yogurt8 x 115g,£3.99,43.4p per 100g,
Activia Strawberry Red Fruit 0% Yogurt,Activia Strawberry Red Fruit 0% Yogurt8 x 115g,£3.99,43.4p per 100g,
Activia Strawberry Yellow Fruit Yogurt,Activia Strawberry Yellow Fruit Yogurt8 x 115g,£4,43.5p per 100g,
Activia Strawberry Yogurt,Activia Strawberry Yogurt4 x 115g,£2.49,54.1p per 100g,
Activia Vanilla 0% Fat Yogurt,Activia Vanilla 0% Fat Yogurt4 x 115g,£2.49,54.1p per 100g,
Activia Vanilla Yogurt With Granola,Activia Vanilla Yogurt With Granola165g,£1.85,£1.12 per 100g,Buy 3 for £2.50
Aero Chocolate Mousse,Aero Chocolate Mousse4 x 59g,£1.99,84.3p per 100g,
Agour Ossau Iraty,Agour Ossau Iraty180g,£3.75,£20.83 per kg,
Alf Turner 1 Chilli Scotch Egg,Alf Turner 1 Chilli Scotch Egg120g,£1.80,£1.50 per 100g,
Alpro Almond Chilled Drink,Alpro Almond Chilled Drink1L,£2.10,£2.10 per litre,
Alpro Almond Long Life Drink,Alpro Almond Long Life Drink1L,£2,£2.00 per litre,
Alpro Almond No Sugars Chilled Drink,Alpro Almond No Sugars Chilled Drink1L,£2.10,£2.10 per litre,
Alpro Almond No Sugars Long Life Drink ,Alpro Almond No Sugars Long Life Drink 1L,£1.50,£1.50 per litre,"Offer price £1.50, was £2"
Alpro Barista Almond ,Alpro Barista Almond 1L,£2.30,£2.30 per litre,
Alpro Barista Oat ,Alpro Barista Oat 1L,£2.30,£2.30 per litre,
Alpro Barista Oat Chilled Drink,Alpro Barista Oat Chilled Drink750ml,£1.50,£2.00 per litre,"Offer price £1.50, was £2"
Alpro Blueberry & Cherry Yoghurt Alternative ,Alpro Blueberry & Cherry Yoghurt Alternative 4 x 125g,£1.79,35.8p per 100g,"Offer price £1.79, was £2"
Alpro Chocolate-Hazelnut Dessert ,Alpro Chocolate-Hazelnut Dessert 2 x 113g,£1.75,77.4p per 100g,
Alpro Coconut Almond Chilled Drink,Alpro Coconut Almond Chilled Drink1L,£2.10,£2.10 per litre,
Alpro Coconut Chilled Drink,Alpro Coconut Chilled Drink1L,£2.10,£2.10 per litre,
Alpro Coconut Long Life Drink ,Alpro Coconut Long Life Drink 1L,£1.50,£1.50 per litre,"Offer price £1.50, was £2"
Alpro Coconut No Sugars Chilled Drink,Alpro Coconut No Sugars Chilled Drink1L,£2.10,£2.10 per litre,
Alpro Coconut No Sugars Long Life Drink,Alpro Coconut No Sugars Long Life Drink1L,£2,£2.00 per litre,
Alpro Dark Chocolate Dessert,Alpro Dark Chocolate Dessert4 x 125g,£2,40p per 100g,
Alpro Double Chocolate Almond Mousse & Ganache ,Alpro Double Chocolate Al…2 x 70g,£2.20,£1.57 per 100g,
Alpro Greek Style Plain Yoghurt Alternative ,Alpro Greek Style Plain Yoghurt Alternative 400g,£1.95,48.8p per 100g,
Alpro Growing Up Oat Drink 1 - 3 Years+ ,Alpro Growing Up Oat Drink 1 - 3 Years+ 1L,£1.50,£1.50 per litre,"Offer price £1.50, was £2"
Alpro Hazelnut Chilled Drink,Alpro Hazelnut Chilled Drink1L,£2.10,£2.10 per litre,
Alpro Hazelnut Long Life Drink,Alpro Hazelnut Long Life Drink1L,£1.50,£1.50 per litre,"Offer price £1.50, was £2.05"
Alpro More Fruit No Added Sugars Mango Yoghurt Alternative ,Alpro More Fruit No Added Sugars…400g,£1.85,46.3p per 100g,
Alpro My Cuppa Soya Chilled Drink ,Alpro My Cuppa Soya Chilled Drink 750ml,£1.50,£2.00 per litre,"Offer price £1.50, was £1.85"
Alpro Oat Chilled Drink,Alpro Oat Chilled Drink1L,£1.95,£1.95 per litre,
Alpro Oat Long Life Drink,Alpro Oat Long Life Drink1L,£1.50,£1.50 per litre,"Offer price £1.50, was £2.10"
Alpro Oat No Sugars Chilled Drink,Alpro Oat No Sugars Chilled Drink1L,£1.95,£1.95 per litre,
Alpro Oat No Sugars Long Life Drink,Alpro Oat No Sugars Long Life Drink1L,£2.15,£2.15 per litre,
Alpro Plain No Sugars Yoghurt Alternative ,Alpro Plain No Sugars Yoghurt Alternative 500g,£1.95,39p per 100g,
Alpro Plain with Coconut Yoghurt Alternative ,Alpro Plain with Coconut Yoghurt Alternative 500g,£1.95,39p per 100g,
Alpro Plain Yoghurt Alternative ,Alpro Plain Yoghurt Alternative 500g,£1.95,39p per 100g,
Alpro Rice Long Life Drink,Alpro Rice Long Life Drink1L,£1.95,£1.95 per litre,
Alpro Soya Chilled Alternative to Single Cream,Alpro Soya Chilled Altern…250ml,£1.40,56p per 100ml,
Alpro Soya Chilled Drink,Alpro Soya Chilled Drink1L,£1.95,£1.95 per litre,
Alpro Soya Chocolate Chilled Drink,Alpro Soya Chocolate Chilled Drink1L,£2.05,£2.05 per litre,
Alpro Soya Chocolate Long Life Drink,Alpro Soya Chocolate Long Life Drink1L,£2,£2.00 per litre,
Alpro Soya Growing Up Long Life Drink,Alpro Soya Growing Up Long Life Drink1L,£1.95,£1.95 per litre,
Alpro Soya High Protein Chocolate Long Life Drink,Alpro Soya High Protein Chocolate Long Life Drink1L,£2.30,£2.30 per litre,
Alpro Soya High Protein Long Life Drink,Alpro Soya High Protein Long Life Drink1L,£2.30,£2.30 per litre,
Alpro Soya Light Chilled Drink,Alpro Soya Light Chilled Drink1L,£1.95,£1.95 per litre,
Alpro Soya Light Long Life Drink,Alpro Soya Light Long Life Drink1L,£1.89,£1.89 per litre,
Alpro Soya Long Life Drink,Alpro Soya Long Life Drink1L,£2,£2.00 per litre,
Alpro Soya No Sugars Chilled Drink,Alpro Soya No Sugars Chilled Drink1L,£1.95,£1.95 per litre,
Alpro Soya Strawberry Long Life Drink,Alpro Soya Strawberry Long Life Drink3 x 250ml,£1.95,£2.60 per litre,
Alpro Soya Unsweetened Long Life Drink,Alpro Soya Unsweetened Long Life Drink1L,£1.50,£1.50 per litre,"Offer price £1.50, was £2"
Alpro Strawberry-Banana & Peach-Pear Yoghurt Alternative ,Alpro Strawberry-Banana & Peach-P…4 x 125g,£1.79,35.8p per 100g,"Offer price £1.79, was £2"
Alpro Strawberry Yoghurt Alternative ,Alpro Strawberry Yoghurt Alternative 500g,£1.95,39p per 100g,
Alpro This Is Not Milk Semi,Alpro This Is Not Milk Semi1L,£2,£2.00 per litre,
Alpro This Is Not Milk Whole,Alpro This Is Not Milk Whole1L,£2,£2.00 per litre,
Alpro Vanilla Custard,Alpro Vanilla Custard525g,£1.40,26.7p per 100g,
Alpro Vanilla Yoghurt Alternative ,Alpro Vanilla Yoghurt Alternative 500g,£1.95,39p per 100g,
Alpro Velvet Vanilla Dessert,Alpro Velvet Vanilla Dessert4 x 125g,£2,40p per 100g,
Ambrosia Belgian Chocolate Mousse Pots,Ambrosia Belgian Chocolate Mousse Pots2 x 60g,£1.60,£1.33 per 100g,
Ambrosia Dessert Pot Chocolate & Salted Caramel,Ambrosia Dessert Pot Choc…220g,£1,45.5p per 100g,
Anchor Block Butter,Anchor Block Butter250g,£2.49,£9.96 per kg,
Anchor Lighter Spreadable,Anchor Lighter Spreadable500g,£4.75,£9.50 per kg,
Anchor Spreadable,Anchor Spreadable250g,£2.75,£11.00 per kg,
Anchor Spreadable,Anchor Spreadable500g,£4.75,95p per 100g,
Anchor Spreadable Big Pack ,Anchor Spreadable Big Pack 750g,£5.25,70p per 100g,"Offer price £5.25, was £6.75"
Anchor Unsalted Block Butter,Anchor Unsalted Block Butter250g,£2.49,£9.96 per kg,
Angel Delight Butterscotch & Chocolate Pot ,Angel Delight Buttersco…100g,75p,75p per 100g,"Offer price 75p, was £1"
Angel Delight Butterscotch Pot ,Angel Delight Butterscotch Pot 4 x 70g,£2.99,£1.07 per 100g,
Angel Delight Chocolate & Salted Caramel Pot,Angel Delight Chocolate & Salted Caramel Pot100g,75p,75p per 100g,"Offer price 75p, was £1"
Angel Delight Strawberry Pot ,Angel Delight Strawberry Pot 4 x 65g,£2.99,£1.15 per 100g,
Apetina Paneer Cheese,Apetina Paneer Cheese225g,£1.99,£8.84 per kg,
Applewood Cheese Slices,Applewood Cheese Slices160g,£2.40,£15.00 per kg,
Applewood Smoked Cheddar    ,Applewood Smoked Cheddar    5 x 15g,£1.49,£19.87 per kg,
Applewood Smoke Flavoured Cheddar,Applewood Smoke Flavoured Cheddar200g,£2.25,£11.25 per kg,
Arctic Cafe Latte,Arctic Cafe Latte330ml,£1,£3.03 per litre,"Offer price £1, was £1.15"
Arctic Coffee Caramel Latte,Arctic Coffee Caramel Latte330ml,£1,£3.03 per litre,"Offer price £1, was £1.15"
Arctic Coffee Intenso,Arctic Coffee Intenso1L,£2.19,21.9p per 100ml,
Arctic Coffee Skinny Latte,Arctic Coffee Skinny Latte330ml,£1,£3.03 per litre,"Offer price £1, was £1.15"
Arctic Coffee White Chocolate,Arctic Coffee White Chocolate330ml,£1,£3.03 per litre,"Offer price £1, was £1.15"
Arla Best of Both Milk,Arla Best of Both Milk2L,£2.69,£1.35 per litre,Buy 2 for £4
Arla Big Whole Milk,Arla Big Whole Milk2L,£2.69,£1.35 per litre,Buy 2 for £4
Arla B.O.B Semi Skimmed Milk,Arla B.O.B Semi Skimmed Milk2L,£2,£1.00 per litre,
Arla Lactofree Blueberry Yogurt,Arla Lactofree Blueberry Yogurt150g,£1.15,76.7p per 100g,
Arla Lactofree Mango Yogurt,Arla Lactofree Mango Yogurt150g,£1.15,76.7p per 100g,
Arla Lactofree Vanilla Yogurt,Arla Lactofree Vanilla Yogurt150g,£1.15,76.7p per 100g,
Arla Protein Blueberry Yogurt ,Arla Protein Blueberry Yogurt 200g,£1.45,72.5p per 100g,Buy 4 for £3
Arla Protein Chocolate Pudding,Arla Protein Chocolate Pudding200g,£1,50p per 100g,"Offer price £1, was £1.75"
Arla Protein Salted Caramel Pudding,Arla Protein Salted Caramel Pudding200g,£1,50p per 100g,"Offer price £1, was £1.75"
Arla Protein Strawberry Yogurt,Arla Protein Strawberry Yogurt200g,£1.45,72.5p per 100g,Buy 4 for £3
Arla Protein Yogurt Mango,Arla Protein Yogurt Mango200g,£1.45,72.5p per 100g,
Arla Protein Yogurt Strawberry,Arla Protein Yogurt Strawberry200g,£1.45,72.5p per 100g,
Arla Skyr Creamy 5% Fat Natural Yogurt ,Arla Skyr Creamy 5% Fat Natural Yogurt 450g,£1.99,44.2p per 100g,Buy 2 for £2.50
Arla skyr Fat Free Natural Yogurt,Arla skyr Fat Free Natural Yogurt450g,£2.09,46.4p per 100g,Buy 2 for £2.50
Arla skyr Fat Free Strawberry Yogurt,Arla skyr Fat Free Strawberry Yogurt450g,£2.09,46.4p per 100g,Buy 2 for £2.50
Arla Skyr Icelandic Style Yogurt Mixed With Vanilla,Arla Skyr Icelandic Style Yogurt Mixed With Vanilla450g,£2.09,46.4p per 100g,Buy 2 for £2.50
Attack A Snak Chicken And Cheese BBQ Wrap Kit,Attack A Snak Chicken And Cheese BBQ Wrap Kit86g,£1.49,£1.73 per 100g,
Attack A Snak Chicken And Cheese Wrap Kit,Attack A Snak Chicken And Cheese Wrap Kit86g,£1.49,£1.73 per 100g,
Attack A Snak Ham And Cheese Wrap Kit,Attack A Snak Ham And Cheese Wrap Kit86g,£1.49,£1.73 per 100g,
Attack A Snak Pepperoni And Cheese Wrap Kit,Attack A Snak Pepperoni And Cheese Wrap Kit83g,£1.49,£1.80 per 100g,
Avalade Rose Lemonade,Avalade Rose Lemonade250ml,£1,40p per 100ml,
Avalade Sparkling Apple Juice,Avalade Sparkling Apple Juice250ml,£1,40p per 100ml,
Belton Farm Red Leicester ,Belton Farm Red Leicester 200g,£2.99,£1.50 per 100g,
Benecol Blueberry Smooth Yogurt Drinks,Benecol Blueberry Smooth Yogurt Drinks6 x 67.5g,£3.70,91.4p per 100g,"Offer price £3.70, was £4.29"
Benecol Original No Added Sugar Yogurt Drink,Benecol Original No Added Sugar Yogurt Drink6 x 67.5g,£3.70,91.4p per 100g,"Offer price £3.70, was £4.29"
Benecol Peach & Apricot No Added Sugar Yogurt Drink,Benecol Peach & Apricot No Ad…6 x 67.5g,£3.70,91.4p per 100g,"Offer price £3.70, was £4.29"
Benecol Raspberry & Peach Yogurts ,Benecol Raspberry & Peach Yogurts 4 x 120g,£3,62.5p per 100g,Buy 2 for £4.50
Benecol Raspberry No Added Sugar Yogurt Drink ,Benecol Raspberry No Added Sugar Yogurt Drink 6 x 67.5g,£3.70,91.4p per 100g,"Offer price £3.70, was £4.29"
Benecol Strawberry Yogurt Drink,Benecol Strawberry Yogurt Drink6 x 67.5g,£3.70,91.4p per 100g,"Offer price £3.70, was £4.29"
Bernard Matthews Chicken Breast Chunks,Bernard Matthews Chicken Breast Chunks80g,£1.19,£1.49 per 100g,
Bernard Matthews Chicken Breast Slices,Bernard Matthews Chicken Breast Slices80g,£1.50,£1.88 per 100g,
Bernard Matthews Farms Turkey Breast Roast,Bernard Matthews Farms Turkey Breast Roast450g,£2.75,£6.11 per kg,
Bernard Matthews Turkey Breast Chunks,Bernard Matthews Turkey Breast Chunks80g,£1.19,£1.49 per 100g,
Bernard Matthews Turkey Breast Slices,Bernard Matthews Turkey Breast Slices80g,£1.50,£1.88 per 100g,
Bernard Matthews Wafer Thin Turkey Ham,Bernard Matthews Wafer Thin Turkey Ham100g,£1.50,£1.50 per 100g,
Bertolli Olive Oil Light Spread,Bertolli Olive Oil Light Spread450g,£2.50,£5.55 per kg,"Offer price £2.50, was £2.85"
 Bertolli Olive Oil Spread, Bertolli Olive Oil Spread450g,£2.50,£5.55 per kg,"Offer price £2.50, was £2.85"
Bertolli Spread,Bertolli Spread250g,£1.50,60p per 100g,
Big n Free Large Free Range Eggs 10 pack,Big n Free Large Free Range Eggs 10 pack10 per pack,£2.79,27.9p each,
Billy Bear Pork Sausage Cured and Cooked Slices,Billy Bear Pork Sausage Cured and Cooked Slices100g,£1.29,£1.29 per 100g,
Billy Bear Slices,Billy Bear Slices90g,£1.29,£1.43 per 100g,
Biotiful Kefir Cultured Dairy Drink Vanilla ,Biotiful Kefir Cultured Dairy Drink Vanilla 500ml,£2.59,51.8p per 100ml,
Biotiful Kefir Mango,Biotiful Kefir Mango500ml,£2.59,51.8p per 100ml,
Biotiful Kefir Original,Biotiful Kefir Original500ml,£2.59,51.8p per 100ml,
Biotiful Kefir Original,Biotiful Kefir Original1L,£2.75,27.5p per 100ml,
Biotiful Kefir Strawberry,Biotiful Kefir Strawberry500ml,£2.59,51.8p per 100ml,
Biotiful Kefir Strawberry,Biotiful Kefir Strawberry1L,£3.50,£3.50 per litre,
Biotiful Kefir Yogurt Original,Biotiful Kefir Yogurt Original350g,£1.25,35.7p per 100g,
Biotiful Kefir Yogurt Rubie Raspberry,Biotiful Kefir Yogurt Rubie Raspberry350g,£1.25,35.7p per 100g,
Bol One Pot Meal Creamy Coconut Turmeric Daal ,Bol One Pot Meal Creamy Coconut Turmeric Daal 450g,£3.25,£7.22 per kg,Buy 2 for £5
Bol One Pot Meal Spanish Smoky Butter Bean Stew,Bol One Pot Meal Spanish Smoky Butter Bean Stew450g,£3.25,72.2p per 100g,Buy 2 for £5
Bol Sweet Potato Katsu Curry One Pot Meal,Bol Sweet Potato Katsu Curry One Pot Meal450g,£3.25,72.2p per 100g,Buy 2 for £5
Bonne Maman Baba Au Rum,Bonne Maman Baba Au Rum2 x 140g,£2.90,£1.04 per 100g,
Bonne Maman Cherry And Chocolate Mousse,Bonne Maman Cherry And Chocolate Mousse2 x 95g,£2.59,£1.36 per 100g,
Bonne Maman Chocolate Mousse,Bonne Maman Chocolate Mousse2 x 70g,£2.19,£1.56 per 100g,
Bonne Maman Clementine Mousse,Bonne Maman Clementine Mousse2 x 70g,£2.19,£1.56 per 100g,
Bonne Maman Creme Brulee,Bonne Maman Creme Brulee2 x 100g,£2.60,£1.30 per 100g,
Bonne Maman Creme Caramel,Bonne Maman Creme Caramel4 x 100g,£2.90,72.5p per 100g,
Bonne Maman Pear And Chocolate Mousse,Bonne Maman Pear And Chocolate Mousse2 x 95g,£2.59,£1.36 per 100g,
Bonne Maman Salted Caramel Creme ,Bonne Maman Salted Caramel Creme 2 x 90g,£2.19,£1.22 per 100g,
Bonne Maman Strawberry Mousse,Bonne Maman Strawberry Mousse2 x 70g,£2.19,£1.56 per 100g,
Boursin Cheese with Garlic & Herbs,Boursin Cheese with Garlic & Herbs150g,£2,£13.34 per kg,"Offer price £2, was £2.95"
Boursin Garlic & Herbs,Boursin Garlic & Herbs6 x 16g,£2.25,£23.44 per kg,
Buxton Still Water Sports Cap,Buxton Still Water Sports Cap1L,95p,95p per litre,Food To Go Meal Deal for £3.50
Cadbury Buttons Dessert,Cadbury Buttons Dessert75g,99p,£1.32 per 100g,
Cadbury Dairy Milk Pots Of Joy Caramel Chocolate,Cadbury Dairy Milk Pots Of Joy Caramel Chocolate4 x 60g,£2.50,£1.04 per 100g,Buy 2 for £3.50
Cadbury Dairy Milk Pots Of Joy Chocolate,Cadbury Dairy Milk Pots Of Joy Chocolate4 x 60g,£2.50,£1.04 per 100g,Buy 2 for £3.50
Cadbury Dairy Milk Pots of Joy Limited Edition,Cadbury Dairy Milk Pots of Joy Limited Edition4 x 60g,£2.50,£1.04 per 100g,Buy 2 for £3.50
Cadbury Flake Dessert,Cadbury Flake Dessert75g,99p,£1.32 per 100g,
Cadbury Layers of Joy Chocolate Trifle,Cadbury Layers of Joy Chocolate Trifle2 x 90g,£1.75,97.2p per 100g,
Cadbury Limited Edition Dessert,Cadbury Limited Edition Dessert75g,99p,£1.32 per 100g,
Cadbury Pots of Joy Chocolate Orange ,Cadbury Pots of Joy Chocolate Orange 350g,£3,85.7p per 100g,
Cadbury Pots of Joy Dairy Milk,Cadbury Pots of Joy Dairy Milk350g,£3,85.7p per 100g,
Cadbury Twin Pots Daim,Cadbury Twin Pots Daim75g,99p,£1.32 per 100g,
Cadbury Wispa Chocolate Mousse,Cadbury Wispa Chocolate Mousse4 x 45g,£1.85,£1.03 per 100g,Buy 2 for £3.50
Califia Farms Cold Brew Caramel Oat Coffee,Califia Farms Cold Brew Caramel Oat Coffee,£2.95,,
Califia Farms Mocha Cold Brew Coffee With Almond,Califia Farms Mocha Cold Brew Coffee With Almond750ml,£2.95,39.3p per 100ml,
Califia Farms Oat Barista Chilled,Califia Farms Oat Barista Chilled1L,£1.50,15p per 100ml,"Offer price £1.50, was £2"
Califia Farms Oat Milk Barista Blend,Califia Farms Oat Milk Barista Blend1L,£2.09,£2.09 per litre,
Campina Minions Cheese Bites ,Campina Minions Cheese Bites 5 x 20g,£1.60,£16.00 per kg,
Capricorn Goats Cheese ,Capricorn Goats Cheese 100g,£2,£20.00 per kg,
Castello Creamy Blue ,Castello Creamy Blue 150g,£2.50,£16.67 per kg,"Offer price £2.50, was £2.79"
Castello Danish Blue,Castello Danish Blue150g,£2.50,£16.67 per kg,"Offer price £2.50, was £2.79"
Castello Extra Creamy Brie ,Castello Extra Creamy Brie 200g,£2.50,£12.50 per kg,"Offer price £2.50, was £2.79"
Castello Taste Hawaii Pineapple & Almond Cream Cheese Ring,Castello Taste Hawaii Pineapple &…125g,£1.75,£14.00 per kg,"Offer price £1.75, was £2.29"
Castle Maclellan Oven Roasted Mushroom Pate,Castle Maclellan Oven Roasted Mushroom Pate100g,£1.75,£1.75 per 100g,
Castle Maclellan Smoked Salmon Pate,Castle Maclellan Smoked Salmon Pate100g,£1.75,£1.75 per 100g,
Cathedral City 6 Slices Lighter Cheese,Cathedral City 6 Slices Lighter Cheese150g,£2.39,£15.93 per kg,Buy 2 for £4
Cathedral City 6 Slices Mature Cheese,Cathedral City 6 Slices Mature Cheese150g,£2.39,£15.93 per kg,Buy 2 for £4
Cathedral City Dairy Free,Cathedral City Dairy Free280g,£3.59,£1.28 per 100g,
Cathedral City Dairy Free Grated,Cathedral City Dairy Free Grated150g,£2.49,£1.66 per 100g,
Cathedral City Dairy Free Sliced,Cathedral City Dairy Free Sliced150g,£2.49,£1.66 per 100g,
Cathedral City Extra Mature Cheese,Cathedral City Extra Mature Cheese350g,£3.99,£11.40 per kg,
Cathedral City Extra Mature Cheese,Cathedral City Extra Mature Cheese550g,£4.50,£8.18 per kg,
Cathedral City Grated Lighter Cheese,Cathedral City Grated Lighter Cheese180g,£2.39,£13.28 per kg,Buy 2 for £4
Cathedral City Grated Mature Cheese,Cathedral City Grated Mature Cheese180g,£2.39,£13.28 per kg,Buy 2 for £4
Cathedral City Kids Snack Nibbles Mild Lighter Cheese,Cathedral City Kids Snack Nib…5 x 16g,£1.99,£24.88 per kg,
Cathedral City Lactose Free Mature Cheddar Cheese ,Cathedral City Lactose Free…200g,£2.25,£11.25 per kg,"Offer price £2.25, was £2.65"
Cathedral City Lighter Cheese,Cathedral City Lighter Cheese550g,£4.50,£8.18 per kg,
Cathedral City Lighter Extra Mature,Cathedral City Lighter Extra Mature350g,£3.99,£1.14 per 100g,
Cathedral City Lighter Mature Cheese,Cathedral City Lighter Mature Cheese350g,£3.99,£11.40 per kg,
Cathedral City Mature Cheese,Cathedral City Mature Cheese350g,£3.99,£11.40 per kg,
Cathedral City Mature Cheese,Cathedral City Mature Cheese550g,£4.50,£8.18 per kg,
Cathedral City Mild Cheese,Cathedral City Mild Cheese350g,£3.99,£11.40 per kg,
Cathedral City Mini Mature Cheeses,Cathedral City Mini Mature Cheeses6 x 20g,£1.99,£16.58 per kg,
Cathedral City Minis Lighter Cheeses,Cathedral City Minis Lighter Cheeses6 x 20g,£1.99,£16.58 per kg,
Cathedral City Vintage Cheese,Cathedral City Vintage Cheese300g,£3.99,£13.30 per kg,
Cauldron Falafel Bites With Harissa Centre ,Cauldron Falafel Bites With Harissa Centre 300g,£3.75,£12.50 per kg,
Cauldron Vegan Lincolnshire Sausages,Cauldron Vegan Lincolnshire Sausages276g,£2.75,99.6p per 100g,
Cauldron Vegan Middle Eastern Falafels,Cauldron Vegan Middle Eastern Falafels200g,£2.49,£12.45 per kg,
Cauldron Vegan Organic Marinated Tofu,Cauldron Vegan Organic Marinated Tofu160g,£2.75,£17.19 per kg,
Cauldron Vegan Organic Tofu,Cauldron Vegan Organic Tofu396g,£2.75,£6.94 per kg,
Cawston Press Terrific Tomato,Cawston Press Terrific Tomato1L,£2.90,£2.90 per litre,
Charlie Bigham's Chicken Jalfrezi & Pilau Rice,Charlie Bigham's Chicken Jalfrezi & Pilau Rice845g,£9.49,£1.12 per 100g,
Charlie Bighams Chicken Tikka Masala,Charlie Bighams Chicken Tikka Masala805g,£9.49,£1.18 per 100g,
Charlie Bigham's Chilli Con Carne & Mexican Rice,Charlie Bigham's Chilli Con Carne & Mexican Rice840g,£9.49,£11.30 per kg,
Charlie Bighams Fish Pie,Charlie Bighams Fish Pie340g,£5.99,£1.76 per 100g,
Charlie Bigham's Fish Pie,Charlie Bigham's Fish Pie655g,£9.49,£1.45 per 100g,
Charlie Bighams Lasagne,Charlie Bighams Lasagne355g,£5.99,£1.69 per 100g,
Charlie Bighams Lasagne,Charlie Bighams Lasagne690g,£8.95,£1.30 per 100g,
Charlie Bighams Macaroni Cheese,Charlie Bighams Macaroni Cheese340g,£5.99,£1.76 per 100g,
Charlie Bigham's Macaroni Cheese,Charlie Bigham's Macaroni Cheese670g,£9.49,£1.42 per 100g,
Charlie Bigham's Meatballs Al Forno,Charlie Bigham's Meatballs Al Forno650g,£9.49,£14.60 per kg,
Charlie Bigham's Spanish Chicken & Potato,Charlie Bigham's Spanish Chicken & Potato775g,£9.49,£1.22 per 100g,
Charlie Bigham's Thai Green Chicken Curry with Rice,Charlie Bigham's Thai Green C…805g,£9.49,£1.18 per 100g,
Charlie Bighams Thai Red Chicken Curry,Charlie Bighams Thai Red Chicken Curry835g,£9.49,£1.14 per 100g,
Chocomel ,Chocomel 250ml,£1.70,£6.80 per litre,
Chocomel Chocolate Milk ,Chocomel Chocolate Milk 1L,£2.25,£2.25 per litre,"Offer price £2.25, was £2.99"
Chovi Allioli Garlic Dip,Chovi Allioli Garlic Dip180ml,£1.50,83.3p per 100ml,
Chuckle Large Free Range Eggs For Farmers,Chuckle Large Free Range Eggs For Farmers12 per pack,£2.99,24.9p each,
Clarence Court Assorted Cotswold Legbar Eggs 6 pack,Clarence Court Assorted Cotsw…6 per pack,£2.69,44.8p each,
Clarence Court Braddock Whites Free Range Duck Eggs 6 pack,Clarence Court Braddock Whites Fr…6 per pack,£3,50p each,
Clarence Court Burford Browns Free range Eggs 10 pack ,Clarence Court Burford Browns F…10 per pack,£4.50,45p each,
Clarence Court Burford Browns Large Free Range Eggs 6 pack,Clarence Court Burford Browns Lar…6 per pack,£3.50,58.3p each,
Clover Light Spread,Clover Light Spread500g,£1.80,£3.60 per kg,"Offer price £1.80, was £2.39"
Clover Spread,Clover Spread500g,£1.80,£3.60 per kg,"Offer price £1.80, was £2.39"
Clover Spread,Clover Spread1kg,£3.99,£3.99 per kg,
Coco Cabana Pure Coconut Water,Coco Cabana Pure Coconut Water1L,£2,20p per 100ml,
Collective Peach & Apricot Suckies Yogurt Pouches,Collective Peach & Apricot Suckies Yogurt Pouches6 x 90g,£3.89,72p per 100g,
Copella Apple & Elderflower Juice ,Copella Apple & Elderflower Juice 1.35L,£3.75,27.8p per 100ml,
Copella Cloudy Apple Juice,Copella Cloudy Apple Juice1.35L,£3.75,27.8p per 100ml,
Country Life British  Lighter Spreadable,Country Life British  Lighter Spreadable500g,£3.49,£6.98 per kg,
Country Life British Salted Butter,Country Life British Salted Butter250g,£2,£8.00 per kg,
Country Life British Spreadable,Country Life British Spreadable500g,£3.49,£6.98 per kg,
Country Life British Spreadable ,Country Life British Spreadable 750g,£4.99,£6.65 per kg,
Country Life Unsalted British Butter,Country Life Unsalted British Butter250g,£2,£8.00 per kg,"Offer price £2, was £2.49"
Covent Garden Carrot And Coriander,Covent Garden Carrot And Coriander560g,£2.20,39.3p per 100g,
Covent Garden Clas/Chicken,Covent Garden Clas/Chicken560g,£2.20,39.3p per 100g,
Covent Garden Lentil And Bacon,Covent Garden Lentil And Bacon560g,£2.20,39.3p per 100g,
Covent Garden Potato & Leek Soup,Covent Garden Potato & Leek Soup560g,£2.20,£3.93 per kg,
Covent Garden Spinach  & Butternut Squash Soup,Covent Garden Spinach  & Butternut Squash Soup560g,£2.20,£3.93 per kg,
Covent Garden Tomato And Basil Soup,Covent Garden Tomato And Basil Soup560g,£2.20,39.3p per 100g,
Covent Garden Vegetable ,Covent Garden Vegetable 560g,£2.20,39.3p per 100g,
Cravendale Semi Skimmed Milk,Cravendale Semi Skimmed Milk2L,£2.69,£1.35 per litre,Buy 2 for £4
Cravendale Semi Skimmed Milk,Cravendale Semi Skimmed Milk1L,£1.99,£1.99 per litre,
Cravendale Skimmed Milk,Cravendale Skimmed Milk2L,£2.69,£1.35 per litre,Buy 2 for £4
Cravendale Whole Milk,Cravendale Whole Milk2L,£2.69,£1.35 per litre,Buy 2 for £4
Cravendale Whole Milk,Cravendale Whole Milk1L,£1.99,£1.99 per litre,
Crisp 'N' Dry Solid White Vegetable  Oil,Crisp 'N' Dry Solid White Vegetable  Oil250g,£1.39,£5.56 per kg,
Crosta & Mollica Buffalo Mozzarella & Tomato Mini Pizza,Crosta & Mollica Buffalo Mozzar…154g,£2.30,£14.94 per kg,
Crosta & Mollica Ready To Top Pizza Base With Tomato Sauce,Crosta & Mollica Ready To Top Piz…270g,£2.35,£8.70 per kg,
Crosta & Mollica Spianata Salami  Tomato & Mozzarella Mini Pizza,Crosta & Mollica Spianata Salami  Tom…160g,£2.30,£14.38 per kg,
Crusha Strawberry No Added Sugar Milkshake Mix,Crusha Strawberry No Adde…500ml,£1.79,35.8p per 100ml,
Cully & Sully Chicken And Vegetable Soup ,Cully & Sully Chicken And Vegetable Soup 400g,£1.99,49.8p per 100g,
Cully & Sully Creamy Tomato & Basil Soup ,Cully & Sully Creamy Tomato & Basil Soup 400g,£1.99,49.8p per 100g,
Cully & Sully Smoked Salmon & Haddock Chowder,Cully & Sully Smoked Salm…400g,£1.99,49.8p per 100g,
Cypriot Halloumi,Cypriot Halloumi200g,£2.69,£1.35 per 100g,
Daim Cheesecakes,Daim Cheesecakes2 x 85g,£3.30,£1.94 per 100g,
Dairylea Cheese 16 Triangles,Dairylea Cheese 16 Triangles250g,£2.69,£10.76 per kg,
Dairylea Cheese 8 Triangles ,Dairylea Cheese 8 Triangles 125g,£1.25,£10.00 per kg,"Offer price £1.25, was £1.65"
Dairylea Cheese Spread,Dairylea Cheese Spread270g,£2.15,£7.96 per kg,
Dairylea Dunkers Bbq Cheese Snack,Dairylea Dunkers Bbq Cheese Snack4 x 41g,£1.75,£10.67 per kg,
Dairylea Dunkers Breadsticks Cheese Snack,Dairylea Dunkers Breadsticks Cheese Snack4 x 43g,£1.75,£10.17 per kg,
Dairylea Dunkers Jumbo Tubes Cheese Snack,Dairylea Dunkers Jumbo Tubes Cheese Snack4 x 41g,£1.75,£10.67 per kg,
Dairylea Dunkers Jumbo Tubes Cheese Snack,Dairylea Dunkers Jumbo Tubes Cheese Snack6 x 41g,£3.29,£13.37 per kg,
Dairylea Dunkers Nachos Cheese Snack,Dairylea Dunkers Nachos Cheese Snack4 x 43g,£1.75,£10.17 per kg,
Dairylea Dunkers Nachos Cheese Snack,Dairylea Dunkers Nachos Cheese Snack6 x 43g,£3.29,£12.75 per kg,
Dairylea Dunkers Ritz Cheese Snack,Dairylea Dunkers Ritz Cheese Snack4 x 43g,£1.75,£10.17 per kg,
Dairylea Dunkers Ritz Cheese Snack,Dairylea Dunkers Ritz Cheese Snack6 x 43g,£3.29,£12.75 per kg,
Dairylea Filled Crackers,Dairylea Filled Crackers5 x 19.28g,£2.29,£2.38 per 100g,
Dairylea Light Cheese 8 Triangles ,Dairylea Light Cheese 8 Triangles 125g,£1.25,£10.00 per kg,"Offer price £1.25, was £1.65"
Dairylea Lunchables Chicken 'N' Cheese,Dairylea Lunchables Chicken 'N' Cheese68.3g,£1.25,£18.30 per kg,
Dairylea Lunchables Ham 'N' Cheese,Dairylea Lunchables Ham 'N' Cheese74.1g,£1.25,£16.87 per kg,
Dairylea Slices 18's Regular,Dairylea Slices 18's Regular369g,£2.79,75.6p per 100g,
Dairylea Slices 8's Light,Dairylea Slices 8's Light164g,£1.25,76.3p per 100g,"Offer price £1.25, was £1.49"
Dairylea Slices 8's Regular,Dairylea Slices 8's Regular164g,£1.25,76.3p per 100g,"Offer price £1.25, was £1.49"
Dairylea Snackers With Cadbury Dairy Milk Giant Buttons,Dairylea Snackers With Cadbury…64.2g,£1.25,£19.47 per kg,
Dairylea Snackers With Cadbury Mini Fingers,Dairylea Snackers With Cadbury Mini Fingers67.5g,£1.25,£18.52 per kg,
Dairylea Snackers With Mini Oreos,Dairylea Snackers With Mini Oreos66.1g,£1.25,£18.91 per kg,
Dairylea Spread Regular,Dairylea Spread Regular145g,£1.25,86.4p per 100g,"Offer price £1.25, was £1.65"
Dairylea Strip Cheese ,Dairylea Strip Cheese 8 x 21g,£2.25,£13.39 per kg,
Davidstow Classic Cornish Mature Cheese,Davidstow Classic Cornish Mature Cheese350g,£3.75,£10.71 per kg,"Offer price £3.75, was £4.39"
Davidstow Crackler Cornish Extra Mature Cheese,Davidstow Crackler Cornis…320g,£3.75,£11.72 per kg,"Offer price £3.75, was £4.39"
Delamere Dairy Sterilised Semi Skimmed Milk,Delamere Dairy Sterilised Semi Skimmed Milk1L,£1.19,£1.19 per litre,
Delamere Dairy Sterilised Skimmed Milk,Delamere Dairy Sterilised Skimmed Milk1L,£1.19,£1.19 per litre,
Delamere Dairy Sterilised Whole Milk,Delamere Dairy Sterilised Whole Milk1L,£1.19,£1.19 per litre,
Delamere Goats Butter,Delamere Goats Butter250g,£2,£8.00 per kg,
Delamere Plain Goat's Yogurt,Delamere Plain Goat's Yogurt450g,£2,44.4p per 100g,
Deli Italia Ricotta & Spinach Tortelloni Gluten Free,Deli Italia Ricotta & Spinach…250g,£3.90,£15.60 per kg,
Del Monte Mango Chunks,Del Monte Mango Chunks90g,£1.25,£1.39 per 100g,Food To Go Meal Deal for £3.50
Del Monte Melon & Grape,Del Monte Melon & Grape110g,£1.25,£1.14 per 100g,Food To Go Meal Deal for £3.50
Del Monte Pineapple Chunks,Del Monte Pineapple Chunks110g,£1.25,£1.14 per 100g,Food To Go Meal Deal for £3.50
Dessert Company Chocolate Eclairs,Dessert Company Chocolate Eclairs2 per pack,£2,£1.00 each,
Dessert Company Strawberry Eclairs,Dessert Company Strawberry Eclairs2 per pack,£2,£1.00 each,
Dickinson & Morris Mini 4 Pork Pies ,Dickinson & Morris Mini 4 Pork Pies 200g,£2.99,£1.50 per 100g,
Diet Coke,Diet Coke330ml,95p,28.8p per 100ml,Food To Go Meal Deal for £3.50
Don Simon Lemon & Raspberry Juice Drink,Don Simon Lemon & Raspberry Juice Drink1.5L,£1.25,8.3p per 100ml,
Don Simon Mango & Passion Fruit,Don Simon Mango & Passion Fruit1.5L,£1.25,83.3p per litre,
Don Simon Pineapple & Coconut,Don Simon Pineapple & Coconut1.5L,£1.25,83.3p per litre,
Dragonfly Marinated Organic Tofu,Dragonfly Marinated Organic Tofu200g,£2.50,£1.25 per 100g,
Dragonfly Super Firm Fresh Organic Tofu,Dragonfly Super Firm Fresh Organic Tofu300g,£1.25,41.7p per 100g,"Offer price £1.25, was £2"
Eatlean Cheese ,Eatlean Cheese 200g,£2.75,£13.75 per kg,
Eatlean Grated Cheese ,Eatlean Grated Cheese 180g,£2,£11.11 per kg,
Elmlea Double Alternative To Cream,Elmlea Double Alternative To Cream270ml,£1.25,46.3p per 100ml,"Offer price £1.25, was £1.65"
Elmlea Double Light Alternative To Cream,Elmlea Double Light Alternative To Cream270ml,£1.25,46.3p per 100ml,"Offer price £1.25, was £1.65"
Elmlea Plant Alternative To Dairy Cream Double,Elmlea Plant Alternative To Dairy Cream Double250ml,£1.49,59.6p per 100ml,
Elmlea Single Alternative To Cream,Elmlea Single Alternative To Cream270ml,£1.25,46.3p per 100ml,"Offer price £1.25, was £1.65"
Elmlea Single Light Alternative To Cream,Elmlea Single Light Alternative To Cream270ml,£1.25,46.3p per 100ml,"Offer price £1.25, was £1.65"
Elpozo Chorizo ,Elpozo Chorizo 70g,£1.25,£1.79 per 100g,
Elpozo Chorizo Ring,Elpozo Chorizo Ring200g,£2.99,£1.50 per 100g,
Elpozo Continental Meat Platter,Elpozo Continental Meat Platter240g,£4,£1.67 per 100g,
Elpozo Iberico Selection,Elpozo Iberico Selection75g,£2.50,£3.33 per 100g,
Elpozo Spanish Selection,Elpozo Spanish Selection100g,£2.25,£2.25 per 100g,
Elpozo Spanish Tapas Platter With Cheese,Elpozo Spanish Tapas Platter With Cheese160g,£3.50,£2.19 per 100g,
Elpozo Spicy Chorizo Ring,Elpozo Spicy Chorizo Ring200g,£2.99,£1.50 per 100g,
Emmi Caffe Latte Cappuccino,Emmi Caffe Latte Cappuccino230ml,£1.25,£5.43 per litre,"Offer price £1.25, was £1.85"
Emmi Caffe Latte Skinny,Emmi Caffe Latte Skinny230ml,£1.25,£5.43 per litre,"Offer price £1.25, was £1.85"
English Cheesecake Company Lemon & Mascarpone Cheesecake,English Cheesecake Company Lemo…214g,£3.50,£1.64 per 100g,
English Cheesecake Company Lotus Biscoff Cheesecake,English Cheesecake Company Lo…214g,£3.50,£1.64 per 100g,
English Cheesecake Company Salted Caramel & Blondie Cheesecake,English Cheesecake Company Salted C…214g,£3.50,£1.64 per 100g,
Fage Fruits Mango & Passion Fruit Thick & Smooth Yoghurt,Fage Fruits Mango & Passion Fru…380g,£2.50,65.8p per 100g,
Fage Fruits Strawberry Thick & Smooth Yoghurt,Fage Fruits Strawberry Thick & Smooth Yoghurt380g,£2.50,65.8p per 100g,
Fage Total 0% Fat Split Pot Honey Strained Yoghurt ,Fage Total 0% Fat Split Pot H…150g,£1.35,90p per 100g,Buy 3 for £2.50
Fage Total 0% Fat Split Pot Strawberry Strained Yoghurt,Fage Total 0% Fat Split Pot Str…150g,£1.35,90p per 100g,Buy 3 for £2.50
Fage Total 0% Fat Strained Yoghurt,Fage Total 0% Fat Strained Yoghurt150g,£1.49,99.3p per 100g,
Fage Total 0% Fat Strained Yoghurt ,Fage Total 0% Fat Strained Yoghurt 450g,£3.49,77.6p per 100g,
Fage Total 0% Fat Strained Yoghurt,Fage Total 0% Fat Strained Yoghurt950g,£4.50,47.4p per 100g,"Offer price £4.50, was £5.49"
Fage Total 5% Fat Strained Yoghurt ,Fage Total 5% Fat Strained Yoghurt 450g,£3.49,77.6p per 100g,
Fage Total 5% Fat Strained Yoghurt ,Fage Total 5% Fat Strained Yoghurt 950g,£4.50,47.4p per 100g,"Offer price £4.50, was £5.49"
Flora 100% Natural Dairy Free Spread,Flora 100% Natural Dairy Free Spread1kg,£3.50,£3.50 per kg,
Flora 100% Natural Dairy Free Spread,Flora 100% Natural Dairy Free Spread450g,£2.25,£5.00 per kg,
Flora Buttery,Flora Buttery250g,£1,40p per 100g,"Offer price £1, was £1.50"
Flora Buttery Spread,Flora Buttery Spread1kg,£3.50,£3.50 per kg,
Flora Buttery Spread,Flora Buttery Spread2kg,£5.50,£2.75 per kg,
Flora Buttery Spread,Flora Buttery Spread450g,£2.25,£5.00 per kg,
Flora Lighter,Flora Lighter250g,£1,£4.00 per kg,"Offer price £1, was £1.65"
Flora Lighter Vegan Spread,Flora Lighter Vegan Spread1kg,£3.50,£3.50 per kg,
Flora Lighter Vegan Spread ,Flora Lighter Vegan Spread 450g,£2.25,£5.00 per kg,
Flora Plant B+tter Salted Vegan Alternative to Butter,Flora Plant B+tter Salted Veg…250g,£1,£4.00 per kg,"Offer price £1, was £1.99"
Flora Plant B+tter Unsalted Vegan Alternative to Butter,Flora Plant B+tter Unsalted Veg…250g,£1,£4.00 per kg,"Offer price £1, was £1.99"
Flora Plant Butter Spreadable Vegan Butter Alternative,Flora Plant Butter Spreadable V…450g,£2,44.5p per 100g,"Offer price £2, was £3.49"
Flora ProActiv Buttery Spread,Flora ProActiv Buttery Spread450g,£3.50,£7.78 per kg,
Flora Proactiv Buttery Taste Spread,Flora Proactiv Buttery Taste Spread250g,£1.99,79.6p per 100g,
Flora ProActiv Light Spread,Flora ProActiv Light Spread250g,£1.99,£7.96 per kg,
Flora ProActiv Light Spread,Flora ProActiv Light Spread450g,£3.50,£7.78 per kg,
Flora Proactiv Milk    ,Flora Proactiv Milk    1L,£1.69,£1.69 per litre,
Flora ProActiv Olive Oil Spread,Flora ProActiv Olive Oil Spread450g,£3.50,£7.78 per kg,
For Goodness Shakes Chocolate Protein Drink,For Goodness Shakes Chocolate Protein Drink475ml,£2.29,£4.82 per litre,
For Goodness Shakes Chocolate Recovery Drink,For Goodness Shakes Chocolate Recovery Drink475ml,£2,£4.21 per litre,
For Goodness Shakes Salted Caramel Protein Shake ,For Goodness Shakes Salted…475ml,£2.29,£4.82 per litre,
For Goodness Shakes Strawberry Protein Drink,For Goodness Shakes Strawberry Protein Drink475ml,£2.29,£4.82 per litre,
Fridge Raider Hot & Spicy Multipack,Fridge Raider Hot & Spicy Multipack4 x 40g,£2.50,15.6p per 10g,
Fridge Raider Meat Free Slow Roast,Fridge Raider Meat Free Slow Roast45g,£1.25,£2.78 per 100g,Food To Go Meal Deal for £3.50
Fridge Raiders Slow Roast,Fridge Raiders Slow Roast70g,£1.25,£1.79 per 100g,
Fridge Raiders Slow Roasted Chicken Snack Bites,Fridge Raiders Slow Roast…6 x 22.5g,£2.25,£1.67 per 100g,"Offer price £2.25, was £2.79"
Fridge Raiders Slow Roasted Chicken Snack Bites Grazing Pack,Fridge Raiders Slow Roasted Chicken…165g,£2.50,£1.52 per 100g,
Fridge Raiders Slow Roast Meal Deal,Fridge Raiders Slow Roast Meal Deal45g,£1,£2.22 per 100g,Food To Go Meal Deal for £3.50
Fridge Raiders Southern Style,Fridge Raiders Southern Style60g,£1,£1.67 per 100g,
Fridge Raiders Southern Style Chicken Snack Bites,Fridge Raiders Southern Style Chicken Snack Bites6 x 22.5g,£2.25,£1.67 per 100g,"Offer price £2.25, was £2.79"
Fridge Raiders Southern Style Meal Deal,Fridge Raiders Southern Style Meal Deal45g,£1,£2.22 per 100g,Food To Go Meal Deal for £3.50
Frubes 9 X Strawberry Flavour,Frubes 9 X Strawberry Flavour9 x 37g,£1.50,45p per 100g,"Offer price £1.50, was £2.50"
"Frubes Strawberry, Peach & Red Berry","Frubes Strawberry, Peach & Red Berry9 x 37g",£1.50,45p per 100g,"Offer price £1.50, was £2.50"
Galaxy Smooth Milk Drink No Added Sugar,Galaxy Smooth Milk Drink No Added Sugar400ml,£1.50,£3.75 per litre,
Garden Gourmet  Sensational Mini Fillets,Garden Gourmet  Sensational Mini Fillets190g,£2.75,£1.45 per 100g,
Garden Gourmet Sensational Vegan Burger,Garden Gourmet Sensational Vegan Burger226g,£3,£13.27 per kg,
Garden Gourmet Sensational Vegan Cumberland Sausage,Garden Gourmet Sensational Ve…240g,£2.75,£11.46 per kg,
Geo Adams  Mini Scotch Eggs,Geo Adams  Mini Scotch Eggs12 x 216g,£2.39,9.2p per 100g,Buy 2 for £3.50
Geo Adams Scotch Eggs,Geo Adams Scotch Eggs4 x 452g,£2.99,16.5p per 100g,
Ginsters Cajun Chicken Bake,Ginsters Cajun Chicken Bake117g,£1.49,£1.27 per 100g,
Ginsters Cheddar & Onion Slice,Ginsters Cheddar & Onion Slice170g,£1.25,73.5p per 100g,"Offer price £1.25, was £1.70"
Ginsters Chicken & Bacon Pasty,Ginsters Chicken & Bacon Pasty180g,£1.95,£1.08 per 100g,
Ginsters Chicken & Mushroom Slice,Ginsters Chicken & Mushroom Slice170g,£1.25,73.5p per 100g,"Offer price £1.25, was £1.99"
Ginsters Chicken Tikka Slice ,Ginsters Chicken Tikka Slice 170g,£1.25,73.5p per 100g,"Offer price £1.25, was £1.99"
Ginsters Large Sausage Roll,Ginsters Large Sausage Roll130g,£1.49,£1.15 per 100g,Buy 2 for £2
Ginsters Limited Edition Slice,Ginsters Limited Edition Slice170g,£1.85,£1.09 per 100g,
Ginsters Mac & Cheese Bake,Ginsters Mac & Cheese Bake117g,£1.49,£1.27 per 100g,
Ginsters Original Cornish Pasty   ,Ginsters Original Cornish Pasty   227g,£1.95,85.9p per 100g,
Ginsters Peppered Steak Slice,Ginsters Peppered Steak Slice170g,£1.25,73.5p per 100g,"Offer price £1.25, was £1.99"
Ginsters Philly Cheese Steak Bake,Ginsters Philly Cheese Steak Bake117g,£1.49,£1.27 per 100g,
Ginsters Vegan Bombay Potato Pasty,Ginsters Vegan Bombay Potato Pasty180g,£1.95,£1.08 per 100g,
Glebe Farm Pureoaty Barista Style Oat Milk,Glebe Farm Pureoaty Barista Style Oat Milk1L,£1.50,£1.50 per litre,"Offer price £1.50, was £1.80"
Glebe Farm Pureoaty Rich And Creamy Oat Milk,Glebe Farm Pureoaty Rich And Creamy Oat Milk1L,£1.50,£1.50 per litre,"Offer price £1.50, was £1.85"
Glorious! Tomato & Red Pepper ,Glorious! Tomato & Red Pepper 560g,£2,35.8p per 100g,"Offer price £2, was £2.59"
Glorious Sweet Potato & Coconut Daal ,Glorious Sweet Potato & Coconut Daal 560g,£2,35.8p per 100g,"Offer price £2, was £2.59"
Glorious Thai Carrot Soup ,Glorious Thai Carrot Soup 560g,£2,35.8p per 100g,"Offer price £2, was £2.59"
Glorious Tuscan Chicken Tomato & Grains Soup ,Glorious Tuscan Chicken Tomato & Grains Soup 560g,£2,35.8p per 100g,"Offer price £2, was £2.59"
Godminster Mature Organic Cheddar,Godminster Mature Organic Cheddar200g,£3.25,£1.63 per 100g,
Godminster Mature Organic Cheddar With Black Pepper,Godminster Mature Organic Che…200g,£3.25,£1.63 per 100g,
Gosh! Mediterranean Falafel With Chickpeas & A Hint Of Basil,Gosh! Mediterranean Falafel With Ch…171g,£1.70,99.4p per 100g,
Gosh! Moroccan Spiced Falafel With Red Pepper & Apricot,Gosh! Moroccan Spiced Falafel W…171g,£1.70,99.4p per 100g,
Grahams Gold Smooth,Grahams Gold Smooth1L,£1.65,£1.65 per litre,
Grahams Natural Full Fat Cottage Cheese,Grahams Natural Full Fat Cottage Cheese300g,£1.60,53.3p per 100g,"Offer price £1.60, was £1.85"
Grahams Quark ,Grahams Quark 250g,£1.09,£4.36 per kg,
Granarolo Burrata,Granarolo Burrata125g,£2.59,£2.07 per 100g,"Offer price £2.59, was £2.99"
Granarolo Italian Mozzarella,Granarolo Italian Mozzarella125g,£1.49,£1.19 per 100g,
Granarolo Italian Mozzarella Maxi,Granarolo Italian Mozzarella Maxi250g,£2.79,£1.12 per 100g,
Granarolo Italian Mozzarella Mini,Granarolo Italian Mozzarella Mini125g,£1.49,£1.19 per 100g,
Gu Chocolate & Vanilla Cheesecake Vegan & Gluten Free,Gu Chocolate & Vanilla Cheese…2 x 82g,£2.50,£1.53 per 100g,"Offer price £2.50, was £4"
Gu Dark Chocolate Mousses with Salted Caramel Desserts,Gu Dark Chocolate Mousses with…2 x 70g,£2.50,£1.78 per 100g,"Offer price £2.50, was £3.59"
Gu Double Caramel Creme ,Gu Double Caramel Creme 2 x 82g,£2.50,£1.53 per 100g,"Offer price £2.50, was £3.75"
Gu Double Chocolate & Vanilla Cheesecake Desserts,Gu Double Chocolate & Vanil…2 x 82g,£2.75,£1.68 per 100g,"Offer price £2.75, was £3.75"
Gu Hot Chocolate Brownie Desserts,Gu Hot Chocolate Brownie Desserts2 x 78g,£2.50,£1.60 per 100g,"Offer price £2.50, was £3.75"
Gu Hot Chocolate Melting Middle Desserts,Gu Hot Chocolate Melting Middle Desserts2 x 100g,£2.50,£1.25 per 100g,"Offer price £2.50, was £3.75"
Gu Inspirations Brookies ,Gu Inspirations Brookies 2 x 80g,£3.75,£2.34 per 100g,Buy 2 for £5
Gu Inspirations Chocolate & Honeycomb Desserts,Gu Inspirations Chocolate & Honeycomb Desserts2 x 86.5g,£3.75,£2.17 per 100g,Buy 2 for £5
Gu Inspirations Cookies & Cream Desserts,Gu Inspirations Cookies & Cream Desserts2 x 85g,£3.75,£2.21 per 100g,Buy 2 for £5
Gu Inspirations Red Velvet Desserts,Gu Inspirations Red Velvet Desserts2 x 82g,£3.75,£2.29 per 100g,Buy 2 for £5
Gu Inspirations Salted Caramel Cookies & Cream,Gu Inspirations Salted Caramel Cookies & Cream2 x 85g,£3.75,£2.21 per 100g,Buy 2 for £5
Gu Milk Chocolate Mousses with Ganache Desserts,Gu Milk Chocolate Mousses…2 x 70g,£2.50,£1.78 per 100g,"Offer price £2.50, was £3.59"
Gu Panna Cotta,Gu Panna Cotta2 x 90g,£2.50,£1.39 per 100g,"Offer price £2.50, was £3.75"
Gu Peruvian Lime Cheesecake Desserts,Gu Peruvian Lime Cheesecake Desserts2 x 78g,£3.75,£2.40 per 100g,Buy 2 for £5
Gu Plant Zillionaire Cheesecake Dessert,Gu Plant Zillionaire Cheesecake Dessert,£3.95,,
Gu Salted Caramel Cheesecake Desserts,Gu Salted Caramel Cheesecake Desserts2 x 92g,£2.75,£1.50 per 100g,"Offer price £2.75, was £3.75"
Gu Salted Caramel Cheesecake Vegan & Gluten Free,Gu Salted Caramel Cheesecak…2 x 83g,£2.50,£1.51 per 100g,"Offer price £2.50, was £4"
Gu Spanish Lemon Cheesecake Desserts,Gu Spanish Lemon Cheesecake Desserts2 x 90g,£3.75,£2.08 per 100g,Buy 2 for £5
Gu Spanish Lemon Cheesecake Vegan & Gluten Free,Gu Spanish Lemon Cheeseca…2 x 92g,£2.50,£1.36 per 100g,"Offer price £2.50, was £3.85"
Gu Sticky Toffee,Gu Sticky Toffee2 x 85g,£2.50,£1.47 per 100g,"Offer price £2.50, was £3.75"
Gu Tiramisu ,Gu Tiramisu 2 x 85g,£3.75,£2.21 per 100g,Buy 2 for £5
Gu Zillionaires' Chocolate & Salted Caramel Cheesecake Desserts,Gu Zillionaires' Chocolate & Salted C…2 x 91.5g,£2.75,£1.50 per 100g,"Offer price £2.75, was £3.59"
Happy Egg Co. Large Free Range Eggs 12 pack,Happy Egg Co. Large Free Range Eggs 12 pack12 per pack,£4.20,35p each,
Happy Egg Co. Large Free Range Eggs 6 pack,Happy Egg Co. Large Free Range Eggs 6 pack6 per pack,£2.75,45.8p each,
Happy Egg Co. Mixed Free Range Eggs 15 pack,Happy Egg Co. Mixed Free Range Eggs 15 pack15 per pack,£3.49,23.3p each,
Hazlemere Goose Fat Blend,Hazlemere Goose Fat Blend360ml,£3,83.3p per 100ml,
Herta Chicken Frankfurter 10 Pack,Herta Chicken Frankfurter 10 Pack350g,£2.59,74p per 100g,
Herta Classic Frankfurter 10 Pack,Herta Classic Frankfurter 10 Pack350g,£2.59,74p per 100g,
Highgrove Beef Dripping,Highgrove Beef Dripping250g,£1.10,44p per 100g,"Offer price £1.10, was £1.25"
Highgrove Lard,Highgrove Lard200g,49p,24.5p per 100g,
Holy Cow! Amristsar Chole,Holy Cow! Amristsar Chole400g,£2.50,62.5p per 100g,"Offer price £2.50, was £2.99"
Holy Cow! Delhi Tikka Masala,Holy Cow! Delhi Tikka Masala250g,£2.39,95.6p per 100g,
Holy Cow! Mangalore Malabar,Holy Cow! Mangalore Malabar250g,£2.39,95.6p per 100g,
Holy Cow! Punjabi Tarka Daal Kit,Holy Cow! Punjabi Tarka Daal Kit400g,£2.50,62.5p per 100g,"Offer price £2.50, was £2.99"
Holy Moly Original Guacamole,Holy Moly Original Guacamole150g,£1.75,£1.17 per 100g,"Offer price £1.75, was £2.20"
Holy Moly Smashed Avocado,Holy Moly Smashed Avocado150g,£1.75,£1.17 per 100g,"Offer price £1.75, was £2.20"
I Can't Believe It's Not Butter Light Spread,I Can't Believe It's Not Butter Light Spread450g,£1.50,33.3p per 100g,
I Can't Believe It's Not Butter Original Spread,I Can't Believe It's Not Butter Original Spread900g,£2.80,31.1p per 100g,
I Can't Believe It's Not Butter Original Spread,I Can't Believe It's Not Butter Original Spread450g,£1.50,33.3p per 100g,
Ilchester Snacking Cheese Selection,Ilchester Snacking Cheese Selection230g,£3.69,£16.04 per kg,
Innocent Apple Juice,Innocent Apple Juice900ml,£1.75,19.4p per 100ml,"Offer price £1.75, was £2.99"
Innocent Apple Juice,Innocent Apple Juice1.35L,£4.10,30.4p per 100ml,
Innocent Berry Set Go,Innocent Berry Set Go330ml,£2,60.6p per 100ml,Food To Go Meal Deal for £3.50
Innocent Blue Spark Super Smoothie ,Innocent Blue Spark Super Smoothie 750ml,£4.50,60p per 100ml,
Innocent Bolt From The Blue ,Innocent Bolt From The Blue 330ml,£2,60.6p per 100ml,Food To Go Meal Deal for £3.50
"Innocent Bubbles Lemon, Lime & Apple","Innocent Bubbles Lemon, Lime & Apple330ml",£1.55,47p per 100ml,Food To Go Meal Deal for £3.50
Innocent Bubbles Sparkling Apple & Berry ,Innocent Bubbles Sparkling Apple & Berry 330ml,£1.55,47p per 100ml,Food To Go Meal Deal for £3.50
Innocent Coconut Water,Innocent Coconut Water1L,£3,30p per 100ml,"Offer price £3, was £4.30"
Innocent Energise Super Smoothie ,Innocent Energise Super Smoothie 750ml,£4.50,60p per 100ml,
Innocent Invigorate Super Smoothie ,Innocent Invigorate Super Smoothie 750ml,£4.50,60p per 100ml,
"Innocent Kids Smoothies Orange, Mango & Pineapple",Innocent Kids Smoothies Ora…10 x 150ml,£5,33.4p per 100ml,"Offer price £5, was £7"
Innocent Mango & Passion Fruit Smoothie,Innocent Mango & Passion Fruit Smoothie750ml,£3.50,46.7p per 100ml,
Innocent Mango & Passionfruit Smoothie,Innocent Mango & Passionfruit Smoothie250ml,£2,80p per 100ml,
Innocent Orange Juice with Bits,Innocent Orange Juice with Bits900ml,£1.75,19.4p per 100ml,"Offer price £1.75, was £2.99"
Innocent Orange Juice with Bits,Innocent Orange Juice with Bits1.35L,£4.10,30.4p per 100ml,
"Innocent plus apple, pear, cucumber juice","Innocent plus apple, pear, cucumber juice750ml",£3.80,50.7p per 100ml,
"Innocent plus guava, lime, apple juice","Innocent plus guava, lime, apple juice750ml",£3.80,50.7p per 100ml,
Innocent Plus Inner Winner Dragon Fruit & Lychee Juice,Innocent Plus Inner Winner Drag…750ml,£3.80,50.7p per 100ml,
"Innocent plus orange, carrot, mandarin juice","Innocent plus orange, carrot, mandarin juice750ml",£3.80,50.7p per 100ml,
"Innocent plus raspberry, cherry, goji juice","Innocent plus raspberry, cherry, goji juice750ml",£3.80,50.7p per 100ml,
Innocent Recharge Super Smoothie ,Innocent Recharge Super Smoothie 750ml,£4.50,60p per 100ml,
Innocent Smoothie Blueberries Peaches & Apples,Innocent Smoothie Blueber…750ml,£3.50,46.7p per 100ml,
"Innocent Smoothie Guava, Pineapples & Apples","Innocent Smoothie Guava, Pineapples & Apples750ml",£2,26.7p per 100ml,"Offer price £2, was £3.50"
Innocent Smoothies Just For Kids Apple & Blackcurrant ,Innocent Smoothies Just For Kid…4 x 150ml,£3.60,60p per 100ml,
Innocent Smoothies Just For Kids Cherry & Strawberry ,Innocent Smoothies Just For K…4 x 150ml,£3.60,60p per 100ml,
"Innocent Smoothies Just For Kids Orange, Mango & Pineapple ",Innocent Smoothies Just For Kids…4 x 150ml,£3.60,60p per 100ml,
Innocent Smoothies Just For Kids Peach & Passion Fruit ,Innocent Smoothies Just For Kid…4 x 150ml,£3.60,60p per 100ml,
"Innocent Smoothies Just For Kids Pineapple, Apple & Carrot ",Innocent Smoothies Just For Kids…4 x 150ml,£3.60,60p per 100ml,
"Innocent Smoothies Kids Strawberry, Blackberry & Raspberry ",Innocent Smoothies Kids Strawberr…4 x 150ml,£3.60,60p per 100ml,
"Innocent Smoothies Strawberry, Blackberry & Raspberry ",Innocent Smoothies Strawberry…10 x 150ml,£5,33.4p per 100ml,"Offer price £5, was £7"
"Innocent Smoothie Strawberries, Pineapples & Apples",Innocent Smoothie Strawberrie…750ml,£2,26.7p per 100ml,"Offer price £2, was £3.50"
Innocent Smooth Orange Juice,Innocent Smooth Orange Juice900ml,£1.75,19.4p per 100ml,"Offer price £1.75, was £2.99"
Innocent Smooth Orange Juice,Innocent Smooth Orange Juice1.35L,£4.10,30.4p per 100ml,
Innocent Strawberry & Banana Smoothie,Innocent Strawberry & Banana Smoothie750ml,£3.50,46.7p per 100ml,
Innocent Strawberry & Banana Smoothie ,Innocent Strawberry & Banana Smoothie 250ml,£2,80p per 100ml,Food To Go Meal Deal for £3.50
Innocent Summer Fruits Family Size Juice,Innocent Summer Fruits Family Size Juice1.35L,£4.10,30.4p per 100ml,
Innocent Super Smoothie Berry Light ,Innocent Super Smoothie Berry Light 750ml,£4.50,60p per 100ml,
Innocent Super Smoothie Berry Protein,Innocent Super Smoothie Berry Protein750ml,£4.50,60p per 100ml,
Innocent Super Smoothie Energise ,Innocent Super Smoothie Energise 300ml,£2.25,75p per 100ml,
Innocent Super Smoothie Mango Fandango ,Innocent Super Smoothie Mango Fandango 4 x 150ml,£3,50p per 100ml,"Offer price £3, was £4.10"
Innocent Super Smoothie Strawberry Burst ,Innocent Super Smoothie Strawberry Burst 4 x 150ml,£3,50p per 100ml,"Offer price £3, was £4.10"
Innocent Super Smoothie Tropical Defence,Innocent Super Smoothie Tropical Defence750ml,£4.50,60p per 100ml,
Innocent Super Smoothie Tropical Light ,Innocent Super Smoothie Tropical Light 750ml,£4.50,60p per 100ml,
innocent totally tropical smoothie,innocent totally tropical smoothie750ml,£3.50,46.7p per 100ml,
Innocent Tropical Juice,Innocent Tropical Juice1.35L,£4.10,30.4p per 100ml,
Innocent Twist Mango Passionfruit & Vanilla Juice,Innocent Twist Mango Passionfruit & Vanilla Juice750ml,£2.50,33.4p per 100ml,"Offer price £2.50, was £3.20"
Innocent Twist Strawberry Watermelon & Mint Juice,Innocent Twist Strawberry Watermelon & Mint Juice750ml,£2.50,33.4p per 100ml,"Offer price £2.50, was £3.20"
Isigny Ste Mere Petit Camembert ,Isigny Ste Mere Petit Camembert 150g,£2,£13.33 per kg,
Island Delight Chilli Beef Jamaican Pattie,Island Delight Chilli Beef Jamaican Pattie140g,99p,70.7p per 100g,
Island Delight Curried Lamb Jamaican Pattie ,Island Delight Curried Lamb Jamaican Pattie 140g,99p,70.7p per 100g,
Island Delight Jerk Chicken Pattie,Island Delight Jerk Chicken Pattie140g,99p,70.7p per 100g,
Island Delight Spicy Vegetable Jamaican Pattie,Island Delight Spicy Vegetable Jamaican Pattie140g,99p,70.7p per 100g,
Jack Link's  Original Beef Jerky     ,Jack Link's  Original Beef Jerky     25g,£1.25,£5.00 per 100g,"Offer price £1.25, was £1.69"
Jack Link's Original Beef Jerky,Jack Link's Original Beef Jerky70g,£3.20,£45.71 per kg,
Jack Link's Original Biltong,Jack Link's Original Biltong25g,£1.25,£50.00 per kg,"Offer price £1.25, was £1.69"
Jack Link's Original Biltong ,Jack Link's Original Biltong 70g,£3.20,£45.71 per kg,
Jack Link's Sweet & Hot Beef Jerky,Jack Link's Sweet & Hot Beef Jerky25g,£1.25,£50.00 per kg,"Offer price £1.25, was £1.69"
Jack Link's Sweet & Hot Beef Jerky,Jack Link's Sweet & Hot Beef Jerky70g,£3.20,£45.71 per kg,
Jack Link's Teriyaki Beef Jerky,Jack Link's Teriyaki Beef Jerky25g,£1.25,£50.00 per kg,"Offer price £1.25, was £1.69"
James White British Carrot Classic Vegetable Juice ,James White British Carrot Classic Vegetable Juice 1L,£2.75,27.5p per 100ml,
Jimmy's Iced Coffee Original,Jimmy's Iced Coffee Original250ml,£1,40p per 100ml,"Offer price £1, was £1.70"
John West Fridge Pot No Drain Tuna Steak in Brine,John West Fridge Pot No Drain Tuna Steak in Brine110g,£1.79,£1.63 per 100g,
John West Fridge Pot No Drain Tuna Steak In Brine ,John West Fridge Pot No Drain Tuna Steak In Brine 3 x 110g,£4,£1.21 per 100g,
John West Fridge Pot No Drain Tuna Steak In Spring Water,John West Fridge Pot No Drain T…3 x 110g,£4,£1.21 per 100g,
John West Fridge Pot No Drain Tuna Steak In Sunflower Oil,John West Fridge Pot No Drain Tun…3 x 110g,£4,£1.21 per 100g,
John West Fridge Pot Tuna Steak with a little Sunflower Oil,John West Fridge Pot Tuna Steak w…110g,£1.79,£1.63 per 100g,
John West Light Lunch Italian Style Tuna Salad,John West Light Lunch Italian Style Tuna Salad220g,£2,91.1p per 100g,"Offer price £2, was £3.25"
John West Light Lunch Mexican Style Tuna Salad,John West Light Lunch Mexican Style Tuna Salad220g,£2,91.1p per 100g,"Offer price £2, was £3.25"
John West Light Lunch Mild Curry Tuna Rice Salad ,John West Light Lunch Mild…220g,£2,91.1p per 100g,"Offer price £2, was £3.25"
John West On The Go Basil Super Tuna Salad,John West On The Go Basil Super Tuna Salad220g,£3.25,£1.48 per 100g,
John West On The Go Harissa Super Tuna Salad ,John West On The Go Harissa Super Tuna Salad 220g,£3.25,£1.48 per 100g,
John West On The Go Honey & Ginger Super Tuna Salad ,John West On The Go Honey & G…220g,£3.25,£1.48 per 100g,
John West On The Go Indian Super Tuna Salad,John West On The Go Indian Super Tuna Salad220g,£3.25,£1.48 per 100g,
John West On The Go Mediterranean Tuna Couscous Pot,John West On The Go Mediterra…220g,£1.99,90.5p per 100g,
John West On The Go Moroccan Tuna Bulgar Wheat Salad,John West On The Go Moroccan…220g,£3.25,£1.48 per 100g,
John West On The Go Tuna Indian Rice Pot Biryani Curry,John West On The Go Tuna Indian…120g,£1.99,£1.66 per 100g,
John West On The Go Tuna Italian Pasta Tomato & Herb,John West On The Go Tuna Ital…120g,£1.99,£1.66 per 100g,
John West On The Go Tuna Thai Noodle Pot Green Curry,John West On The Go Tuna Thai…120g,£1.99,£1.66 per 100g,
John West Tuna Light Lunch French Style,John West Tuna Light Lunch French Style220g,£2,91.1p per 100g,"Offer price £2, was £3.25"
John West Tuna Light Lunch Mediterranean,John West Tuna Light Lunch Mediterranean220g,£2,91.1p per 100g,"Offer price £2, was £3.25"
Jord Organic Oat Vanilla Drink,Jord Organic Oat Vanilla Drink1L,£1.89,18.9p per 100ml,
Juiceburst Apple ,Juiceburst Apple 500ml,£1.65,33p per 100ml,Buy 2 for £2.50
Juiceburst Orange ,Juiceburst Orange 500ml,£1.65,33p per 100ml,Buy 2 for £2.50
Jus-Rol 6 Cinnamon Swirls Dough x6,Jus-Rol 6 Cinnamon Swirls Dough x6270g,£2.29,£8.48 per kg,Buy 2 for £3.50
Jus-Rol Gluten Free Puff Pastry Ready Rolled Sheet,Jus-Rol Gluten Free Puff Pastry Ready Rolled Sheet280g,£2.25,£8.04 per kg,
Jus-Rol Puff Pastry Block,Jus-Rol Puff Pastry Block500g,£1.59,£3.18 per kg,
Jus Rol Croissants Dough x6,Jus Rol Croissants Dough x6350g,£2.29,£6.54 per kg,Buy 2 for £3.50
Jus Rol Puff Pastry Ready Rolled Sheet,Jus Rol Puff Pastry Ready Rolled Sheet320g,£1.25,£3.91 per kg,"Offer price £1.25, was £1.75"
Jus Rol Shortcrust Pastry Block,Jus Rol Shortcrust Pastry Block500g,£1.59,£3.18 per kg,
Jus Rol Shortcrust Pastry Ready Rolled Sheet,Jus Rol Shortcrust Pastry Ready Rolled Sheet320g,£1.25,£3.91 per kg,"Offer price £1.25, was £1.75"
Just Add Slow Cook Classic Ale Sauce,Just Add Slow Cook Classic Ale Sauce360g,£1.99,55.3p per 100g,Just Add - Buy Meat & Slow Cooker Sauce for £6
Just Add Slow Cook Italian Ragu Sauce,Just Add Slow Cook Italian Ragu Sauce360g,£1.99,55.3p per 100g,Just Add - Buy Meat & Slow Cooker Sauce for £6
Kerrygold Irish Butter,Kerrygold Irish Butter250g,£2.39,£9.56 per kg,
Kerrymaid Garlic Spreadable Butter,Kerrymaid Garlic Spreadable Butter4 x 20g,99p,£12.38 per kg,
Koko Dairy Free Greek Style Yogurt,Koko Dairy Free Greek Style Yogurt450g,£2,44.4p per 100g,
Koko Fresh Original Plus Calcium Milk Alternative,Koko Fresh Original Plus Calcium Milk Alternative1L,£1.45,£1.45 per litre,"Offer price £1.45, was £1.85"
Koko Long Life Dairy Free Unsweetened ,Koko Long Life Dairy Free Unsweetened 1L,£1.79,£1.79 per litre,
Koko Long Life Original Plus Calcium Milk Alternative,Koko Long Life Original Plus…1L,£1.79,£1.79 per litre,
Krakus Krakowska,Krakus Krakowska320g,£4.30,£1.34 per 100g,"Offer price £4.30, was £5"
Krakus Zywiecka Polish Cooked And Dried Pork Sausage,Krakus Zywiecka Polish Cooked…286g,£3,£1.05 per 100g,
Lactofree Fresh Semi Skimmed,Lactofree Fresh Semi Skimmed1L,£1.50,£1.50 per litre,"Offer price £1.50, was £1.99"
Lactofree Fresh Skimmed Milk,Lactofree Fresh Skimmed Milk1L,£1.50,£1.50 per litre,"Offer price £1.50, was £1.99"
Lactofree Fresh Whole,Lactofree Fresh Whole1L,£1.50,£1.50 per litre,"Offer price £1.50, was £1.99"
Lactofree Long Life Semi Skimmed Milk,Lactofree Long Life Semi Skimmed Milk1L,£1.90,£1.90 per litre,
Lactofree Mature Cheddar,Lactofree Mature Cheddar200g,£2.49,£12.45 per kg,
Lactofree        Spreadable       ,Lactofree        Spreadable       250g,£2.25,£9.00 per kg,
La Famiglia Rana Aubergine Parmigiana Tortelloni ,La Famiglia Rana Aubergine…250g,£2,£8.00 per kg,"Offer price £2, was £2.99"
La Famiglia Rana Beef Lasagne Serves 2 Kit ,La Famiglia Rana Beef Lasagne Serves 2 Kit 700g,£6.99,99.9p per 100g,
La Famiglia Rana Bolognese Tortelloni,La Famiglia Rana Bolognese Tortelloni250g,£2,80p per 100g,
La Famiglia Rana Chicken & Pancetta Tortelloni ,La Famiglia Rana Chicken & Pancetta Tortelloni 250g,£2,£8.00 per kg,"Offer price £2, was £2.99"
La Famiglia Rana Classic Italian Recipe Kit Tagliatelle Bolognese ,La Famiglia Rana Classic Italian Recipe…408g,£3.99,£9.78 per kg,
La Famiglia Rana Classic Italian Recipe Kit Tagliatelle Carbonara ,La Famiglia Rana Classic Italian Recipe…408g,£3.99,£9.78 per kg,
La Famiglia Rana Mushroom & Mascarpone Tortelloni ,La Famiglia Rana Mushroom &…250g,£2,£8.00 per kg,"Offer price £2, was £2.99"
La Famiglia Rana Mushroom Linguine ,La Famiglia Rana Mushroom Linguine 407g,£3.99,98p per 100g,
La Famiglia Rana Mushroom Risotto Kit,La Famiglia Rana Mushroom Risotto Kit,£3.99,,
La Famiglia Rana Prosciutto & Mozzarella Tortelloni ,La Famiglia Rana Prosciutto &…250g,£2,£8.00 per kg,"Offer price £2, was £2.99"
La Famiglia Rana Spinach & Ricotta Tortelloni ,La Famiglia Rana Spinach & Ricotta Tortelloni 250g,£2,£8.00 per kg,"Offer price £2, was £2.99"
Lake District 8 Mature Cheddar Slices,Lake District 8 Mature Cheddar Slices160g,£2.25,£14.06 per kg,
Lake District Extra Mature Cheddar,Lake District Extra Mature Cheddar830g,£5,£6.02 per kg,
Lake District Extra Mature Cheese,Lake District Extra Mature Cheese350g,£3.75,£10.71 per kg,
Lake District Mature Cheddar,Lake District Mature Cheddar830g,£5,£6.02 per kg,
Lake District Mature Cheese,Lake District Mature Cheese350g,£3.75,£10.71 per kg,
Lancashire Farm Fat Free Natural Yogurt,Lancashire Farm Fat Free Natural Yogurt1kg,£2.15,21.5p per 100g,
Lancashire Farm Greek Style Natural Yogurt ,Lancashire Farm Greek Style Natural Yogurt 1kg,£2.50,25p per 100g,"Offer price £2.50, was £2.75"
Lancashire Farm Natural Bio Yogurt,Lancashire Farm Natural Bio Yogurt1kg,£2.15,21.5p per 100g,
Landana Extra Mature Gouda ,Landana Extra Mature Gouda 180g,£3.75,£2.08 per 100g,
Leerdammer Light Cheese 8 Slices,Leerdammer Light Cheese 8 Slices160g,£2.35,£14.69 per kg,
Leerdammer Original Cheese 8 Slices,Leerdammer Original Cheese 8 Slices160g,£2.35,£14.69 per kg,
Light & Free Blueberry Yogurt,Light & Free Blueberry Yogurt4 x 115g,£1.75,38p per 100g,
Light & Free Cherry Yogurt,Light & Free Cherry Yogurt4 x 115g,£1.75,38p per 100g,
Light & Free Greek Style Millionaire Shortbread Flavour Yogurt,Light & Free Greek Style Millionair…4 x 115g,£2.29,49.8p per 100g,
Light & Free Greek Style Yogurt White Chocolate Flavour,Light & Free Greek Style Yogurt…4 x 115g,£1.75,38p per 100g,
Light & Free Peach & Passion fruit Yogurt ,Light & Free Peach & Passion fruit Yogurt 4 x 115g,£1.75,38p per 100g,
Light & Free Strawberry Yogurt,Light & Free Strawberry Yogurt4 x 115g,£1.75,38p per 100g,
Lindahls Kvarg Coconut,Lindahls Kvarg Coconut150g,£1.25,83.3p per 100g,Buy 3 for £2.50
Lindahls Kvarg Peach And Passion Fruit,Lindahls Kvarg Peach And Passion Fruit150g,£1.25,83.3p per 100g,Buy 3 for £2.50
Lindahls Kvarg Raspberry,Lindahls Kvarg Raspberry150g,£1.25,83.3p per 100g,Buy 3 for £2.50
Lindahls Kvarg Vanilla,Lindahls Kvarg Vanilla150g,£1.25,83.3p per 100g,Buy 3 for £2.50
Lindahls Kvarg White Chocolate,Lindahls Kvarg White Chocolate150g,£1.25,83.3p per 100g,Buy 3 for £2.50
Lindahls Pro+ Banoffee Pie,Lindahls Pro+ Banoffee Pie150g,£1.25,83.3p per 100g,Buy 3 for £2.50
Lindahls Pro+ Kvarg Lemon Cheesecake ,Lindahls Pro+ Kvarg Lemon Cheesecake 150g,£1.25,83.3p per 100g,Buy 3 for £2.50
Lindahls Stracciatella,Lindahls Stracciatella150g,£1.25,83.3p per 100g,Buy 3 for £2.50
Linda McCartney's Vegetarian Cocktail Sausages,Linda McCartney's Vegetar…175g,£1.25,£7.14 per kg,
Linda Mccartney's Vegetarian Hoisin Duck Bites ,Linda Mccartney's Vegetar…160g,£1.99,£12.44 per kg,
Linda Mccartney's Vegetarian Mini Pulled Pork Rolls ,Linda Mccartney's Vegetarian…168g,£1.75,£10.42 per kg,
Linda Mccartney's Vegetarian Mini Sausage Rolls,Linda Mccartney's Vegetar…168g,£1.75,£10.42 per kg,
Linda Mccartney Vegetarian Katsu Chicken Bites,Linda Mccartney Vegetaria…160g,£1.99,£12.44 per kg,
Little Dish Chicken & Veg Pie Kids Meal,Little Dish Chicken & Veg Pie Kids Meal200g,£2.75,£13.75 per kg,
Little Dish Classic Fish Pie Kids Meal,Little Dish Classic Fish Pie Kids Meal200g,£2.75,£13.75 per kg,
Little Dish Cottage Pie Kids Meal,Little Dish Cottage Pie Kids Meal200g,£2.75,£13.75 per kg,
Little Dish Mild Chicken Korma Kids Meal,Little Dish Mild Chicken Korma Kids Meal200g,£2.75,£13.75 per kg,
Little Dish Mild Chicken Tikka Kids Meal,Little Dish Mild Chicken Tikka Kids Meal200g,£2.75,£13.75 per kg,
Little Dish Pasta Bolognese Kids Meal,Little Dish Pasta Bolognese Kids Meal200g,£2.75,£13.75 per kg,
Little Dish Spaghetti & Meatballs Kids Meal,Little Dish Spaghetti & Meatballs Kids Meal200g,£2.75,£13.75 per kg,
Longley Farm Banana Yogurt,Longley Farm Banana Yogurt150g,50p,33.3p per 100g,"Offer price 50p, was 65p"
Longley Farm Black Cherry Yogurt,Longley Farm Black Cherry Yogurt150g,65p,43.3p per 100g,
Longley Farm Blackcurrant Yogurt,Longley Farm Blackcurrant Yogurt150g,50p,33.3p per 100g,"Offer price 50p, was 65p"
Longley Farm Blueberry Yogurt,Longley Farm Blueberry Yogurt150g,50p,33.3p per 100g,"Offer price 50p, was 65p"
Longley Farm Caramel Yogurt,Longley Farm Caramel Yogurt150g,65p,43.3p per 100g,
Longley Farm Fat Free Natural Yogurt,Longley Farm Fat Free Natural Yogurt450g,£1.35,30p per 100g,
Longley Farm Gooseberry Yogurt ,Longley Farm Gooseberry Yogurt 150g,65p,43.3p per 100g,
Longley Farm Greek Style Yogurt Honey,Longley Farm Greek Style Yogurt Honey450g,£1.35,30p per 100g,
Longley Farm Hazelnut Yogurt,Longley Farm Hazelnut Yogurt150g,50p,33.3p per 100g,"Offer price 50p, was 65p"
Longley Farm Lemon Yogurt ,Longley Farm Lemon Yogurt 150g,65p,43.3p per 100g,
Longley Farm Mandarin Yogurt,Longley Farm Mandarin Yogurt150g,50p,33.3p per 100g,"Offer price 50p, was 65p"
Longley Farm Natural Cottage Cheese,Longley Farm Natural Cottage Cheese250g,£1.49,£5.96 per kg,
Longley Farm Natural Yogurt,Longley Farm Natural Yogurt150g,65p,43.3p per 100g,
Longley Farm Peach Melba Yogurt,Longley Farm Peach Melba Yogurt150g,65p,43.3p per 100g,
Longley Farm Pineapple Cottage Cheese,Longley Farm Pineapple Cottage Cheese250g,£1.49,£5.96 per kg,
Longley Farm Raspberry Yogurt,Longley Farm Raspberry Yogurt150g,50p,33.3p per 100g,"Offer price 50p, was 65p"
Longley Farm Rhubarb Yogurt,Longley Farm Rhubarb Yogurt150g,50p,33.3p per 100g,"Offer price 50p, was 65p"
Longley Farm Strawberry Yogurt,Longley Farm Strawberry Yogurt150g,50p,33.3p per 100g,"Offer price 50p, was 65p"
Longley Farm Vanilla Yogurt,Longley Farm Vanilla Yogurt150g,59p,39.3p per 100g,
Longley Farm Virtually Fat Free Cottage Cheese,Longley Farm Virtually Fat Free Cottage Cheese250g,£1.49,£5.96 per kg,
Longley Farm Virtually Fat Free Cottage Cheese Chives,Longley Farm Virtually Fat Fr…250g,£1.49,£5.96 per kg,
Lucozade Orange,Lucozade Orange,£1.70,,Buy 2 for £2.70
Lucozade Original,Lucozade Original,£1.70,,Buy 2 for £2.70
Lurpak Butter Lighter Salted ,Lurpak Butter Lighter Salted 250g,£2.40,£9.60 per kg,"Offer price £2.40, was £2.69"
Lurpak Butter Slightly Salted In A Reclosable Box ,Lurpak Butter Slightly Salt…225g,£2.40,£1.07 per 100g,"Offer price £2.40, was £2.69"
Lurpak Lighter Slightly Salted Spreadable,Lurpak Lighter Slightly Salted Spreadable500g,£4,£8.00 per kg,"Offer price £4, was £4.99"
Lurpak Lighter Slightly Salted Spreadable,Lurpak Lighter Slightly Salted Spreadable250g,£2.99,£11.96 per kg,
Lurpak Lighter Spreadable Blend Of Butter And Rapeseed Oil ,Lurpak Lighter Spreadable Blend O…750g,£7.49,£9.99 per kg,
Lurpak Slightly Salted Block Butter,Lurpak Slightly Salted Block Butter250g,£2.40,£9.60 per kg,"Offer price £2.40, was £2.69"
Lurpak Slightly Salted Spreadable,Lurpak Slightly Salted Spreadable250g,£2.99,£11.96 per kg,
Lurpak Slightly Salted Spreadable,Lurpak Slightly Salted Spreadable500g,£4,£8.00 per kg,"Offer price £4, was £4.99"
Lurpak Spread ,Lurpak Spread 750g,£7.49,£9.99 per kg,
Lurpak Spreadable Softest,Lurpak Spreadable Softest500g,£4,£8.00 per kg,"Offer price £4, was £4.99"
Lurpak Unsalted Block Butter,Lurpak Unsalted Block Butter250g,£2.40,£9.60 per kg,"Offer price £2.40, was £2.69"
Lurpak Unsalted Spreadable,Lurpak Unsalted Spreadable500g,£4,£8.00 per kg,"Offer price £4, was £4.99"
M 100%Fruit Apple/Mango 1L,M 100%Fruit Apple/Mango 1L1L,£1.69,16.9p per 100ml,
Maltesers Milk Drink,Maltesers Milk Drink400ml,£1.50,37.5p per 100ml,
Market Street Ardennes Pate ,Market Street Ardennes Pate 50g,75p,£1.50 per 100g,
Market Street Chocolate Cheesecake Wedges,Market Street Chocolate Cheesecake Wedges2 per pack,£2.59,£1.30 each,
Market Street Chocolate Eclairs ,Market Street Chocolate Eclairs 4 per pack,£1.89,47.3p each,
Market Street Deli Breaded Ham,Market Street Deli Breaded Ham125g,£2,£1.60 per 100g,
Market Street Deli British Topside Of Beef,Market Street Deli British Topside Of Beef80g,£2,£2.50 per 100g,
Market Street Deli Cheese & Onion Quiche ,Market Street Deli Cheese & Onion Quiche 200g,£2,£1.00 per 100g,
Market Street Deli Cooked Ham,Market Street Deli Cooked Ham125g,£2,£1.60 per 100g,
Market Street Deli Ham Hock Pea Quiche ,Market Street Deli Ham Hock Pea Quiche 200g,£2,£1.00 per 100g,
Market Street Deli Honey Roast Ham,Market Street Deli Honey Roast Ham125g,£2,£1.60 per 100g,
Market Street Deli Quiche Lorraine,Market Street Deli Quiche Lorraine,£2,,
Market Street Deli s Cheese & Onion Quiche ,Market Street Deli s Cheese & Onion Quiche 900g,£5,55.6p per 100g,
"Market Street Deli Sunblushed Tomato, Feta & Caramelised Onion Quiche ",Market Street Deli Sunblushed…200g,£2,£1.00 per 100g,
Market Street Deli Thickly Sliced Roast Pork,Market Street Deli Thickly Sliced Roast Pork125g,£2,£1.60 per 100g,
Market Street Deli Thickly Sliced Wiltshire Ham,Market Street Deli Thickly Sliced Wiltshire Ham125g,£2,£1.60 per 100g,
Market Street Deli Thickly Sliced Yorkshire Ham,Market Street Deli Thickly Sliced Yorkshire Ham125g,£2,£1.60 per 100g,
Market Street Egg Custard Tarts ,Market Street Egg Custard Tarts 2 per pack,95p,47.5p each,Buy 2 for £1.40
Market Street Large Chocolate Eclairs ,Market Street Large Chocolate Eclairs 2 per pack,£1.99,99.5p each,Buy 2 for £3.50
Market Street Lemon Cheesecake,Market Street Lemon Cheesecake500g,£3.59,71.8p per 100g,"Offer price £3.59, was £3.89"
Market Street Plain Tortilla,Market Street Plain Tortilla500g,£2.75,55p per 100g,
Market Street Raspberry Cheesecake Wedges,Market Street Raspberry Cheesecake Wedges2 per pack,£2.59,£1.30 each,
Market Street The Best Halkidiki Pimento Stuffed Olives With Iberico Cheese,Market Street The Best Halkidiki Pimento Stuf…130g,£2,£1.54 per 100g,
Market Street The Best Nocellara Olives,Market Street The Best Nocellara Olives130g,£2,£1.54 per 100g,
Market Street Tortilla With Chorizo,Market Street Tortilla With Chorizo450g,£2.75,61.1p per 100g,
Market Street Tortilla With Onion,Market Street Tortilla With Onion500g,£2.75,55p per 100g,
Market Street Vanilla Cheesecake,Market Street Vanilla Cheesecake500g,£3.59,71.8p per 100g,"Offer price £3.59, was £3.89"
Market Street Vanilla Cheesecake Wedges,Market Street Vanilla Cheesecake Wedges2 per pack,£2.59,£1.30 each,
Mars Milk No Added Sugar,Mars Milk No Added Sugar400ml,£1.50,£3.75 per litre,
Mash Direct Beer Battered Chips,Mash Direct Beer Battered Chips400g,£2.15,£5.38 per kg,
Mash Direct Beer Battered Onion Rings,Mash Direct Beer Battered Onion Rings200g,£2.15,£10.75 per kg,
Mash Direct Bubble & Squeak,Mash Direct Bubble & Squeak400g,£1.15,£2.88 per kg,"Offer price £1.15, was £1.65"
Mash Direct Carrot & Parsnip,Mash Direct Carrot & Parsnip400g,£1.15,£2.88 per kg,"Offer price £1.15, was £1.65"
Mash Direct Cheese and Onion Croquettes ,Mash Direct Cheese and Onion Croquettes 300g,£2.15,£7.17 per kg,
Mash Direct Chilly Baby Bakes,Mash Direct Chilly Baby Bakes370g,£2.15,£5.81 per kg,
Mash Direct Crispy Vegetable Bakes ,Mash Direct Crispy Vegetable Bakes 250g,£1.29,£5.16 per kg,"Offer price £1.29, was £1.79"
Mash Direct Curry Chips,Mash Direct Curry Chips400g,£2.15,£5.38 per kg,
Mash Direct Mashed Swede ,Mash Direct Mashed Swede 400g,£1.15,28.8p per 100g,"Offer price £1.15, was £1.65"
Mash Direct Red Cabbage & Beetroot,Mash Direct Red Cabbage & Beetroot350g,£1.65,£4.71 per kg,"Offer price £1.65, was £2.15"
Mash Direct Salt & Chilli Wedges ,Mash Direct Salt & Chilli Wedges 350g,£2.15,61.4p per 100g,
Mattessons Smoked Pork Sausage Garlic ,Mattessons Smoked Pork Sausage Garlic 160g,£2,£1.25 per 100g,
Mattessons Smoked Pork Sausage Original ,Mattessons Smoked Pork Sausage Original 160g,£2,£1.25 per 100g,
Mattessons Smoked Pork Sausage Original,Mattessons Smoked Pork Sausage Original260g,£2.50,£9.61 per kg,"Offer price £2.50, was £2.85"
Mattessons Smoked Pork Sausage Reduced Fat ,Mattessons Smoked Pork Sausage Reduced Fat 160g,£2,£1.25 per 100g,
McCain Shake Shake Sea Salt & Cracked Black Pepper Fries ,McCain Shake Shake Sea Salt & Cra…300g,£1.50,£5.00 per kg,"Offer price £1.50, was £2.25"
McCain Shake Shake Spanish Smoked Paprika Fries ,McCain Shake Shake Spanish…300g,£1.50,£5.00 per kg,"Offer price £1.50, was £2.25"
Meatless Farm Mince ,Meatless Farm Mince 350g,£2.50,71.4p per 100g,"Offer price £2.50, was £3"
Meatless Farm Plant-Based Burgers ,Meatless Farm Plant-Based Burgers 227g,£2,£8.81 per kg,"Offer price £2, was £2.50"
Meatless Farm Plant-Based Chicken Breasts,Meatless Farm Plant-Based Chicken Breasts210g,£3,£14.29 per kg,"Offer price £3, was £3.50"
Meatless Farm Plant Based 4 Burgers,Meatless Farm Plant Based 4 Burgers400g,£3.50,£8.75 per kg,
Meatless Farm Plant Based 4 Chicken Burgers,Meatless Farm Plant Based 4 Chicken Burgers360g,£3.50,£9.72 per kg,
Meatless Farm Plant Based 8 Sausages ,Meatless Farm Plant Based 8 Sausages 320g,£3,£9.38 per kg,
Meatless Farm Plant Based Chilli Non Carne,Meatless Farm Plant Based Chilli Non Carne400g,£3,£7.50 per kg,
Meatless Farm Plant Based Korean Chicken,Meatless Farm Plant Based Korean Chicken400g,£3,£7.50 per kg,
Meatless Farm Plant Based Meatballs,Meatless Farm Plant Based Meatballs270g,£3,£11.11 per kg,
Meatless Farm Plant Based Mighty Meatball Marinara,Meatless Farm Plant Based M…400g,£3,£7.50 per kg,
Meatless Farm Plant Based Mince,Meatless Farm Plant Based Mince400g,£3,£7.50 per kg,
Mexicana Original Hot Cheddar Slices,Mexicana Original Hot Cheddar Slices160g,£2.40,£15.00 per kg,
Milkybar Desserts ,Milkybar Desserts 4 x 65g,£1.75,67.3p per 100g,
Milkybar Little Treats ,Milkybar Little Treats 6 x 55g,£1.39,42.1p per 100g,
Milkybar Milk Slice,Milkybar Milk Slice4 x 26g,£1.39,£1.34 per 100g,
Milkybar White Chocolate Mousse,Milkybar White Chocolate Mousse4 x 55g,£1.99,90.5p per 100g,
Mini Babybel Light ,Mini Babybel Light 6 x 20g,£2.45,£20.42 per kg,
Mini Babybel Light Family Pack,Mini Babybel Light Family Pack12 x 20g,£3.55,£14.79 per kg,
Mini Babybel Original ,Mini Babybel Original 6 x 20g,£2.45,£20.42 per kg,
Mini Babybel Original Family Pack,Mini Babybel Original Family Pack12 x 20g,£3.55,£14.79 per kg,
Minor Figures Barista Organic Oat,Minor Figures Barista Organic Oat1L,£1.99,£1.99 per litre,
Minor Figures Everyday Light Oat Milk,Minor Figures Everyday Light Oat Milk1L,£1.99,£1.99 per litre,
Minor Figures Everyday Oat Milk,Minor Figures Everyday Oat Milk1L,£1.99,£1.99 per litre,
Minor Figures Oat Milk Barista (Light),Minor Figures Oat Milk Barista (Light)1000ml,£1.85,£1.85 per litre,
Minor Figures Oat Milk Barista Standard ,Minor Figures Oat Milk Barista Standard 1L,£1.89,£1.89 per litre,
Minor Figures Oat Mocha,Minor Figures Oat Mocha200ml,£1.79,£8.95 per litre,
Mlekovita Sokol Cheese,Mlekovita Sokol Cheese150g,£1.49,£9.93 per kg,
Mockingbird Raw Boost Smoothie,Mockingbird Raw Boost Smoothie750ml,£2.95,39.3p per 100ml,"Offer price £2.95, was £4.50"
Mockingbird Raw Defence Smoothie,Mockingbird Raw Defence Smoothie750ml,£2.95,39.3p per 100ml,"Offer price £2.95, was £4.50"
Mockingbird Raw Greens Smoothie,Mockingbird Raw Greens Smoothie750ml,£2.95,39.3p per 100ml,"Offer price £2.95, was £4.50"
Moma Barista Oat Drink,Moma Barista Oat Drink1L,£2.10,£2.10 per litre,
Moma Oat Drink Semi ,Moma Oat Drink Semi 1L,£2.10,£2.10 per litre,
Moma Oat Drink Whole,Moma Oat Drink Whole1L,£2.10,£2.10 per litre,
Moma Original Oat Drink,Moma Original Oat Drink1L,£1.80,£1.80 per litre,
M Organic British Semi Skimmed Milk 2 Pints,M Organic British Semi Skimmed Milk 2 Pints1.14L,£1.65,£1.45 per litre,
M Organic British Semi Skimmed Milk 4 Pints,M Organic British Semi Skimmed Milk 4 Pints2.27L,£2.15,94.7p per litre,
M Organic British Skimmed Milk 2 Pints,M Organic British Skimmed Milk 2 Pints1.136L,£1.65,£1.45 per litre,
 M Organic British Whole Milk 2 Pints  , M Organic British Whole Milk 2 Pints  1.136L,£1.65,£1.45 per litre,
Morliny Frankfurters,Morliny Frankfurters350g,£2.49,71.1p per 100g,
Morliny Krakowska,Morliny Krakowska80g,£1.29,£1.61 per 100g,
Morliny Polish Berlinki Z Kurczat,Morliny Polish Berlinki Z Kurczat250g,£1.59,63.6p per 100g,
Morliny Polish Roast Chicken Fillet,Morliny Polish Roast Chicken Fillet100g,£1.29,£1.29 per 100g,
Morliny Polish Smoked Farmer's Sausage Wiejska,Morliny Polish Smoked Farmer's Sausage Wiejska100g,£1.29,£1.29 per 100g,
Morliny Sliced Zywiecka Sausage ,Morliny Sliced Zywiecka Sausage 90g,£1.29,£1.43 per 100g,
Morrison Coronation Chicken Sandwich,Morrison Coronation Chicken Sandwich200g,£1.89,94.5p per 100g,
Morrison Immune Support Strawberry Yogurt Drinks,Morrison Immune Support Strawberry Yogurt Drinks8 x 100g,£1.65,20.6p per 100g,"Offer price £1.65, was £1.85"
Morrison Polony           ,Morrison Polony           150g,£1.09,72.7p per 100g,
Morrisons 0% Fat Greek Style Yogurt Coconut & Vanilla,Morrisons 0% Fat Greek Style…4 x 125g,£1.30,26p per 100g,"Offer price £1.30, was £1.45"
Morrisons 0% Fat Greek Style Yogurt Strawberry ,Morrisons 0% Fat Greek Style Yogurt Strawberry 4 x 125g,£1.30,26p per 100g,"Offer price £1.30, was £1.45"
Morrisons 100% Cloudy Apple Juice,Morrisons 100% Cloudy Apple Juice1L,£1.69,16.9p per 100ml,
Morrisons 100% Fruit Apple & Elderflower Juice,Morrisons 100% Fruit Apple & Elderflower Juice1L,£1.69,16.9p per 100ml,
Morrisons 100% Fruit Apple & Mango Juice ,Morrisons 100% Fruit Apple & Mango Juice 1.5L,£2.29,15.3p per 100ml,
Morrisons 100% Fruit Clementine Juice,Morrisons 100% Fruit Clementine Juice1L,£1.69,16.9p per 100ml,
Morrisons 100% Fruit Smooth Orange Juice,Morrisons 100% Fruit Smooth Orange Juice1L,£1.69,16.9p per 100ml,
Morrisons 100% Fruit Tropical Juice,Morrisons 100% Fruit Tropical Juice1L,£1.69,16.9p per 100ml,
Morrisons 100% Orange Juice with Bits,Morrisons 100% Orange Juice with Bits1L,£1.69,16.9p per 100ml,
Morrisons 100% Orange Juice With Bits,Morrisons 100% Orange Juice With Bits1.5L,£2.29,15.3p per 100ml,
Morrisons 100% Pineapple Juice  ,Morrisons 100% Pineapple Juice  1L,£1.69,16.9p per 100ml,
Morrisons 100%  Smooth Orange Fruit Juice ,Morrisons 100%  Smooth Orange Fruit Juice 1.5L,£2.29,15.3p per 100ml,
Morrisons 10 BBQ Chicken Skewers  ,Morrisons 10 BBQ Chicken Skewers  100g,£2.39,£2.39 per 100g,Buy 2 for £3.50
"Morrisons 10"" Italian Style Chicken Pizza","Morrisons 10"" Italian Style Chicken Pizza265g",£3.49,£1.32 per 100g,Buy 2 for £6
"Morrisons 10"" Mediterranean Style Vegetable Pizza","Morrisons 10"" Mediterranean…260g",£3.49,£1.34 per 100g,Buy 2 for £6
Morrisons 10 Mini Beef Pasties,Morrisons 10 Mini Beef Pasties300g,£2.39,79.7p per 100g,Buy 2 for £3.50
Morrisons 10 Sweet Chilli Chicken Satays ,Morrisons 10 Sweet Chilli Chicken Satays 100g,£2.39,£2.39 per 100g,Buy 2 for £3.50
Morrisons 10 White Cheesy Slices 200G,Morrisons 10 White Cheesy Slices 200G200g,£1.19,£5.95 per kg,
Morrisons 20 Mini Cheese & Onion Rolls ,Morrisons 20 Mini Cheese & Onion Rolls 200g,£2.39,£1.20 per 100g,Buy 2 for £3.50
Morrisons 20 Mini Pork Sausage Rolls,Morrisons 20 Mini Pork Sausage Rolls200g,£2.39,£1.20 per 100g,Buy 2 for £3.50
Morrisons 20 Southern Fried Chicken Bites ,Morrisons 20 Southern Fried Chicken Bites 100g,£2.39,£2.39 per 100g,Buy 2 for £3.50
Morrisons 2 Baked Potatoes with Cheddar,Morrisons 2 Baked Potatoes with Cheddar450g,£2.49,£5.53 per kg,
Morrisons 2 Bramley Apple Crumbles,Morrisons 2 Bramley Apple Crumbles135g,£2.25,£1.67 per 100g,
Morrisons 2 Cheese & Onion Bakes,Morrisons 2 Cheese & Onion Bakes280g,£1.49,£5.32 per kg,Buy 3 for £4
Morrisons 2 Cheese & Onion Bakes,Morrisons 2 Cheese & Onion Bakes290g,£2.25,77.6p per 100g,
Morrisons 2 Creamy Chicken Bakes ,Morrisons 2 Creamy Chicken Bakes 290g,£2.25,77.6p per 100g,
Morrisons 2 Fresh Bake Pork Sausage Rolls,Morrisons 2 Fresh Bake Pork Sausage Rolls148g,99p,£6.69 per kg,
Morrisons 2 Sausage Bean & Cheese Bakes,Morrisons 2 Sausage Bean & Cheese Bakes290g,£2.25,77.6p per 100g,
Morrisons 2 Steak Bakes,Morrisons 2 Steak Bakes290g,£2.25,77.6p per 100g,
Morrisons 30% Lighter Italian Mozarella,Morrisons 30% Lighter Italian Mozarella125g,£1.19,£9.52 per kg,
Morrisons 30% Lighter Mature Cheddar Cheese,Morrisons 30% Lighter Mature Cheddar Cheese350g,£2.99,£8.54 per kg,
Morrisons 30% Lighter Mature Cheese,Morrisons 30% Lighter Mature Cheese240g,£2.69,£11.21 per kg,
Morrisons 30% Lighter Mature Cheese Slices,Morrisons 30% Lighter Mature Cheese Slices200g,£2.65,£13.25 per kg,Buy 2 for £4.50
Morrisons 30% Lighter Mature Grated Cheese,Morrisons 30% Lighter Mature Grated Cheese200g,£2.65,£13.25 per kg,Buy 2 for £4.50
Morrisons 30% Reduced Fat Houmous,Morrisons 30% Reduced Fat Houmous200g,£1.35,67.5p per 100g,Buy 2 for £2
Morrisons 30% Reduced Fat Red Pepper Houmous ,Morrisons 30% Reduced Fat Red Pepper Houmous 200g,£1.35,67.5p per 100g,Buy 2 for £2
Morrisons 30 Chicken Cocktail Sausages ,Morrisons 30 Chicken Cocktail Sausages 246g,£2.39,97.2p per 100g,Buy 2 for £3.50
Morrisons 3 Cheese & Onion Sandwich Filler,Morrisons 3 Cheese & Onion Sandwich Filler400g,£2.50,62.5p per 100g,
Morrisons 3 Cheese & Onion Sandwich Filler,Morrisons 3 Cheese & Onion Sandwich Filler200g,£1.89,94.5p per 100g,
Morrisons 40 Pork Cocktail Sausages,Morrisons 40 Pork Cocktail Sausages328g,£2.75,83.8p per 100g,
Morrisons 50% Less Fat Creme Fraiche,Morrisons 50% Less Fat Creme Fraiche300ml,£1.20,40p per 100ml,
Morrisons 50% Lighter Mature White Cheddar,Morrisons 50% Lighter Mature White Cheddar240g,£2.69,£11.21 per kg,
Morrisons 50% Reduced Fat Black Pepper Soft Cheese,Morrisons 50% Reduced Fat B…200g,£1.19,59.5p per 100g,Buy 2 for £2
Morrisons 50% Reduced Fat Garlic & Herb Soft Cheese,Morrisons 50% Reduced Fat Gar…200g,£1.19,59.5p per 100g,Buy 2 for £2
Morrisons 50% Reduced Fat Mature Grated Cheddar,Morrisons 50% Reduced Fat…200g,£2.65,£13.25 per kg,Buy 2 for £4.50
Morrisons 50% Reduced Fat Onion & Chive Soft Cheese,Morrisons 50% Reduced Fat Oni…200g,£1.19,59.5p per 100g,Buy 2 for £2
Morrisons 50% Reduced Fat Plain Soft Cheese,Morrisons 50% Reduced Fat Plain Soft Cheese200g,£1.19,59.5p per 100g,Buy 2 for £2
Morrisons 55% Reduced Fat Coleslaw,Morrisons 55% Reduced Fat Coleslaw300g,£1.05,35p per 100g,
Morrisons 55% Reduced Fat Coleslaw,Morrisons 55% Reduced Fat Coleslaw500g,£1.39,27.8p per 100g,
Morrisons 55% Reduced Fat Coleslaw,Morrisons 55% Reduced Fat Coleslaw180g,79p,43.9p per 100g,
Morrisons 6 Fresh Bake Cheese & Onion Rolls,Morrisons 6 Fresh Bake Cheese & Onion Rolls444g,£2.39,£5.38 per kg,
Morrisons 6 Fresh Bake Pork Sausage Rolls,Morrisons 6 Fresh Bake Pork Sausage Rolls444g,£2.39,£5.38 per kg,
Morrisons 8 Garlic Bread Slices ,Morrisons 8 Garlic Bread Slices 230g,£1.89,£8.22 per kg,
Morrisons All Day Breakfast,Morrisons All Day Breakfast400g,£3.75,£9.38 per kg,
Morrisons Almond Uht ,Morrisons Almond Uht 1L,£1.19,£1.19 per litre,
Morrisons Almond Unsweetened Uht,Morrisons Almond Unsweetened Uht1L,£1.19,£1.19 per litre,
Morrisons Anchovies,Morrisons Anchovies145g,£2.75,£1.90 per 100g,
Morrisons  Antipasti Platter Express,Morrisons  Antipasti Platter Express,£4,,
Morrisons Apple Juice from Concentrate,Morrisons Apple Juice from Concentrate1L,£1.20,12p per 100ml,
Morrisons Apple Turnover,Morrisons Apple Turnover2 per pack,£1.99,99.5p each,Buy 2 for £3.50
Morrisons Austrian Smoked Cheese ,Morrisons Austrian Smoked Cheese 125g,£1.75,£14.00 per kg,
Morrisons Bacon & Leek Quiche    ,Morrisons Bacon & Leek Quiche    400g,£2.75,68.8p per 100g,
Morrisons Baking Block ,Morrisons Baking Block 250g,95p,38p per 100g,
Morrisons Banana Flavoured Fresh Milk,Morrisons Banana Flavoured Fresh Milk1L,£1.10,£1.10 per litre,"Offer price £1.10, was £1.25"
Morrisons Banana Fruited Yogurt,Morrisons Banana Fruited Yogurt150g,50p,33.3p per 100g,
Morrisons Basil & Garlic Olives ,Morrisons Basil & Garlic Olives 150g,£2.15,£1.43 per 100g,"Offer price £2.15, was £2.39"
Morrisons BBQ Chicken Pasta,Morrisons BBQ Chicken Pasta250g,£2.69,£1.08 per 100g,Buy 2 for £4
Morrisons BBQ Cooked Chicken Slices ,Morrisons BBQ Cooked Chicken Slices 160g,£2.99,£1.87 per 100g,
Morrisons Beef Barolo Pappardelle,Morrisons Beef Barolo Pappardelle400g,£4.49,£1.12 per 100g,Buy 2 for £8
Morrisons Beef Cannelloni  ,Morrisons Beef Cannelloni  400g,£3.49,£8.73 per kg,Buy 2 for £6
Morrisons Beef Casserole & Dumplings,Morrisons Beef Casserole & Dumplings400g,£3.49,87.3p per 100g,
Morrisons Beef Lasagne ,Morrisons Beef Lasagne 400g,£3.49,£8.73 per kg,Buy 2 for £6
Morrisons Beef Lasagne,Morrisons Beef Lasagne1.5kg,£6.95,£4.63 per kg,Italian Meal Deal For £8
Morrisons Berry-Licious Smoothie,Morrisons Berry-Licious Smoothie750ml,£1.80,24p per 100ml,
Morrisons Big Organic Eggs,Morrisons Big Organic Eggs10 per pack,£3.50,35p each,
Morrisons Black & Green Olives,Morrisons Black & Green Olives120g,£1.65,£1.38 per 100g,
Morrisons Blackcurrant Cheesecakes ,Morrisons Blackcurrant Cheesecakes 3 x 100g,£2.25,75p per 100g,
Morrisons Black Peppered Salami,Morrisons Black Peppered Salami100g,£1.29,£1.29 per 100g,
Morrisons BLT Sandwich,Morrisons BLT Sandwich,£2.85,,Food To Go Meal Deal for £3.50
Morrisons Bolognese Pasta  Melt ,Morrisons Bolognese Pasta  Melt 800g,£4.49,£5.61 per kg,
Morrisons Braised Beef & Mash,Morrisons Braised Beef & Mash400g,£3.49,87.3p per 100g,
Morrisons Breaded Ham,Morrisons Breaded Ham110g,£1.75,£1.59 per 100g,"Offer price £1.75, was £1.99"
Morrisons Breaded Ham,Morrisons Breaded Ham220g,£2.75,£1.25 per 100g,
Morrisons British Blue Stilton ,Morrisons British Blue Stilton 200g,£2.45,£12.25 per kg,
Morrisons British Brie ,Morrisons British Brie 160g,£2.25,£14.06 per kg,
Morrisons British Goat's Cheese ,Morrisons British Goat's Cheese 100g,£2,£20.00 per kg,"Offer price £2, was £2.29"
Morrisons British Salted Butter,Morrisons British Salted Butter250g,£1.99,£7.96 per kg,
Morrisons British Semi Skimmed Milk  2 Pints,Morrisons British Semi Skimmed Milk  2 Pints1.136L,£1.30,£1.14 per litre,
Morrisons British Semi Skimmed Milk 4 Pints,Morrisons British Semi Skimmed Milk 4 Pints2.27L,£1.65,72.7p per litre,
Morrisons British Semi Skimmed Milk 6 Pints,Morrisons British Semi Skimmed Milk 6 Pints3.408L,£2.35,69p per litre,
Morrisons British Skimmed Milk 2 Pints,Morrisons British Skimmed Milk 2 Pints1.136L,£1.30,£1.14 per litre,
Morrisons British Skimmed Milk 4 Pints,Morrisons British Skimmed Milk 4 Pints2.272L,£1.65,72.6p per litre,
Morrisons British Spreadable,Morrisons British Spreadable450g,£2.49,55.3p per 100g,
Morrisons British Whole Milk 2 Pint,Morrisons British Whole Milk 2 Pint1.136L,£1.30,£1.14 per litre,
Morrisons British Whole Milk 4 Pints,Morrisons British Whole Milk 4 Pints2.272L,£1.65,72.6p per litre,
Morrisons British Whole Milk 6 Pints,Morrisons British Whole Milk 6 Pints3.408L,£2.35,69p per litre,
Morrisons Broccoli & Stilton Soup,Morrisons Broccoli & Stilton Soup600g,£1.65,27.5p per 100g,
Morrisons Broccoli & Tomato Quiche,Morrisons Broccoli & Tomato Quiche170g,£1.95,£1.15 per 100g,
Morrisons Brussels Pate,Morrisons Brussels Pate50g,65p,£1.30 per 100g,
Morrisons Bubble & Squeak Rosti Cakes ,Morrisons Bubble & Squeak Rosti Cakes 320g,£2.25,£7.03 per kg,
Morrisons Butter Chicken & Pilau Rice,Morrisons Butter Chicken & Pilau Rice375g,£3.49,93.1p per 100g,
Morrisons Buttermilk,Morrisons Buttermilk300ml,99p,33p per 100ml,
Morrisons Butternut & Vegetable Jalfrezi,Morrisons Butternut & Vegetable Jalfrezi350g,£3.99,£1.14 per 100g,
Morrisons Butternut Sweet Potato & Chilli Soup,Morrisons Butternut Sweet Potato & Chilli Soup600g,£1.99,33.2p per 100g,
Morrisons Cambozola ,Morrisons Cambozola 175g,£2.69,£15.37 per kg,
Morrisons Caramelised Onion Houmous,Morrisons Caramelised Onion Houmous200g,£1.35,67.5p per 100g,Buy 2 for £2
Morrisons Carbonara Sauce ,Morrisons Carbonara Sauce 350g,£1.89,54p per 100g,Buy 2 for £3.50
Morrisons Caribbean Style Jerk Chicken With Rice & Beans ,Morrisons Caribbean Style Jerk Ch…350g,£3.99,£11.40 per kg,Buy 2 for £6
"Morrisons Carrot, Potato & Swede Mash","Morrisons Carrot, Potato & Swede Mash450g",£1.50,£3.33 per kg,
Morrisons Carvery Breaded Ham,Morrisons Carvery Breaded Ham400g,£4.75,£1.19 per 100g,
Morrisons Carvery Breaded Ham,Morrisons Carvery Breaded Ham120g,£2.25,£1.88 per 100g,Buy 2 for £3.50
Morrisons Carvery Chicken With Stuffing,Morrisons Carvery Chicken With Stuffing100g,£2.25,£2.25 per 100g,Buy 2 for £3.50
Morrisons Carvery Corned Beef ,Morrisons Carvery Corned Beef 100g,£2.25,£2.25 per 100g,Buy 2 for £3.50
Morrisons Carvery Ham On The Bone,Morrisons Carvery Ham On The Bone380g,£4.75,£1.25 per 100g,
Morrisons Carvery Ham On The Bone ,Morrisons Carvery Ham On The Bone 120g,£2.25,£1.88 per 100g,Buy 2 for £3.50
Morrisons Carvery Honey Roast Ham,Morrisons Carvery Honey Roast Ham400g,£4.75,£1.19 per 100g,
Morrisons Carvery Honey Roast Ham ,Morrisons Carvery Honey Roast Ham 120g,£2.25,£1.88 per 100g,Buy 2 for £3.50
Morrisons Carvery Honey Roast Thinly Sliced Ham,Morrisons Carvery Honey Roast Thinly Sliced Ham380g,£4.75,£1.25 per 100g,
Morrisons Carvery Pastrami ,Morrisons Carvery Pastrami 100g,£2.25,£2.25 per 100g,Buy 2 for £3.50
Morrisons Carvery Peppered Beef ,Morrisons Carvery Peppered Beef 100g,£2.25,£2.25 per 100g,Buy 2 for £3.50
Morrisons Carvery Peppered Ham ,Morrisons Carvery Peppered Ham 120g,£2.25,£1.88 per 100g,Buy 2 for £3.50
Morrisons Carvery Reduced Fat Oven Cooked Ham,Morrisons Carvery Reduced…120g,£2.25,£1.88 per 100g,Buy 2 for £3.50
Morrisons Carvery Roast Beef,Morrisons Carvery Roast Beef100g,£2.25,£2.25 per 100g,Buy 2 for £3.50
Morrisons Carvery Roast Beef,Morrisons Carvery Roast Beef100g,£2.25,£2.25 per 100g,Buy 2 for £3.50
Morrisons Carvery Roast Beef Slices,Morrisons Carvery Roast Beef Slices300g,£4.75,£1.58 per 100g,
 Morrisons Carvery Roast Peppered Beef, Morrisons Carvery Roast Peppered Beef100g,£2.25,£2.25 per 100g,Buy 2 for £3.50
Morrisons Carvery Smoked Ham ,Morrisons Carvery Smoked Ham 120g,£2.25,£1.88 per 100g,Buy 2 for £3.50
Morrisons Carvery Thinly Sliced Honey Roast Ham,Morrisons Carvery Thinly Sliced Honey Roast Ham120g,£2.25,£1.88 per 100g,Buy 2 for £3.50
Morrisons Carvery Thin Sliced Beef,Morrisons Carvery Thin Sliced Beef100g,£2.25,£2.25 per 100g,Buy 2 for £3.50
Morrisons Carvery Turkey,Morrisons Carvery Turkey120g,£2.25,£1.88 per 100g,Buy 2 for £3.50
Morrisons Cheddar Cheese Croquette Melts ,Morrisons Cheddar Cheese Croquette Melts 240g,£2.25,£9.38 per kg,
Morrisons Cheddar Cheese Mash,Morrisons Cheddar Cheese Mash400g,£1.25,£3.13 per kg,
Morrisons Cheese & Garlic Flatbread,Morrisons Cheese & Garlic Flatbread265g,£2.30,86.8p per 100g,
Morrisons Cheese & Onion Pasties ,Morrisons Cheese & Onion Pasties 4 x 130g,£2.35,45.2p per 100g,
Morrisons Cheese & Onion Quiche  ,Morrisons Cheese & Onion Quiche  400g,£2.75,68.8p per 100g,
Morrisons Cheese & Onion Quiche  ,Morrisons Cheese & Onion Quiche  170g,£1.95,£1.15 per 100g,
Morrisons Cheese & Onion Sandwich,Morrisons Cheese & Onion Sandwich,£1.40,,
Morrisons Cheese & Tomato Pasta Pot ,Morrisons Cheese & Tomato Pasta Pot 300g,£2,66.7p per 100g,Food To Go Meal Deal for £3.50
Morrisons Cheese Feast Pasta Melt ,Morrisons Cheese Feast Pasta Melt 800g,£4.49,£5.61 per kg,
Morrisons Cheese Pasta,Morrisons Cheese Pasta550g,£2.99,£5.44 per kg,Buy 2 for £4
Morrisons Cheese Savoury Sandwich Filler,Morrisons Cheese Savoury Sandwich Filler200g,£1.89,94.5p per 100g,
Morrisons Cheese Singles 10 Slices,Morrisons Cheese Singles 10 Slices200g,£1.19,£5.95 per kg,
Morrisons Chicken & Bacon Parcel,Morrisons Chicken & Bacon Parcel395g,£4.49,£11.37 per kg,Buy 2 for £8
 Morrisons Chicken & Bacon Pasta, Morrisons Chicken & Bacon Pasta250g,£2.69,£10.76 per kg,Buy 2 for £4
Morrisons Chicken & Bacon Pasta,Morrisons Chicken & Bacon Pasta300g,£2.25,£7.50 per kg,Food To Go Meal Deal for £3.50
Morrisons Chicken & Bacon Pasta Bake ,Morrisons Chicken & Bacon Pasta Bake 400g,£3.49,£8.73 per kg,Buy 2 for £6
Morrisons Chicken & Bacon Pasta Bake Serves 2 ,Morrisons Chicken & Bacon…800g,£4.49,56.1p per 100g,
Morrisons Chicken & Bacon Sandwich Filler,Morrisons Chicken & Bacon Sandwich Filler200g,£1.89,94.5p per 100g,
Morrisons Chicken & Bacon Tortelloni,Morrisons Chicken & Bacon Tortelloni300g,£1.89,£6.30 per kg,Buy 2 for £3.50
Morrisons Chicken & Chorizo Tortelloni,Morrisons Chicken & Chorizo Tortelloni300g,£1.89,£6.30 per kg,Buy 2 for £3.50
Morrisons Chicken & Mushroom Cumberland Pie,Morrisons Chicken & Mus…400g,£3.49,£8.73 per kg,Buy 2 for £6
Morrisons Chicken & Mushroom Risotto ,Morrisons Chicken & Mushroom Risotto 350g,£3.49,£9.97 per kg,Buy 2 for £6
Morrisons Chicken & Stuffing Sandwich,Morrisons Chicken & Stuffing Sandwich,£2.50,,Food To Go Meal Deal for £3.50
Morrisons Chicken & Sweetcorn Sandwich Filler,Morrisons Chicken & Sweetcorn Sandwich Filler200g,£1.89,94.5p per 100g,
Morrisons Chicken & Sweetcorn Soup,Morrisons Chicken & Sweetcorn Soup600g,£1.65,27.5p per 100g,
Morrisons Chicken & Vegetable Soup ,Morrisons Chicken & Vegetable Soup 600g,£1.65,27.5p per 100g,
Morrisons Chicken Arrabiatta,Morrisons Chicken Arrabiatta400g,£3.49,£8.73 per kg,Buy 2 for £6
Morrisons Chicken Black Bean & Fried Rice,Morrisons Chicken Black Bean & Fried Rice375g,£3.49,93.1p per 100g,
"Morrisons Chicken Breast Fillets with Bacon, Stuffing & Gravy",Morrisons Chicken Breast Fillets wi…500g,£4.49,£8.98 per kg,Buy 2 for £8
Morrisons  Chicken Caesar Wrap,Morrisons  Chicken Caesar Wrap,£2.85,,
Morrisons Chicken Casserole & Dumplings,Morrisons Chicken Casserole & Dumplings400g,£3.49,£8.73 per kg,
Morrisons Chicken Chowmein,Morrisons Chicken Chowmein375g,£3.49,93.1p per 100g,
Morrisons Chicken Enchiladas ,Morrisons Chicken Enchiladas 400g,£3.49,£8.73 per kg,Buy 2 for £6
Morrisons Chicken Jalfrezi & Rice,Morrisons Chicken Jalfrezi & Rice375g,£3.49,93.1p per 100g,
Morrisons Chicken Korma & Pilau Rice,Morrisons Chicken Korma & Pilau Rice375g,£3.49,93.1p per 100g,
Morrisons Chicken Madras & Rice,Morrisons Chicken Madras & Rice375g,£3.49,93.1p per 100g,
"Morrisons Chicken Mushroom,Thyme And Bacon",Morrisons Chicken Mushr…420g,£4.49,£10.69 per kg,Buy 2 for £8
Morrisons Chicken Pakoras,Morrisons Chicken Pakoras205g,£3.35,£1.63 per 100g,
Morrisons Chicken Parmesan Fettuccine,Morrisons Chicken Parmesan Fettuccine400g,£3.49,£8.73 per kg,Buy 2 for £6
Morrisons Chicken Salad Sandwich,Morrisons Chicken Salad Sandwich,£2.50,,Food To Go Meal Deal for £3.50
Morrisons  Chicken Satay & Sweet Chilli Dip ,Morrisons  Chicken Satay & Sweet Chilli Dip 55g,£1.50,£2.73 per 100g,Food To Go Meal Deal for £3.50
Morrisons Chicken Spring Rolls,Morrisons Chicken Spring Rolls200g,£3.25,£1.63 per 100g,
Morrisons Chicken Tikka Kebabs,Morrisons Chicken Tikka Kebabs64g,£1.75,£2.73 per 100g,Food To Go Meal Deal for £3.50
Morrisons Chicken Tikka Masala & Pilau Rice,Morrisons Chicken Tikka Masala & Pilau Rice375g,£3.49,93.1p per 100g,
Morrisons Chicken Tikka Sandwich,Morrisons Chicken Tikka Sandwich172g,£2.85,£1.66 per 100g,
Morrisons Chicken Tikka Sandwich Filler,Morrisons Chicken Tikka Sandwich Filler200g,£1.89,94.5p per 100g,
Morrisons Chicken Tikka Slice,Morrisons Chicken Tikka Slice2 per pack,£2.25,£1.13 each,
Morrisons Chicken Vindaloo ,Morrisons Chicken Vindaloo 350g,£3.99,£1.14 per 100g,
Morrisons Chilli & Garlic Olives ,Morrisons Chilli & Garlic Olives 150g,£2.15,£1.43 per 100g,"Offer price £2.15, was £2.39"
Morrisons Chilli Beef Burritos ,Morrisons Chilli Beef Burritos 400g,£3.49,£8.73 per kg,Buy 2 for £6
Morrisons Chilli Cheese Dip,Morrisons Chilli Cheese Dip170g,£1.35,79.4p per 100g,Buy 2 for £2
Morrisons Chilli Wedge Melt ,Morrisons Chilli Wedge Melt 400g,£3.49,£8.73 per kg,Buy 2 for £6
Morrisons Chinese Chicken Curry & Egg Fried Rice,Morrisons Chinese Chicken C…375g,£3.49,93.1p per 100g,
Morrisons Chinese Special Fried Rice,Morrisons Chinese Special Fried Rice350g,£3.99,£11.40 per kg,
Morrisons Chinese Sweet & Sour Chicken,Morrisons Chinese Sweet & Sour Chicken350g,£3.99,£11.40 per kg,
Morrisons Chocolate Brownie Bar,Morrisons Chocolate Brownie Bar50g,£1.25,£2.50 per 100g,Food To Go Meal Deal for £3.50
Morrisons Chocolate Caramel Protein Yoghurt,Morrisons Chocolate Caramel Protein Yoghurt200g,85p,42.5p per 100g,
Morrisons Chocolate Flavoured Fresh Milk ,Morrisons Chocolate Flavoured Fresh Milk 1L,£1.10,£1.10 per litre,"Offer price £1.10, was £1.25"
Morrisons Chocolate Mousse,Morrisons Chocolate Mousse6 x 60g,£1.25,34.7p per 100g,
Morrisons Chocolate Mousse Moments ,Morrisons Chocolate Mousse Moments 2 x 95g,£1.79,94.2p per 100g,
Morrisons Chocolate Supreme Desserts,Morrisons Chocolate Supreme Desserts6 x 90g,£1.35,25p per 100g,
Morrisons Classic Houmous,Morrisons Classic Houmous200g,£1.35,67.5p per 100g,Buy 2 for £2
Morrisons Classic Houmous,Morrisons Classic Houmous300g,£1.65,55p per 100g,
Morrisons Clotted Cream Rice Pudding,Morrisons Clotted Cream Rice Pudding2 x 145g,£2.25,77.6p per 100g,
Morrisons Cloudy Apple 100% Fruit Juice,Morrisons Cloudy Apple 100% Fruit Juice1.5L,£2.29,15.3p per 100ml,
Morrisons Coarse Ardennes Pate,Morrisons Coarse Ardennes Pate200g,£1.25,62.5p per 100g,
Morrisons Coarse Ardennes Pate Tub,Morrisons Coarse Ardennes Pate Tub175g,99p,56.6p per 100g,
Morrisons Coarse Pork & Mushroom Pate,Morrisons Coarse Pork & Mushroom Pate170g,£1.75,£1.03 per 100g,
Morrisons Coconut Uht,Morrisons Coconut Uht1L,£1.19,£1.19 per litre,
Morrisons Cod In Parsley Sauce & Mash,Morrisons Cod In Parsley Sauce & Mash400g,£3.75,£9.38 per kg,
 Morrisons Coleslaw & Potato Salad Twin Pack, Morrisons Coleslaw & Potato Salad Twin Pack2 x 250g,£1.75,35p per 100g,
Morrisons Cooked Chicken 10 Slices ,Morrisons Cooked Chicken 10 Slices 125g,£1.69,£1.35 per 100g,
Morrisons Cookie Dough Pie,Morrisons Cookie Dough Pie304g,£3,98.7p per 100g,
Morrisons Cookies & Cream Cheesecake,Morrisons Cookies & Cream Cheesecake500g,£3.59,71.8p per 100g,"Offer price £3.59, was £3.89"
Morrisons Cooking Spanish Chorizo,Morrisons Cooking Spanish Chorizo260g,£3.49,£1.34 per 100g,
Morrisons Cook It Chicken Shawarma,Morrisons Cook It Chicken Shawarma430g,£4.49,£10.44 per kg,Buy 2 for £8
Morrisons Corned Beef,Morrisons Corned Beef100g,£1.50,£1.50 per 100g,"Offer price £1.50, was £1.79"
Morrisons Corned Beef,Morrisons Corned Beef225g,£2.99,£1.33 per 100g,
Morrisons Corned Beef Hash,Morrisons Corned Beef Hash400g,£3.49,87.3p per 100g,
Morrisons Cornish Pasties  ,Morrisons Cornish Pasties  520g,£2.35,45.2p per 100g,
Morrisons Coronation Chicken Sandwich Filler,Morrisons Coronation Chicken Sandwich Filler400g,£2.50,62.5p per 100g,
Morrisons Cottage Pie,Morrisons Cottage Pie400g,£3.49,87.3p per 100g,
Morrisons Cottage Pie,Morrisons Cottage Pie750g,£4.49,59.9p per 100g,
Morrisons Cottage Pie with Buttery Mashed Potato,Morrisons Cottage Pie with…1200g,£6.69,£5.58 per kg,
Morrisons Counted Meat Free Chilli Non Carne,Morrisons Counted Meat Free Chilli Non Carne350g,£1.89,54p per 100g,
Morrisons Cream Of Tomato Soup,Morrisons Cream Of Tomato Soup600g,£1.65,£2.75 per kg,
Morrisons Creamy Chicken & Leek,Morrisons Creamy Chicken & Leek400g,£3.49,87.3p per 100g,
 Morrisons Creamy Coleslaw, Morrisons Creamy Coleslaw300g,£1.05,35p per 100g,
 Morrisons Creamy Coleslaw, Morrisons Creamy Coleslaw180g,79p,43.9p per 100g,
Morrisons Creamy Greens,Morrisons Creamy Greens250g,£2.25,£9.00 per kg,
Morrisons Creamy Mash,Morrisons Creamy Mash450g,£1.09,£2.42 per kg,
Morrisons Creamy Vegetable Soup  ,Morrisons Creamy Vegetable Soup  600g,£1.65,27.5p per 100g,
Morrisons Crispy Chilli Beef,Morrisons Crispy Chilli Beef250g,£3.99,£15.96 per kg,
Morrisons Crispy Sweet & Sour Chicken,Morrisons Crispy Sweet & Sour Chicken400g,£3.99,£9.98 per kg,
Morrisons Crumbly Lancashire,Morrisons Crumbly Lancashire240g,£2.69,£11.21 per kg,
Morrisons Crustless Quiche Lorraine,Morrisons Crustless Quiche Lorraine340g,£2.75,80.9p per 100g,
Morrisons Crème Caramel,Morrisons Crème Caramel2 x 120g,£1.35,56.3p per 100g,"Offer price £1.35, was £1.49"
Morrisons Crème Fraîche,Morrisons Crème Fraîche300ml,£1.20,40p per 100ml,
Morrisons Cumberland Pie,Morrisons Cumberland Pie400g,£3.49,87.3p per 100g,
Morrisons Cypriot Halloumi Burgers,Morrisons Cypriot Halloumi Burgers4 x 50g,£2.99,£14.95 per kg,
Morrisons Dairy Spray Cream ,Morrisons Dairy Spray Cream 250g,£1.60,64p per 100g,
Morrisons Diced Italian Pancetta,Morrisons Diced Italian Pancetta2 x 70g,£2.60,£1.86 per 100g,
Morrisons Diced Spanish Chorizo,Morrisons Diced Spanish Chorizo140g,£2.69,£1.92 per 100g,
Morrisons Double Cream,Morrisons Double Cream150ml,£1,66.7p per 100ml,
Morrisons Double Cream,Morrisons Double Cream300ml,£1.35,45p per 100ml,
Morrisons Double Cream,Morrisons Double Cream600ml,£2.65,44.2p per 100ml,
Morrisons Double Gloucester ,Morrisons Double Gloucester 350g,£2.99,£8.54 per kg,
Morrisons Double Gloucester,Morrisons Double Gloucester240g,£2.69,£11.21 per kg,
Morrisons Duck & Orange Pate,Morrisons Duck & Orange Pate170g,£1.75,£1.03 per 100g,
Morrisons Duck Spring Rolls,Morrisons Duck Spring Rolls200g,£2.99,£1.50 per 100g,
Morrisons Dumpling Topped Minced Beef Pie ,Morrisons Dumpling Topped Minced Beef Pie 550g,£3.95,71.8p per 100g,
Morrisons Dumpling Topped Steak Pie,Morrisons Dumpling Topped Steak Pie550g,£3.95,71.8p per 100g,
Morrisons Eat Smart Brussels Pâté,Morrisons Eat Smart Brussels Pâté175g,99p,56.6p per 100g,
Morrisons Eat Smart Fromage Frais,Morrisons Eat Smart Fromage Frais500g,£1.55,31p per 100g,"Offer price £1.55, was £1.75"
Morrisons Edam Slices,Morrisons Edam Slices240g,£2.65,£11.04 per kg,Buy 2 for £4.50
Morrisons Egg & Bacon Sandwich,Morrisons Egg & Bacon Sandwich200g,£1.89,94.5p per 100g,
Morrisons Egg & Cress Sandwich,Morrisons Egg & Cress Sandwich,£1.40,,
Morrisons Egg & Salad Cream Sandwich Filler,Morrisons Egg & Salad Cream Sandwich Filler200g,£1.89,94.5p per 100g,
Morrisons Egg Mayonnaise Sandwich,Morrisons Egg Mayonnaise Sandwich200g,£1.89,94.5p per 100g,
Morrisons Egg Mayo Sandwich Filler,Morrisons Egg Mayo Sandwich Filler400g,£2.50,62.5p per 100g,
Morrisons Emmental Slices,Morrisons Emmental Slices240g,£2.65,£11.04 per kg,Buy 2 for £4.50
Morrisons Extra Mature Cheddar,Morrisons Extra Mature Cheddar350g,£2.99,£8.54 per kg,
Morrisons Extra Mature Cheese Slices,Morrisons Extra Mature Cheese Slices200g,£2.65,£13.25 per kg,Buy 2 for £4.50
Morrisons Extra Mature Grated Cheese,Morrisons Extra Mature Grated Cheese400g,£4.49,£11.23 per kg,
Morrisons Extra Mature Grated Cheese,Morrisons Extra Mature Grated Cheese200g,£2.65,£13.25 per kg,Buy 2 for £4.50
Morrisons Extra Mature White Cheddar,Morrisons Extra Mature White Cheddar240g,£2.69,£11.21 per kg,
Morrisons Extra Thick Double Cream,Morrisons Extra Thick Double Cream300ml,£1.50,50p per 100ml,
Morrisons Family Apple Crumble,Morrisons Family Apple Crumble500g,£3.49,69.8p per 100g,
Morrisons Family Clotted Cream Rice Pudding,Morrisons Family Clotted Cream Rice Pudding500g,£3.19,63.8p per 100g,
Morrisons Fat Free Greek Style Yogurt ,Morrisons Fat Free Greek Style Yogurt 500g,£1.10,22p per 100g,"Offer price £1.10, was £1.25"
Morrisons Fat Free Natural Yogurt,Morrisons Fat Free Natural Yogurt500g,£1.05,21p per 100g,
Morrisons Fc Apple Juice Chilled Gable Top Carton,Morrisons Fc Apple Juice Chilled Gable Top Carton2L,£1.95,9.8p per 100ml,
Morrisons Fc Orange Juice Smooth Chilled Gable Top Carton,Morrisons Fc Orange Juice Smooth…2L,£1.95,9.8p per 100ml,
Morrisons Feta Cubes,Morrisons Feta Cubes175g,£2.89,£16.51 per kg,
Morrisons Filo Pastry Sheets,Morrisons Filo Pastry Sheets200g,£1.35,£6.75 per kg,
Morrisons Fisherman's Pie,Morrisons Fisherman's Pie700g,£4.49,£6.41 per kg,
Morrisons Fishermans Pie,Morrisons Fishermans Pie400g,£3.49,£8.73 per kg,Buy 2 for £6
Morrisons Fish Sushi Snack Pack,Morrisons Fish Sushi Snack Pack,£1.50,,Food To Go Meal Deal for £3.50
Morrisons Flamegrilled Chicken Slices ,Morrisons Flamegrilled Chicken Slices 80g,£1.69,£2.11 per 100g,
Morrisons Flamegrilled Tikka Chicken Pieces,Morrisons Flamegrilled Tikka Chicken Pieces160g,£2.99,£1.87 per 100g,
 Morrisons Florida Salad, Morrisons Florida Salad280g,£1.49,53.2p per 100g,
Morrisons For Farmers British Semi Skimmed Milk 2 Pints,Morrisons For Farmers British S…1.136L,£1.40,£1.23 per litre,
Morrisons For Farmers British Semi Skimmed Milk 4 Pints,Morrisons For Farmers British S…2.27L,£1.85,81.5p per litre,
Morrisons For Farmers British Whole Milk 2 Pints,Morrisons For Farmers British Whole Milk 2 Pints1.136L,£1.40,£1.23 per litre,
Morrisons For Farmers British Whole Milk 4 Pint,Morrisons For Farmers British Whole Milk 4 Pint2.27L,£1.85,81.5p per litre,
Morrisons for Farmers Chuckle Eggs Medium Free Range Eggs ,Morrisons for Farmers Chuckle Egg…12 per pack,£2.40,20p each,
Morrisons For Farmers Double Cream,Morrisons For Farmers Double Cream300ml,£1.35,45p per 100ml,
Morrisons For Farmers Extra Mature Cheddar,Morrisons For Farmers Extra Mature Cheddar350g,£3.29,£9.40 per kg,
Morrisons For Farmers Single Cream,Morrisons For Farmers Single Cream300ml,£1.20,40p per 100ml,
Morrisons Four Cheese Grated Mix,Morrisons Four Cheese Grated Mix200g,£2.65,£13.25 per kg,Buy 2 for £4.50
Morrisons Four Cheese Tortelloni,Morrisons Four Cheese Tortelloni300g,£1.89,£6.30 per kg,Buy 2 for £3.50
Morrisons French Brie ,Morrisons French Brie 200g,£1.95,£9.75 per kg,"Offer price £1.95, was £2.19"
Morrisons French Camembert,Morrisons French Camembert250g,£2.79,£11.16 per kg,
Morrisons French Fries,Morrisons French Fries225g,£1.59,70.7p per 100g,
Morrisons French Roule         ,Morrisons French Roule         150g,£2.19,£14.60 per kg,
Morrisons French Set Yogurts,Morrisons French Set Yogurts6 x 125g,£1.35,18p per 100g,
Morrisons Fresh Ideas Ready To Cook Chicken Kiev,Morrisons Fresh Ideas Ready…390g,£4.49,£11.51 per kg,Buy 2 for £8
Morrisons Fresh Semi-Skimmed Milk ,Morrisons Fresh Semi-Skimmed Milk 500ml,95p,£1.90 per litre,
Morrisons Fresh Semi Skimmed Milk,Morrisons Fresh Semi Skimmed Milk1L,£1.30,£1.30 per litre,
Morrisons Fresh Semi Skimmed Milk ,Morrisons Fresh Semi Skimmed Milk 2L,£1.65,82.5p per litre,
Morrisons Fresh Skimmed Milk,Morrisons Fresh Skimmed Milk500ml,95p,£1.90 per litre,
Morrisons Fresh Skimmed Milk,Morrisons Fresh Skimmed Milk1L,£1.30,£1.30 per litre,
Morrisons Fresh Skimmed Milk,Morrisons Fresh Skimmed Milk2L,£1.65,82.5p per litre,
Morrisons Fresh Whole Milk,Morrisons Fresh Whole Milk500ml,95p,£1.90 per litre,
Morrisons Fresh Whole Milk,Morrisons Fresh Whole Milk1L,£1.30,£1.30 per litre,
Morrisons Fresh Whole Milk ,Morrisons Fresh Whole Milk 2L,£1.65,82.5p per litre,
Morrisons Fruit Cocktail Trifles,Morrisons Fruit Cocktail Trifles3 x 135g,£1.99,49.1p per 100g,
Morrisons Fruit Duo Squares,Morrisons Fruit Duo Squares6 x 126g,£1.95,25.8p per 100g,
 Morrisons Fruity Couscous, Morrisons Fruity Couscous250g,£2.49,99.6p per 100g,Buy 2 for £4
Morrisons Full Fat Plain Soft Cheese,Morrisons Full Fat Plain Soft Cheese200g,£1.19,£5.95 per kg,Buy 2 for £2
Morrisons Garlic Baguette ,Morrisons Garlic Baguette 210g,£1,£4.76 per kg,Italian Meal Deal For £8
Morrisons Garlic Baguettes Twin Pack ,Morrisons Garlic Baguettes Twin Pack 420g,£1.85,£4.40 per kg,
Morrisons Garlic Doughballs,Morrisons Garlic Doughballs165g,£1.85,£11.21 per kg,
Morrisons Garlic Flatbread,Morrisons Garlic Flatbread255g,£2.30,90.2p per 100g,
Morrisons Garlic Mushroom Pasta Sauce ,Morrisons Garlic Mushroom Pasta Sauce 350g,£1.89,54p per 100g,Buy 2 for £3.50
Morrisons Garlic Mushroom Spaghetti ,Morrisons Garlic Mushroom Spaghetti 330g,£3.49,£10.58 per kg,Buy 2 for £6
Morrisons Garlic Sausage ,Morrisons Garlic Sausage 100g,£1.29,£1.29 per 100g,"Offer price £1.29, was £1.99"
Morrisons Garlic Stuffed Olives,Morrisons Garlic Stuffed Olives150g,£2.49,£1.66 per 100g,
Morrisons German Salami ,Morrisons German Salami 100g,£1.19,£1.19 per 100g,"Offer price £1.19, was £1.35"
Morrisons Gluten Free Chicken Salad Sandwich,Morrisons Gluten Free Chicken Salad Sandwich100g,£2.85,£28.50 per kg,Food To Go Meal Deal for £3.50
Morrisons Gouda Slices,Morrisons Gouda Slices240g,£2.65,£11.04 per kg,Buy 2 for £4.50
Morrisons Grana Padano Wedge,Morrisons Grana Padano Wedge200g,£3.19,£15.95 per kg,
Morrisons Grated Grana Padano,Morrisons Grated Grana Padano150g,£2.69,£17.93 per kg,
Morrisons Grated Italian-Style Cheese,Morrisons Grated Italian-Style Cheese100g,£1.85,£18.50 per kg,
Morrisons Grated Mature White Cheddar,Morrisons Grated Mature White Cheddar240g,£2.65,£11.04 per kg,Buy 2 for £4.50
Morrisons Grated Medium White Cheddar,Morrisons Grated Medium White Cheddar240g,£2.65,£11.04 per kg,Buy 2 for £4.50
Morrisons Grated Mild Coloured Cheddar,Morrisons Grated Mild Coloured Cheddar240g,£2.65,£11.04 per kg,Buy 2 for £4.50
Morrisons Grated Mozzarella,Morrisons Grated Mozzarella500g,£4.49,£8.98 per kg,
Morrisons Grated Mozzarella,Morrisons Grated Mozzarella240g,£2.65,£11.04 per kg,Buy 2 for £4.50
Morrisons Grated Mozzarella & Cheddar Mix,Morrisons Grated Mozzarella & Cheddar Mix240g,£2.65,£11.04 per kg,Buy 2 for £4.50
Morrisons Grated Parmigiano Reggiano   ,Morrisons Grated Parmigiano Reggiano   100g,£2.09,£20.90 per kg,"Offer price £2.09, was £2.49"
Morrisons Grated Red Leicester,Morrisons Grated Red Leicester240g,£2.65,£11.04 per kg,Buy 2 for £4.50
Morrisons Grated White Cheddar,Morrisons Grated White Cheddar240g,£2.65,£11.04 per kg,Buy 2 for £4.50
Morrisons Greek Feta       ,Morrisons Greek Feta       200g,£2.09,£10.45 per kg,
Morrisons Greek Style Honey Yogurt,Morrisons Greek Style Honey Yogurt200g,79p,39.5p per 100g,
Morrisons Greek Style Yogurt,Morrisons Greek Style Yogurt500g,£1.25,25p per 100g,
Morrisons Greek Style Yogurt,Morrisons Greek Style Yogurt200g,79p,39.5p per 100g,
Morrisons Greek Style Yogurt ,Morrisons Greek Style Yogurt 1kg,£1.99,19.9p per 100g,
Morrisons Greek Style Yogurt with Honey,Morrisons Greek Style Yogurt with Honey450g,£1.59,35.3p per 100g,
Morrisons Green Olives With Chilli  Cheese & Garlic ,Morrisons Green Olives With Chilli  Cheese & Garlic 280g,£3,£1.07 per 100g,
Morrisons Guacamole,Morrisons Guacamole150g,£1.35,90p per 100g,Buy 2 for £2
Morrisons Half Crispy Aromatic Duck ,Morrisons Half Crispy Aromatic Duck 540g,£7.79,£14.43 per kg,
Morrisons  Ham & Cheese Sandwich,Morrisons  Ham & Cheese Sandwich,£2.50,,Food To Go Meal Deal for £3.50
Morrisons Ham & Cheese Tortelloni,Morrisons Ham & Cheese Tortelloni300g,£1.89,£6.30 per kg,Buy 2 for £3.50
Morrisons Ham Leek & Cheddar Quiche,Morrisons Ham Leek & Cheddar Quiche170g,£1.95,£1.15 per 100g,
Morrisons Hard Boiled Eggs ,Morrisons Hard Boiled Eggs 2 per pack,£1.50,75p each,Food To Go Meal Deal for £3.50
Morrisons Hash Brown Bites,Morrisons Hash Brown Bites300g,£2.25,75p per 100g,
Morrisons Honey Cured Ham,Morrisons Honey Cured Ham110g,£1.75,£1.59 per 100g,"Offer price £1.75, was £1.99"
Morrisons Honey Cured Ham ,Morrisons Honey Cured Ham 220g,£2.75,£1.25 per 100g,
Morrisons Honey Roast Ham Chunks,Morrisons Honey Roast Ham Chunks100g,£1.25,£12.50 per kg,
Morrisons Honey Roast Ham Slices,Morrisons Honey Roast Ham Slices200g,£3.25,£1.63 per 100g,
Morrisons Honey Skyr,Morrisons Honey Skyr450g,£1.45,32.2p per 100g,
Morrisons Hot & Spicy Cheese Slices,Morrisons Hot & Spicy Cheese Slices180g,£2.65,£1.47 per 100g,Buy 2 for £4.50
Morrisons Hunters Chicken,Morrisons Hunters Chicken430g,£4.49,£10.44 per kg,Buy 2 for £8
Morrisons  Hunters Chicken & Wedges,Morrisons  Hunters Chicken & Wedges475g,£2.49,£5.24 per kg,
Morrisons Hunters Chicken Potato Bake,Morrisons Hunters Chicken Potato Bake1.2kg,£5.99,£4.99 per kg,
Morrisons Indian 6 Onion Bhajis,Morrisons Indian 6 Onion Bhajis300g,£2.39,£7.97 per kg,
Morrisons Indian Chicken Rogan Josh & Pilau Rice,Morrisons Indian Chicken Rogan Josh & Pilau Rice375g,£3.49,93.1p per 100g,
Morrisons Indian Takeaway 18 Mini Indian Snack Selection,Morrisons Indian Takeaway 18 Mi…369g,£3.35,£9.08 per kg,
Morrisons Indian Takeaway Chapattis,Morrisons Indian Takeaway Chapattis2 x 85g,£1.25,£7.35 per kg,
Morrisons Indian Takeaway Vegetable Samosas,Morrisons Indian Takeaw…4 x 40g,£1.59,£9.94 per kg,
Morrisons  Individual Sausage Roll,Morrisons  Individual Sausage Roll114g,£1,87.7p per 100g,Food To Go Meal Deal for £3.50
Morrisons Italian Bolognese Pasta Sauce,Morrisons Italian Bolognese Pasta Sauce350g,£1.89,54p per 100g,Buy 2 for £3.50
Morrisons Italian Cheese & Garlic Bread   ,Morrisons Italian Cheese & Garlic Bread   285g,£1.95,£6.84 per kg,"Offer price £1.95, was £2.19"
Morrisons Italian Cheese Sauce,Morrisons Italian Cheese Sauce350g,£1.89,54p per 100g,Buy 2 for £3.50
Morrisons Italian Fusilli,Morrisons Italian Fusilli500g,£1.89,£3.78 per kg,Buy 2 for £3.50
Morrisons Italian Garlic Pizza Bread,Morrisons Italian Garlic Pizza Bread255g,£1.95,£7.65 per kg,"Offer price £1.95, was £2.19"
Morrisons Italian Gnocchi,Morrisons Italian Gnocchi500g,£1.89,£3.78 per kg,Buy 2 for £3.50
Morrisons Italian Herb Ham,Morrisons Italian Herb Ham100g,£1.99,£1.99 per 100g,
Morrisons Italian Mascarpone,Morrisons Italian Mascarpone250g,£1.79,£7.16 per kg,
Morrisons Italian Mozzarella,Morrisons Italian Mozzarella125g,£1.19,£9.52 per kg,
 Morrisons Italian Pasta Spinach & Pine Nut Salad, Morrisons Italian Pasta Spinach & Pine Nut Salad230g,£2.69,£1.17 per 100g,Buy 2 for £4
Morrisons Italian Penne,Morrisons Italian Penne500g,£1.89,£3.78 per kg,Buy 2 for £3.50
Morrisons Italian Proscuitto Crudo,Morrisons Italian Proscuitto Crudo80g,£2.25,£2.81 per 100g,
Morrisons Italian Ricotta ,Morrisons Italian Ricotta 250g,£1.39,£5.56 per kg,
Morrisons Italian Roasted Vegetable Pasta Sauce,Morrisons Italian Roasted Vegetable Pasta Sauce350g,£1.89,54p per 100g,Buy 2 for £3.50
 Morrisons Italian Salami & Cheese , Morrisons Italian Salami & Cheese 112g,£2.30,£2.05 per 100g,
Morrisons Italian Salami Milano,Morrisons Italian Salami Milano80g,£1.49,£1.86 per 100g,
Morrisons Italian Sausage Pasta Bake,Morrisons Italian Sausage Pasta Bake400g,£3.49,£8.73 per kg,Buy 2 for £6
Morrisons Italian Sausage Pasta Bake ,Morrisons Italian Sausage Pasta Bake 400g,£1.69,£4.23 per kg,
Morrisons Italian Selection,Morrisons Italian Selection120g,£2.99,£2.49 per 100g,
Morrisons Italian Spaghetti,Morrisons Italian Spaghetti500g,£1.89,£3.78 per kg,Buy 2 for £3.50
Morrisons Italian Spaghetti Bolognese ,Morrisons Italian Spaghetti Bolognese 400g,£3.49,£8.73 per kg,Buy 2 for £6
 Morrisons Italian Style Pasta, Morrisons Italian Style Pasta550g,£2.99,£5.44 per kg,Buy 2 for £4
Morrisons Italian Tagliatelle,Morrisons Italian Tagliatelle500g,£1.89,£3.78 per kg,Buy 2 for £3.50
Morrisons Italian Tomato & Mascarpone Pasta Sauce,Morrisons Italian Tomato &…350g,£1.89,54p per 100g,Buy 2 for £3.50
Morrisons Italian Vegetable Lasagne ,Morrisons Italian Vegetable Lasagne 400g,£3.49,£8.73 per kg,Buy 2 for £6
Morrisons Jalfrezi Tikka Meal Bag,Morrisons Jalfrezi Tikka Meal Bag1290g,£8.50,65.9p per 100g,
Morrisons Jam & Cream Doughnut,Morrisons Jam & Cream Doughnut2 per pack,£1.99,99.5p each,Buy 2 for £3.50
Morrisons Jam & Cream Fruited Scones,Morrisons Jam & Cream Fruited Scones2 per pack,£1.99,99.5p each,Buy 2 for £3.50
Morrisons Jelly & Custard ,Morrisons Jelly & Custard 3 x 125g,£1.99,53.1p per 100g,
Morrisons Jumbo Vegetable Samosa,Morrisons Jumbo Vegetable Samosa,£1.25,,Food To Go Meal Deal for £3.50
Morrisons Katsu Chicken Wrap,Morrisons Katsu Chicken Wrap199g,£2.85,£1.43 per 100g,
Morrisons King Prawn Linguine ,Morrisons King Prawn Linguine 350g,£3.49,£9.97 per kg,Buy 2 for £6
Morrisons Korma/Tikka Meal Bag,Morrisons Korma/Tikka Meal Bag1290g,£8.50,65.9p per 100g,
Morrisons Lactose Free Semi Skimmed Milk,Morrisons Lactose Free Semi Skimmed Milk1L,£1.35,£1.35 per litre,
Morrisons Lactose Free Skimmed Milk,Morrisons Lactose Free Skimmed Milk1L,£1.35,£1.35 per litre,
Morrisons Large Free Range Eggs 12 pack,Morrisons Large Free Range Eggs 12 pack12 per pack,£2.85,23.8p each,
Morrisons Large Free Range Eggs 6 pack,Morrisons Large Free Range Eggs 6 pack6 per pack,£1.75,29.2p each,
Morrisons Large Melton Mowbray Pork Pie ,Morrisons Large Melton Mowbray Pork Pie 440g,£3.49,79.3p per 100g,
Morrisons Lasagne,Morrisons Lasagne750g,£4.49,59.9p per 100g,
Morrisons Lasagne Sheets,Morrisons Lasagne Sheets300g,£1.89,£6.30 per kg,Buy 2 for £3.50
Morrisons Lemon Cheesecake,Morrisons Lemon Cheesecake125g,£1.19,95.2p per 100g,"Offer price £1.19, was £1.35"
Morrisons Lemon Cheesecakes,Morrisons Lemon Cheesecakes3 x 100g,£2.25,75p per 100g,
Morrisons Lemon Mousse,Morrisons Lemon Mousse6 x 60g,£1.25,34.7p per 100g,
Morrisons Less Than 2% Fat Semi Skimmed Long Life Milk,Morrisons Less Than 2% Fat Semi…6 x 1L,£5.99,99.8p per litre,
Morrisons Lighter Mascarpone,Morrisons Lighter Mascarpone250g,£1.79,£7.16 per kg,
Morrisons Lighter Real Dairy Spray Cream,Morrisons Lighter Real Dairy Spray Cream250g,£1.60,64p per 100g,
Morrisons Limoncello Dessert,Morrisons Limoncello Dessert2 x 90g,£1.35,75p per 100g,"Offer price £1.35, was £1.49"
Morrisons Limoncello Dessert,Morrisons Limoncello Dessert450g,£3.29,73.1p per 100g,
Morrisons Liver & Mash,Morrisons Liver & Mash400g,£3.49,87.3p per 100g,
Morrisons Long Life British Semi Skimmed Milk,Morrisons Long Life British Semi Skimmed Milk1L,£1.19,£1.19 per litre,
Morrisons Long Life British Skimmed Milk,Morrisons Long Life British Skimmed Milk1L,£1.19,£1.19 per litre,
Morrisons Long Life British Skimmed Milk ,Morrisons Long Life British Skimmed Milk 6 x 1L,£5.99,99.8p per litre,
Morrisons Long Life British Whole Milk,Morrisons Long Life British Whole Milk1L,£1.19,£1.19 per litre,
Morrisons Long Life British Whole Milk,Morrisons Long Life British Whole Milk6 x 1L,£5.99,99.8p per litre,
Morrisons Long Life Original Soya Drink ,Morrisons Long Life Original Soya Drink 1L,£1.19,£1.19 per litre,
Morrisons Long Life Unsweetened Soya Milk Alternative,Morrisons Long Life Unsweeten…1L,£1.19,£1.19 per litre,
Morrisons Low Fat Greek Style Yogurt,Morrisons Low Fat Greek Style Yogurt500g,£1.15,23p per 100g,
Morrisons Low Fat Natural Yogurt,Morrisons Low Fat Natural Yogurt500g,£1.05,21p per 100g,
Morrisons Macaroni Cheese ,Morrisons Macaroni Cheese 400g,£3.49,£8.73 per kg,Buy 2 for £6
Morrisons Made To Share Duck Spring Rolls,Morrisons Made To Share Duck Spring Rolls180g,£3.25,£1.81 per 100g,
Morrisons Made To Share Onion Rings,Morrisons Made To Share Onion Rings250g,£3.25,£1.30 per 100g,
Morrisons Madras Tikka Meal Bag,Morrisons Madras Tikka Meal Bag1290g,£8.50,65.9p per 100g,
Morrisons Mandarin Jelly ,Morrisons Mandarin Jelly 2 x 140g,£1.49,53.2p per 100g,
Morrisons Mango & Passion Fruit Smoothie,Morrisons Mango & Passion Fruit Smoothie750ml,£1.80,24p per 100ml,
Morrisons Mango & Passionfruit Yogurt,Morrisons Mango & Passionfruit Yogurt150g,50p,33.3p per 100g,
Morrisons Mango Papaya & Passionfruit Yogurt,Morrisons Mango Papaya & Passionfruit Yogurt450g,£1.25,27.8p per 100g,
Morrisons Margherita Pizza Pockets 8'S,Morrisons Margherita Pizza Pockets 8'S200g,£2.39,£11.95 per kg,Buy 2 for £3.50
Morrisons Market Street Deli Express Roast Chicken,Morrisons Market Street Del…100g,£1.75,£1.75 per 100g,
Morrisons Market Street Deli Express Tikka Chicken,Morrisons Market Street Deli Express Tikka Chicken100g,£1.75,£1.75 per 100g,
Morrisons Mature Cheddar & Chive Dip,Morrisons Mature Cheddar & Chive Dip170g,£1.35,79.4p per 100g,Buy 2 for £2
Morrisons Mature Cheddar Cheese,Morrisons Mature Cheddar Cheese350g,£2.99,£8.54 per kg,
Morrisons Mature Cheddar Slices,Morrisons Mature Cheddar Slices240g,£2.65,£11.04 per kg,Buy 2 for £4.50
Morrisons Mature Cheese & Pickle Sandwich,Morrisons Mature Cheese & Pickle Sandwich,£2,,Food To Go Meal Deal for £3.50
Morrisons Mature Cheese Slices,Morrisons Mature Cheese Slices200g,£1.19,£5.95 per kg,
Morrisons Mature Coloured Cheddar ,Morrisons Mature Coloured Cheddar 240g,£2.69,£11.21 per kg,
Morrisons Mature Grated Cheddar,Morrisons Mature Grated Cheddar500g,£4.49,£8.98 per kg,
Morrisons Mature White Cheddar,Morrisons Mature White Cheddar240g,£2.69,£11.21 per kg,
Morrisons Meatball Pasta Bake with Macaroni,Morrisons Meatball Pasta Bake with Macaroni1200g,£6.49,£5.41 per kg,Italian Meal Deal For £8
Morrisons Meat Feast Pasta Bake ,Morrisons Meat Feast Pasta Bake 400g,£3.49,£8.73 per kg,Buy 2 for £6
Morrisons Meat Feast Pasta Melt ,Morrisons Meat Feast Pasta Melt 800g,£4.49,56.1p per 100g,
Morrisons Mediterranean Olive Trio,Morrisons Mediterranean Olive Trio150g,£2.15,£1.43 per 100g,"Offer price £2.15, was £2.39"
Morrisons Mediterranean Vegetable Couscous,Morrisons Mediterranean Vegetable Couscous550g,£2.75,50p per 100g,Buy 2 for £4
Morrisons Medium Cheddar Slices,Morrisons Medium Cheddar Slices240g,£2.65,£11.04 per kg,Buy 2 for £4.50
Morrisons Medium Free Range Eggs,Morrisons Medium Free Range Eggs12 per pack,£2.39,19.9p each,
Morrisons Medium Free Range Eggs 6 pack,Morrisons Medium Free Range Eggs 6 pack6 per pack,£1.39,23.2p each,
Morrisons Medium White Cheddar,Morrisons Medium White Cheddar240g,£2.69,£11.21 per kg,
Morrisons Medium White Cheddar Cheese,Morrisons Medium White Cheddar Cheese350g,£2.99,£8.54 per kg,
Morrisons Melting Mozzarella Sticks,Morrisons Melting Mozzarella Sticks240g,£3.49,£14.54 per kg,
Morrisons Melton Mowbray Mini Pork Pies,Morrisons Melton Mowbray Mini Pork Pies6 x 50g,£2.75,91.7p per 100g,
Morrisons Melton Mowbray Small Pork Pie,Morrisons Melton Mowbray Small Pork Pie140g,£1.75,£1.25 per 100g,
Morrisons Melton Mowbray Snack Pork Pies,Morrisons Melton Mowbray Snack Pork Pies2 x 75g,£1.75,£1.17 per 100g,
Morrisons Melton Mowbray Snack Pork Pies,Morrisons Melton Mowbray Snack Pork Pies4 x 75g,£2.50,83.3p per 100g,"Offer price £2.50, was £2.79"
Morrisons Mexican Bean Wrap ,Morrisons Mexican Bean Wrap ,£2.85,,
Morrisons Mexican Chicken Breast Fillets,Morrisons Mexican Chicken Breast Fillets425g,£4.49,£10.56 per kg,Buy 2 for £8
Morrisons Mexican Jalapeno Houmous,Morrisons Mexican Jalapeno Houmous200g,£1.35,67.5p per 100g,Buy 2 for £2
Morrisons Mild Cheddar Cheese,Morrisons Mild Cheddar Cheese350g,£2.99,£8.54 per kg,
Morrisons Mild Cheddar Slices,Morrisons Mild Cheddar Slices240g,£2.65,£11.04 per kg,Buy 2 for £4.50
Morrisons Mild Coloured Cheddar,Morrisons Mild Coloured Cheddar240g,£2.69,£11.21 per kg,
Morrisons Mild Curry Chicken Slices,Morrisons Mild Curry Chicken Slices160g,£2.99,£1.87 per 100g,
Morrisons Mild White Cheddar,Morrisons Mild White Cheddar240g,£2.69,£11.21 per kg,
Morrisons Milk For Farmers Semi Skimmed Milk 6 Pint,Morrisons Milk For Farmers Se…3.408L,£2.65,77.8p per litre,
Morrisons Millionaire Shortbread Bar,Morrisons Millionaire Shortbread Bar50g,£1.25,£2.50 per 100g,Food To Go Meal Deal for £3.50
Morrisons Minced Beef & Onion Pie,Morrisons Minced Beef & Onion Pie150g,99p,66p per 100g,
Morrisons Minced Beef Hotpot Topped with Roast Potato and Sliced Onion,Morrisons Minced Beef Hotpot Topped with…1200g,£5.99,£4.99 per kg,
Morrisons Minced Lamb Hotpot,Morrisons Minced Lamb Hotpot400g,£3.49,£8.73 per kg,Buy 2 for £6
Morrisons Minestrone Soup,Morrisons Minestrone Soup600g,£1.65,27.5p per 100g,
Morrisons Mini Cheese & Ham Pizza ,Morrisons Mini Cheese & Ham Pizza 111g,69p,£6.22 per kg,
Morrisons Mini Cheese & Tomato Pizza ,Morrisons Mini Cheese & Tomato Pizza 111g,69p,£6.22 per kg,
Morrisons Mini Chicken Skewers,Morrisons Mini Chicken Skewers10 x 10g,£2.39,£2.39 per 100g,Buy 2 for £3.50
Morrisons Mini Chicken Tikka Skewers 10 Pack,Morrisons Mini Chicken Tikka Skewers 10 Pack100g,£2.39,£2.39 per 100g,Buy 2 for £3.50
Morrisons Mini Indian Snack Selection 8 Pack,Morrisons Mini Indian Snack Selection 8 Pack165g,£1.99,£12.06 per kg,
Morrisons Mini Pepperoni Pizza ,Morrisons Mini Pepperoni Pizza 111g,69p,£6.22 per kg,
Morrisons Mini Sausage Rolls 28 Pack,Morrisons Mini Sausage Rolls 28 Pack280g,£3,£10.71 per kg,
Morrisons Mixed Olives With Herbs ,Morrisons Mixed Olives With Herbs 280g,£3,£1.07 per 100g,
Morrisons Monterey Jack Slices,Morrisons Monterey Jack Slices240g,£2.65,£11.04 per kg,Buy 2 for £4.50
Morrisons Moroccan Style Houmous,Morrisons Moroccan Style Houmous200g,£1.35,67.5p per 100g,Buy 2 for £2
Morrisons Mozzarella Slices,Morrisons Mozzarella Slices240g,£2.65,£11.04 per kg,Buy 2 for £4.50
Morrisons Mushroom & Ham Tagliatelle,Morrisons Mushroom & Ham Tagliatelle400g,£3.49,£8.73 per kg,Buy 2 for £6
Morrisons Mushroom Stroganoff,Morrisons Mushroom Stroganoff400g,£3.49,£8.73 per kg,Buy 2 for £6
Morrisons Mushroom Tortelloni,Morrisons Mushroom Tortelloni300g,£1.89,£6.30 per kg,Buy 2 for £3.50
Morrisons Natural Skyr,Morrisons Natural Skyr450g,£1.45,32.2p per 100g,
Morrisons Natural Yogurt,Morrisons Natural Yogurt500g,£1.05,21p per 100g,
Morrisons No Added Sugar Cranberry Juice Drink,Morrisons No Added Sugar…1L,£1.20,12p per 100ml,
Morrisons Not From Concentrate Apple Juice,Morrisons Not From Concentrate Apple Juice4 x 250ml,£1.99,19.9p per 100ml,
Morrisons Not From Concentrate Orange Juice,Morrisons Not From Concentrate Orange Juice4 x 250ml,£2.10,21p per 100ml,
Morrisons Nourish 0% Fat Peach & Apricot Yoghurt Drink ,Morrisons Nourish 0% Fat Peach…8 x 100ml,£1.55,19.4p per 100ml,"Offer price £1.55, was £2.50"
Morrisons Nourish Blueberry Drink,Morrisons Nourish Blueberry Drink6 x 100g,£1.75,29.2p per 100g,"Offer price £1.75, was £2.50"
Morrisons Nourish Caribbean Chicken & Rice,Morrisons Nourish Caribbean Chicken & Rice380g,£3.75,98.7p per 100g,Buy 2 for £6.50
Morrisons Nourish Chicken & Potato With Creamy Mustard,Morrisons Nourish Chicken & Pot…380g,£3.75,98.7p per 100g,Buy 2 for £6.50
"Morrisons Nourish Chicken, Green Vegetables & Broccoli","Morrisons Nourish Chicken, Gree…380g",£3.75,98.7p per 100g,Buy 2 for £6.50
Morrisons Nourish Chicken Biryani,Morrisons Nourish Chicken Biryani380g,£3.75,98.7p per 100g,Buy 2 for £6.50
Morrisons Nourish Chicken Noodles,Morrisons Nourish Chicken Noodles380g,£3.75,98.7p per 100g,
Morrisons Nourish Chicken Paella,Morrisons Nourish Chicken Paella380g,£3.75,98.7p per 100g,Buy 2 for £6.50
Morrisons Nourish Coconut Indian Veg Curry,Morrisons Nourish Coconut Indian Veg Curry380g,£3.75,98.7p per 100g,Buy 2 for £6.50
Morrisons Nourish Gut Smoothie,Morrisons Nourish Gut Smoothie750ml,£1.75,23.3p per 100ml,Buy 2 for £3
Morrisons  Nourish Immunity Smoothie,Morrisons  Nourish Immunity Smoothie750ml,£1.75,23.3p per 100ml,Buy 2 for £3
Morrisons Nourish King Prawn Linguine,Morrisons Nourish King Prawn Linguine380g,£3.75,98.7p per 100g,Buy 2 for £6.50
Morrisons Nourish Korean Chicken Sandwich,Morrisons Nourish Korean Chicken Sandwich192g,£2.75,£1.43 per 100g,
Morrisons Nourish Naked Katsu Curry,Morrisons Nourish Naked Katsu Curry380g,£3.75,98.7p per 100g,Buy 2 for £6.50
Morrisons Nourish Natural Kefir ,Morrisons Nourish Natural Kefir 500ml,£1.75,35p per 100ml,
Morrisons Nourish Oriental Duck Noodles,Morrisons Nourish Oriental Duck Noodles380g,£3.75,98.7p per 100g,Buy 2 for £6.50
Morrisons Nourish Pulled Beef Chilli & Rice,Morrisons Nourish Pulled Beef Chilli & Rice380g,£3.75,98.7p per 100g,Buy 2 for £6.50
Morrisons Nourish Raspberry Kefir ,Morrisons Nourish Raspberry Kefir 500ml,£1.75,35p per 100ml,
Morrisons Nourish Revitalise Smoothie ,Morrisons Nourish Revitalise Smoothie 750ml,£1.75,23.3p per 100ml,Buy 2 for £3
Morrisons Nourish Strawberry Drink,Morrisons Nourish Strawberry Drink6 x 100g,£1.75,29.2p per 100g,"Offer price £1.75, was £2.50"
Morrisons Oat Milk,Morrisons Oat Milk1L,£1.49,£1.49 per litre,
Morrisons Olive Light Spread,Morrisons Olive Light Spread450g,£1.29,28.7p per 100g,
Morrisons Olive Spread,Morrisons Olive Spread450g,£1.29,28.7p per 100g,
Morrisons Olives With Feta,Morrisons Olives With Feta150g,£2.15,£1.43 per 100g,"Offer price £2.15, was £2.39"
Morrisons Onion  Bhaji  & Mango Chutney Snack Pot,Morrisons Onion  Bhaji  & Mango Chutney Snack Pot110g,£1.50,£1.36 per 100g,Food To Go Meal Deal for £3.50
Morrisons Onion Garlic & Herb Dip,Morrisons Onion Garlic & Herb Dip170g,£1.35,79.4p per 100g,Buy 2 for £2
Morrisons Orange Juice from Concentrate,Morrisons Orange Juice from Concentrate1L,£1.20,12p per 100ml,
Morrisons Orange Juice from Concentrate with Juicy Bits,Morrisons Orange Juice from Con…1L,£1.20,12p per 100ml,
Morrisons Organic British Whole Milk 4 Pints,Morrisons Organic British Whole Milk 4 Pints2.272L,£2.15,94.6p per litre,
Morrisons Organic Eggs 6 pack,Morrisons Organic Eggs 6 pack6 per pack,£2.79,46.5p each,
Morrisons Organic Mature Cheddar,Morrisons Organic Mature Cheddar250g,£2.99,£11.96 per kg,
Morrisons Oriental Selection,Morrisons Oriental Selection194g,£2.99,£1.54 per 100g,
Morrisons Paglia E Feino,Morrisons Paglia E Feino500g,£1.89,£3.78 per kg,Buy 2 for £3.50
Morrisons Parmentier Potatoes,Morrisons Parmentier Potatoes400g,£2.49,£6.23 per kg,
Morrisons Parmigiano Reggiano ,Morrisons Parmigiano Reggiano 200g,£3.49,£17.45 per kg,
Morrisons Parmigiano Reggiano Shavings ,Morrisons Parmigiano Reggiano Shavings 100g,£2.49,£24.90 per kg,
Morrisons Parsley Sauce,Morrisons Parsley Sauce180g,£1.25,69.4p per 100g,
Morrisons Party Dip Mix,Morrisons Party Dip Mix500g,£2.39,47.8p per 100g,
Morrisons Peach Protein Yoghurt,Morrisons Peach Protein Yoghurt200g,85p,42.5p per 100g,
Morrisons Pea Kale & Ginger Soup,Morrisons Pea Kale & Ginger Soup600g,£1.99,33.2p per 100g,
Morrisons Pecorino Romano ,Morrisons Pecorino Romano 170g,£3.89,£22.88 per kg,
Morrisons Penne Mozzarella,Morrisons Penne Mozzarella400g,£3.49,£8.73 per kg,Buy 2 for £6
Morrisons Pepperoni,Morrisons Pepperoni100g,£1.29,£1.29 per 100g,"Offer price £1.29, was £1.49"
Morrisons Perfectly Buttery,Morrisons Perfectly Buttery450g,£1,22.2p per 100g,
Morrisons Perfectly Buttery,Morrisons Perfectly Buttery900g,£1.89,21p per 100g,
Morrisons Peri Peri Chicken Slices ,Morrisons Peri Peri Chicken Slices 80g,£1.69,£2.11 per 100g,
Morrisons Peri Peri Chicken With Spiced Rice & Corn,Morrisons Peri Peri Chicken W…400g,£3.49,£8.73 per kg,Buy 2 for £6
Morrisons Pesto Chicken Pasta,Morrisons Pesto Chicken Pasta400g,£3.49,87.3p per 100g,Buy 2 for £6
Morrisons Pineapple & Coconut Juice ,Morrisons Pineapple & Coconut Juice 1L,£1.69,16.9p per 100ml,
Morrisons Pink Grapefruit Juice,Morrisons Pink Grapefruit Juice1L,£1.69,16.9p per 100ml,
Morrisons Piri Piri Chicken Mini Fillets ,Morrisons Piri Piri Chicken Mini Fillets 160g,£2.99,£1.87 per 100g,
Morrisons Pitted Green Olives,Morrisons Pitted Green Olives120g,£1.65,£1.38 per 100g,
Morrisons Pizza Dough,Morrisons Pizza Dough400g,£1.30,£3.25 per kg,
Morrisons Pizza Sides Onion Rings,Morrisons Pizza Sides Onion Rings250g,£3.25,£1.30 per 100g,Buy 1 pizza and 2 sides for £8
Morrisons Plant Revolution Cherry Soya Yogurts ,Morrisons Plant Revolutio…4 x 100g,£1.29,32.3p per 100g,
Morrisons Plant Revolution Chilli Con Carne & Rice,Morrisons Plant Revolution…350g,£2.75,78.6p per 100g,"Offer price £2.75, was £2.99"
Morrisons Plant Revolution Mango Soya Yogurts,Morrisons Plant Revolutio…4 x 100g,£1.29,32.3p per 100g,
Morrisons Plant Revolution No Chicken Tikka Masala & Pilau Rice,Morrisons Plant Revolution No Chicken…350g,£2.75,78.6p per 100g,"Offer price £2.75, was £2.99"
Morrisons Plant Revolution No Hoisin Duck Wrap,Morrisons Plant Revolutio…197g,£2.75,£1.40 per 100g,
Morrisons Plant Revolution Vegetable Paella,Morrisons Plant Revolut…350g,£2.75,78.6p per 100g,"Offer price £2.75, was £2.99"
Morrisons Pork & Egg Roll,Morrisons Pork & Egg Roll160g,£1.49,£9.31 per kg,
Morrisons Pork Cocktail Sausages,Morrisons Pork Cocktail Sausages82g,£1.25,£1.52 per 100g,Food To Go Meal Deal for £3.50
Morrisons Pork Cocktail Sausages 20 Pack,Morrisons Pork Cocktail Sausages 20 Pack164g,£1.25,£7.63 per kg,"Offer price £1.25, was £1.49"
Morrisons Pork Cocktail Sausages 30 Pack,Morrisons Pork Cocktail Sausages 30 Pack246g,£2.39,97.2p per 100g,Buy 2 for £3.50
Morrisons Pork Sausage Rolls 28 Pack,Morrisons Pork Sausage Rolls 28 Pack420g,£3,71.4p per 100g,
 Morrisons Potato Salad, Morrisons Potato Salad300g,£1.09,36.3p per 100g,
Morrisons Prawn Mayonnaise Sandwich,Morrisons Prawn Mayonnaise Sandwich,£2.85,,Food To Go Meal Deal for £3.50
Morrisons Prawn Toast,Morrisons Prawn Toast200g,£3.25,£1.63 per 100g,
Morrisons Profiterole Dessert,Morrisons Profiterole Dessert95g,£2,£2.11 per 100g,
Morrisons Profiteroles ,Morrisons Profiteroles 2 x 90g,£1.35,75p per 100g,"Offer price £1.35, was £1.49"
Morrisons Profiteroles,Morrisons Profiteroles450g,£3.29,73.1p per 100g,
Morrisons Prosciutto Cotto,Morrisons Prosciutto Cotto110g,£2.25,£2.05 per 100g,
Morrisons Pub Style 2 Steak & Ale Pies ,Morrisons Pub Style 2 Steak & Ale Pies 440g,£3.30,£7.50 per kg,Save 80p Off Your Next Shop
Morrisons Puff Pastry Block,Morrisons Puff Pastry Block425g,£1.29,30.4p per 100g,
"Morrisons Puff Pastry Chicken, Ham & Leek Pie","Morrisons Puff Pastry Chicken, Ham & Leek Pie200g",£1.79,89.5p per 100g,
"Morrisons Puff Pastry Chicken, Ham & Leek Pie","Morrisons Puff Pastry Chicken, Ham & Leek Pie550g",£3.95,71.8p per 100g,
Morrisons Puff Pastry Steak & Ale Pie,Morrisons Puff Pastry Steak & Ale Pie200g,£1.79,89.5p per 100g,
Morrisons Puff Pastry Steak & Ale Pie,Morrisons Puff Pastry Steak & Ale Pie550g,£3.95,71.8p per 100g,
Morrisons Puff Pastry Steak Pie ,Morrisons Puff Pastry Steak Pie 200g,£1.79,89.5p per 100g,
Morrisons Quiche Lorraine,Morrisons Quiche Lorraine400g,£2.75,68.8p per 100g,
Morrisons Quiche Lorraine        ,Morrisons Quiche Lorraine        170g,£1.95,£1.15 per 100g,
Morrisons Raspberry Cranberry & Blueberry Yogurt,Morrisons Raspberry Cranber…450g,£1.25,27.8p per 100g,
Morrisons Raspberry Trifle,Morrisons Raspberry Trifle600g,£2.49,41.5p per 100g,"Offer price £2.49, was £2.79"
Morrisons Raspberry Trifles,Morrisons Raspberry Trifles3 x 135g,£1.99,49.1p per 100g,
Morrisons Ready Roll Puff Pastry,Morrisons Ready Roll Puff Pastry320g,£1.49,46.6p per 100g,
Morrisons Ready Roll Puff Pastry Light,Morrisons Ready Roll Puff Pastry Light320g,£1.25,39.1p per 100g,
Morrisons Ready Roll Shortcrust Pastry,Morrisons Ready Roll Shortcrust Pastry320g,£1.49,46.6p per 100g,
Morrisons Ready To Eat Flame Grilled Chicken Slices,Morrisons Ready To Eat Flame…160g,£2.99,£1.87 per 100g,
 Morrisons Ready To Eat Roast Chicken Breast Fillets, Morrisons Ready To Eat Roast…220g,£3.25,£1.48 per 100g,
Morrisons Ready To Eat Roast Cooked Whole Chicken,Morrisons Ready To Eat Roas…900g,£5.49,61p per 100g,
Morrisons Ready to Eat Smoked Streaky Bacon ,Morrisons Ready to Eat Smoked Streaky Bacon 50g,£2.99,£5.98 per 100g,
Morrisons Red Leicester,Morrisons Red Leicester240g,£2.69,£11.21 per kg,
Morrisons Red Leicester Cheese,Morrisons Red Leicester Cheese350g,£2.99,£8.54 per kg,
Morrisons Red Leicester Slices,Morrisons Red Leicester Slices240g,£2.65,£11.04 per kg,Buy 2 for £4.50
Morrisons Red Pepper Houmous,Morrisons Red Pepper Houmous200g,£1.35,67.5p per 100g,Buy 2 for £2
Morrisons Reduced Fat Creme Fraiche,Morrisons Reduced Fat Creme Fraiche300ml,£1.20,40p per 100ml,
Morrisons Reduced Fat Garlic Baguettes ,Morrisons Reduced Fat Garlic Baguettes 2 x 210g,£1.85,£4.40 per kg,
 Morrisons Reduced Fat Potato Salad, Morrisons Reduced Fat Potato Salad300g,£1.09,36.3p per 100g,
Morrisons Reduced Fat Soured Cream & Chive Dip,Morrisons Reduced Fat Soured Cream & Chive Dip170g,£1.35,79.4p per 100g,Buy 2 for £2
Morrisons Reduced Fat Spreadable,Morrisons Reduced Fat Spreadable450g,£2.49,55.3p per 100g,
Morrisons Rhubarb Fruited Yogurt,Morrisons Rhubarb Fruited Yogurt150g,50p,33.3p per 100g,
Morrisons Roast Chicken & Bacon Sandwich,Morrisons Roast Chicken & Bacon Sandwich,£2.85,,Food To Go Meal Deal for £3.50
Morrisons Roast Chicken Dinner,Morrisons Roast Chicken Dinner400g,£3.75,£9.38 per kg,
Morrisons Roast Chicken Slices,Morrisons Roast Chicken Slices180g,£3.25,£1.81 per 100g,
 Morrisons Roasted Vegetable Couscous, Morrisons Roasted Vegetable Couscous250g,£2.49,99.6p per 100g,Buy 2 for £4
Morrisons Roasted Vegetable Risotto,Morrisons Roasted Vegetable Risotto360g,£3.49,£9.69 per kg,Buy 2 for £6
Morrisons Roast Potatoes,Morrisons Roast Potatoes400g,£1.99,49.8p per 100g,
Morrisons Roast Skin On Chicken Fillets,Morrisons Roast Skin On Chicken Fillets220g,£3.25,£1.48 per 100g,
Morrisons Rocky Road Bar,Morrisons Rocky Road Bar50g,£1.25,£2.50 per 100g,Food To Go Meal Deal for £3.50
Morrisons Salad Cheese,Morrisons Salad Cheese200g,£1.79,£8.95 per kg,
Morrisons Salami Selection,Morrisons Salami Selection120g,£2.79,£2.33 per 100g,
Morrisons Sausage & Mash,Morrisons Sausage & Mash400g,£3.49,87.3p per 100g,
Morrisons Savers 15 Cheese Slices ,Morrisons Savers 15 Cheese Slices 255g,83p,£3.25 per kg,
Morrisons Savers Beef Lasagne,Morrisons Savers Beef Lasagne400g,£1.67,£4.18 per kg,
Morrisons Savers Beef Lasagne,Morrisons Savers Beef Lasagne400g,85p,21.3p per 100g,
Morrisons Savers Cheese & Tomato Pasta,Morrisons Savers Cheese & Tomato Pasta400g,85p,21.3p per 100g,
Morrisons Savers Cheese And Tomato Pizza ,Morrisons Savers Cheese And Tomato Pizza 270g,89p,£3.30 per kg,
Morrisons Savers Cheese Slices,Morrisons Savers Cheese Slices200g,£1.39,69.5p per 100g,
Morrisons Savers Chicken Curry,Morrisons Savers Chicken Curry400g,£1.67,£4.18 per kg,
Morrisons Savers Chicken Curry,Morrisons Savers Chicken Curry400g,85p,21.3p per 100g,
Morrisons Savers Chicken Pieces,Morrisons Savers Chicken Pieces750g,£4.26,56.8p per 100g,
Morrisons Savers Chocolate Mousse,Morrisons Savers Chocolate Mousse6 x 60g,72p,20p per 100g,
Morrisons Savers Cooked Chicken Tikka Breast Slices,Morrisons Savers Cooked Chick…210g,£1.99,94.8p per 100g,
Morrisons Savers Cooked Ham,Morrisons Savers Cooked Ham200g,£1.17,58.5p per 100g,
Morrisons Savers Cottage Pie,Morrisons Savers Cottage Pie400g,£1.67,£4.18 per kg,
Morrisons Savers Family Pack Breaded Ham ,Morrisons Savers Family Pack Breaded Ham 370g,£1.95,52.7p per 100g,
Morrisons  Savers Fromage Frais,Morrisons  Savers Fromage Frais12 x 55g,88p,13.3p per 100g,
Morrisons Savers Garlic Baguette ,Morrisons Savers Garlic Baguette 170g,37p,£2.18 per kg,
Morrisons Savers Grated Cheese,Morrisons Savers Grated Cheese1kg,£5.60,£5.60 per kg,
Morrisons Savers Grated Italian Style Hard Cheese,Morrisons Savers Grated Italian Style Hard Cheese120g,£1.67,£1.39 per 100g,
Morrisons Savers Grated Mixed Cheese,Morrisons Savers Grated Mixed Cheese500g,£2.80,56p per 100g,
Morrisons Savers Grilling Cheese ,Morrisons Savers Grilling Cheese 200g,£1.59,£7.95 per kg,
Morrisons Savers Hot & Spicy Cooked Chicken Breast Slices,Morrisons Savers Hot & Spicy Cook…210g,£1.99,94.8p per 100g,
Morrisons Savers Italian Style Hard Cheese,Morrisons Savers Italian Style Hard Cheese170g,£1.74,£10.24 per kg,
Morrisons Savers Lighter Mature Cheddar ,Morrisons Savers Lighter Mature Cheddar 350g,£2.35,£6.71 per kg,
Morrisons Savers Long Life Skimmed Milk,Morrisons Savers Long Life Skimmed Milk1L,69p,69p per litre,
Morrisons Savers Low Fat Natural Yogurt,Morrisons Savers Low Fat Natural Yogurt500g,45p,9p per 100g,
Morrisons Savers Low Fat Strawberry,Morrisons Savers Low Fat Strawberry450g,95p,21.1p per 100g,
Morrisons Savers Macaroni Cheese,Morrisons Savers Macaroni Cheese400g,£1.67,£4.18 per kg,
Morrisons Savers Macaroni Cheese,Morrisons Savers Macaroni Cheese400g,85p,21.3p per 100g,
Morrisons Savers Mature White Cheddar,Morrisons Savers Mature White Cheddar625g,£3.33,£5.33 per kg,
Morrisons Savers Mature White Cheddar ,Morrisons Savers Mature White Cheddar 350g,£2.35,£6.71 per kg,
Morrisons Savers Medium White Cheddar,Morrisons Savers Medium White Cheddar350g,£2.35,£6.71 per kg,
Morrisons Savers Mild White Cheddar,Morrisons Savers Mild White Cheddar625g,£3.33,£5.33 per kg,
Morrisons Savers Mild White Cheddar ,Morrisons Savers Mild White Cheddar 350g,£2.35,£6.71 per kg,
Morrisons Savers Mozzarella,Morrisons Savers Mozzarella100g,55p,55p per 100g,
Morrisons Savers Orange Juice from Concentrate,Morrisons Savers Orange Juice from Concentrate1L,85p,8.5p per 100ml,
Morrisons Savers Plain Soft Cheese,Morrisons Savers Plain Soft Cheese200g,83p,41.5p per 100g,
Morrisons Savers Pork Luncheon Meat ,Morrisons Savers Pork Luncheon Meat 250g,86p,34.4p per 100g,
Morrisons Savers Red Fruit Yogurts,Morrisons Savers Red Fruit Yogurts6 x 125g,79p,10.5p per 100g,
Morrisons Savers Red Leicester,Morrisons Savers Red Leicester350g,£2.35,£6.71 per kg,
Morrisons Savers Salad Cheese,Morrisons Savers Salad Cheese200g,85p,£4.25 per kg,
Morrisons Savers Salted Butter,Morrisons Savers Salted Butter250g,£1.89,£7.56 per kg,
Morrisons Savers Sausage & Mash,Morrisons Savers Sausage & Mash400g,£1.67,£4.18 per kg,
Morrisons Savers Spaghetti Bolognese,Morrisons Savers Spaghetti Bolognese400g,£1.67,£4.18 per kg,
Morrisons Savers Spaghetti Bolognese,Morrisons Savers Spaghetti Bolognese400g,85p,21.3p per 100g,
Morrisons Savers Spread,Morrisons Savers Spread900g,£1.69,18.8p per 100g,
Morrisons Savers Strawberry Trifle,Morrisons Savers Strawberry Trifle113g,33p,29.2p per 100g,
Morrisons Savers Sweet & Smokey Chicken Slices,Morrisons Savers Sweet & Smokey Chicken Slices210g,£1.99,94.8p per 100g,
Morrisons Savers Sweet & Sour Chicken,Morrisons Savers Sweet & Sour Chicken400g,85p,21.3p per 100g,
Morrisons Savers UHT Unsweetened Soya Milk Alternative,Morrisons Savers UHT Unsweetene…1L,50p,50p per litre,
Morrisons Savers Wafer Thin Cooked Ham,Morrisons Savers Wafer Thin Cooked Ham170g,£1.17,68.8p per 100g,
Morrisons Scottish Extra Mature White Cheddar,Morrisons Scottish Extra Mature White Cheddar240g,£2.69,£11.21 per kg,
Morrisons Scottish Mature Coloured Cheddar,Morrisons Scottish Mature Coloured Cheddar240g,£2.69,£11.21 per kg,
Morrisons Scottish Mature White Cheddar,Morrisons Scottish Mature White Cheddar240g,£2.69,£11.21 per kg,
Morrisons Scottish Medium Cheddar Cheese,Morrisons Scottish Medium Cheddar Cheese350g,£2.99,£8.54 per kg,
Morrisons Scottish Medium Coloured Cheddar,Morrisons Scottish Medium Coloured Cheddar240g,£2.69,£11.21 per kg,
Morrisons Scottish Medium White Cheddar,Morrisons Scottish Medium White Cheddar240g,£2.69,£11.21 per kg,
Morrisons Scottish Mild Coloured Cheddar,Morrisons Scottish Mild Coloured Cheddar240g,£2.69,£11.21 per kg,
Morrisons Scottish Mild White Cheddar,Morrisons Scottish Mild White Cheddar240g,£2.69,£11.21 per kg,
Morrisons Seafood Cocktail Sandwich,Morrisons Seafood Cocktail Sandwich200g,£1.89,94.5p per 100g,
Morrisons Semi Dried Tomato & Mozzarella,Morrisons Semi Dried Tomato & Mozzarella140g,£2.85,£2.04 per 100g,
Morrisons Semi Dried Tomatoes,Morrisons Semi Dried Tomatoes150g,£2.15,£1.43 per 100g,"Offer price £2.15, was £2.39"
Morrisons Shepherds Pie,Morrisons Shepherds Pie400g,£3.49,87.3p per 100g,
Morrisons Shortcrust Minced Steak & Onion Pie,Morrisons Shortcrust Minced Steak & Onion Pie200g,£1.79,89.5p per 100g,
Morrisons Shortcrust Pastry Block,Morrisons Shortcrust Pastry Block425g,£1.29,30.4p per 100g,
Morrisons Shortcrust Steak & Kidney Pie,Morrisons Shortcrust Steak & Kidney Pie200g,£1.79,89.5p per 100g,
Morrisons Shortcrust Steak Pie,Morrisons Shortcrust Steak Pie200g,£1.79,89.5p per 100g,
Morrisons Short Crust Steak Pie,Morrisons Short Crust Steak Pie550g,£3.95,71.8p per 100g,
Morrisons Single Cream,Morrisons Single Cream150ml,80p,53.3p per 100ml,
Morrisons Single Cream,Morrisons Single Cream300ml,£1.20,40p per 100ml,
Morrisons Single Cream,Morrisons Single Cream600ml,£2.10,35p per 100ml,
Morrisons Sliced Cooked Beef Thin,Morrisons Sliced Cooked Beef Thin100g,£1.59,£1.59 per 100g,
Morrisons Sliced Spanish Chorizo,Morrisons Sliced Spanish Chorizo100g,£1.29,£1.29 per 100g,
Morrisons Slow Cooked Beef Stroganoff,Morrisons Slow Cooked Beef Stroganoff450g,£5,£11.11 per kg,
Morrisons Smoked Cheese Slices,Morrisons Smoked Cheese Slices160g,£2.65,£16.56 per kg,Buy 2 for £4.50
Morrisons Smoked Ham ,Morrisons Smoked Ham 100g,£2,£2.00 per 100g,
Morrisons Smooth Brussels Pate,Morrisons Smooth Brussels Pate200g,£1.25,62.5p per 100g,
Morrisons Smooth Brussels Pâté Tub,Morrisons Smooth Brussels Pâté Tub175g,99p,56.6p per 100g,
Morrisons Snack Celery Sticks With A Black Pepper Cream Cheese Dip,Morrisons Snack Celery Sticks With A Bl…125g,£1.75,£1.40 per 100g,Food To Go Meal Deal for £3.50
Morrisons Snack Salt & Pepper Breadsticks With A Red Pepper Harissa Dip,Morrisons Snack Salt & Pepper Breadsticks…125g,£1.50,£1.20 per 100g,Food To Go Meal Deal for £3.50
Morrisons Snack Seafood Sticks With Marie Rose Sauce,Morrisons Snack Seafood Stick…100g,£1.75,£1.75 per 100g,Food To Go Meal Deal for £3.50
Morrisons Soft Spread For Baking,Morrisons Soft Spread For Baking2kg,£3.39,£1.70 per kg,
Morrisons Soured Cream,Morrisons Soured Cream150ml,75p,50p per 100ml,
Morrisons Soured Cream,Morrisons Soured Cream300ml,£1.20,40p per 100ml,
Morrisons Soured Cream & Chive Dip,Morrisons Soured Cream & Chive Dip170g,£1.35,79.4p per 100g,Buy 2 for £2
Morrisons  Southern Fried Chicken Wrap,Morrisons  Southern Fried Chicken Wrap,£2.85,,Food To Go Meal Deal for £3.50
Morrisons South Indian Veg Curry,Morrisons South Indian Veg Curry400g,£1.99,49.8p per 100g,Buy 3 for £5
Morrisons Spaghetti & Meatballs ,Morrisons Spaghetti & Meatballs 400g,£3.49,£8.73 per kg,Buy 2 for £6
Morrisons Spaghetti Carbonara ,Morrisons Spaghetti Carbonara 400g,£3.49,£8.73 per kg,Buy 2 for £6
Morrisons Spanish Chicken & Potatoes ,Morrisons Spanish Chicken & Potatoes 1.35kg,£6.99,£5.18 per kg,
Morrisons Spanish Chorizo Ring,Morrisons Spanish Chorizo Ring200g,£2.49,£1.25 per 100g,
Morrisons Spanish Selection,Morrisons Spanish Selection120g,£2.75,£2.29 per 100g,
Morrisons Spanish Serrano Ham,Morrisons Spanish Serrano Ham80g,£1.80,£2.25 per 100g,
Morrisons Spicy Bean Enchiladas ,Morrisons Spicy Bean Enchiladas 400g,£3.49,£8.73 per kg,Buy 2 for £6
Morrisons Spicy Buffalo No Chick'n Sandwich,Morrisons Spicy Buffalo No Chick'n Sandwich206g,£2.85,£1.38 per 100g,
Morrisons Spicy Chorizo,Morrisons Spicy Chorizo100g,£1.29,£1.29 per 100g,
Morrisons Spicy Four Cheese Mix,Morrisons Spicy Four Cheese Mix200g,£2.65,£1.33 per 100g,Buy 2 for £4.50
Morrisons Spicy Sausage Tortelloni,Morrisons Spicy Sausage Tortelloni300g,£1.89,£6.30 per kg,Buy 2 for £3.50
Morrisons Spicy Spanish Chorizo Ring,Morrisons Spicy Spanish Chorizo Ring200g,£2.49,£1.25 per 100g,
Morrisons Spinach & Ricotta Cannelloni ,Morrisons Spinach & Ricotta Cannelloni 400g,£3.49,£8.73 per kg,Buy 2 for £6
Morrisons Spinach & Ricotta Tortelloni,Morrisons Spinach & Ricotta Tortelloni300g,£1.89,£6.30 per kg,Buy 2 for £3.50
Morrisons Spreadable,Morrisons Spreadable450g,£2.49,55.3p per 100g,
Morrisons Spreadable Goats Cheese ,Morrisons Spreadable Goats Cheese 150g,£1.95,£13.00 per kg,
Morrisons Steak & Ale with Cheesy Mash,Morrisons Steak & Ale with Cheesy Mash400g,£3.49,£8.73 per kg,Buy 2 for £6
Morrisons Steak & Kidney Pie,Morrisons Steak & Kidney Pie150g,99p,66p per 100g,
Morrisons Steak & Kidney Pie,Morrisons Steak & Kidney Pie400g,£3.75,93.8p per 100g,
Morrisons Steak Pie        ,Morrisons Steak Pie        150g,99p,66p per 100g,
Morrisons Stonebaked BBQ Chicken Pizza ,Morrisons Stonebaked BBQ Chicken Pizza 315g,£3.49,£11.08 per kg,Buy 2 for £6
Morrisons Stonebaked Cheese & Tomato Pizza ,Morrisons Stonebaked Cheese & Tomato Pizza 265g,£3.49,£13.17 per kg,Buy 2 for £6
Morrisons Stonebaked Ham & Pineapple Pizza ,Morrisons Stonebaked Ham & Pineapple Pizza 325g,£3.49,£10.74 per kg,Buy 2 for £6
Morrisons Stonebaked Meat Feast Pizza ,Morrisons Stonebaked Meat Feast Pizza 300g,£3.49,£11.63 per kg,Buy 2 for £6
Morrisons Stonebaked Pepperoni Pizza ,Morrisons Stonebaked Pepperoni Pizza 270g,£3.49,£12.93 per kg,Buy 2 for £6
Morrisons Stonebaked Spicy Chicken Pizza ,Morrisons Stonebaked Spicy Chicken Pizza 310g,£3.49,£11.26 per kg,Buy 2 for £6
Morrisons Stonebaked Spinach & Ricotta Pizza,Morrisons Stonebaked Spinach & Ricotta Pizza330g,£3.49,£10.58 per kg,Buy 2 for £6
Morrisons Strawberry & Banana Smoothie,Morrisons Strawberry & Banana Smoothie750ml,£1.80,24p per 100ml,
Morrisons Strawberry Cheesecakes ,Morrisons Strawberry Cheesecakes 3 x 100g,£2.25,75p per 100g,
Morrisons Strawberry Flavoured Fresh Milk,Morrisons Strawberry Flavoured Fresh Milk1L,£1.10,£1.10 per litre,"Offer price £1.10, was £1.25"
Morrisons Strawberry Fromage Frais,Morrisons Strawberry Fromage Frais4 x 80g,£1,31.3p per 100g,
Morrisons Strawberry Fruited Yogurt,Morrisons Strawberry Fruited Yogurt150g,50p,33.3p per 100g,
Morrisons Strawberry Mousse,Morrisons Strawberry Mousse6 x 60g,£1.25,34.7p per 100g,
Morrisons Strawberry Protein Yoghurt,Morrisons Strawberry Protein Yoghurt200g,85p,42.5p per 100g,
Morrisons Strawberry Supreme Desserts,Morrisons Strawberry Supreme Desserts6 x 90g,£1.35,25p per 100g,
Morrisons Strawberry Trifle ,Morrisons Strawberry Trifle 600g,£2.49,41.5p per 100g,"Offer price £2.49, was £2.79"
Morrisons Strawberry Trifles,Morrisons Strawberry Trifles3 x 135g,£1.99,49.1p per 100g,
Morrisons Stuffed Crust Cheese Feast Pizza ,Morrisons Stuffed Crust Cheese Feast Pizza 450g,£4,£8.89 per kg,
Morrisons Stuffed Peppers,Morrisons Stuffed Peppers150g,£2.45,£1.63 per 100g,"Offer price £2.45, was £2.75"
Morrisons  Sun Blush Tomato & Garlic Flatbread ,Morrisons  Sun Blush Tomato & Garlic Flatbread 260g,£2.30,88.5p per 100g,
Morrisons Sweet & Sour Battered Chicken,Morrisons Sweet & Sour Battered Chicken400g,£1.69,£4.23 per kg,
Morrisons Sweet & Sour Chicken & Egg Fried Rice,Morrisons Sweet & Sour Chicken & Egg Fried Rice375g,£3.49,93.1p per 100g,
Morrisons Sweet Chilli Chicken,Morrisons Sweet Chilli Chicken390g,£4.49,£11.51 per kg,Buy 2 for £8
Morrisons Sweet Chilli Chicken Wings,Morrisons Sweet Chilli Chicken Wings450g,£3.25,£7.22 per kg,
Morrisons Sweet Chilli Houmous,Morrisons Sweet Chilli Houmous200g,£1.35,67.5p per 100g,Buy 2 for £2
 Morrisons Sweet Chilli Noodles, Morrisons Sweet Chilli Noodles260g,£2.49,95.8p per 100g,Buy 2 for £4
Morrisons Sweet Pancakes,Morrisons Sweet Pancakes6 per pack,£1.85,30.9p each,"Offer price £1.85, was £1.99"
Morrisons Sweet Potato Fritters,Morrisons Sweet Potato Fritters225g,£2.50,£1.11 per 100g,
Morrisons Swiss Le Gruyere Cheese,Morrisons Swiss Le Gruyere Cheese170g,£3.49,£20.53 per kg,
Morrisons Takeaway Beef In Black Bean,Morrisons Takeaway Beef In Black Bean350g,£3.99,£11.40 per kg,
Morrisons Takeaway Chicken Dhansak,Morrisons Takeaway Chicken Dhansak350g,£3.99,£1.14 per 100g,
Morrisons Takeaway Chinese Special Chow Mein,Morrisons Takeaway Chin…350g,£3.99,£11.40 per kg,
Morrisons Takeaway Crispy Chilli Chicken ,Morrisons Takeaway Crispy Chilli Chicken 400g,£3.99,£9.98 per kg,
Morrisons Takeaway Crispy Lemon Chicken,Morrisons Takeaway Crispy Lemon Chicken400g,£3.99,£9.98 per kg,
Morrisons Takeaway Egg Fried Rice,Morrisons Takeaway Egg Fried Rice270g,£1.79,66.3p per 100g,
Morrisons Takeaway Indian Aloo Gobi Saag,Morrisons Takeaway Indian Aloo Gobi Saag225g,£1.59,£7.07 per kg,
Morrisons Takeaway Indian Bombay Potato,Morrisons Takeaway Indian Bombay Potato225g,£1.59,£7.07 per kg,
Morrisons Takeaway Indian Chicken Balti,Morrisons Takeaway Indian Chicken Balti350g,£3.99,£11.40 per kg,
Morrisons Takeaway Indian Chicken Jalfrezi,Morrisons Takeaway Indian Chicken Jalfrezi350g,£3.99,£11.40 per kg,
Morrisons Takeaway Indian Chicken Korma,Morrisons Takeaway Indian Chicken Korma350g,£3.99,£11.40 per kg,
Morrisons Takeaway Indian Chicken Madras,Morrisons Takeaway Indian Chicken Madras350g,£3.99,£11.40 per kg,
Morrisons Takeaway Indian Chicken Makhani,Morrisons Takeaway Indian Chicken Makhani350g,£3.99,£11.40 per kg,
Morrisons Takeaway Indian Chicken Tikka Masala,Morrisons Takeaway Indian…350g,£3.99,£11.40 per kg,
Morrisons Takeaway Indian Hot Chicken Tikka Masala,Morrisons Takeaway Indian H…350g,£3.99,£11.40 per kg,
Morrisons Takeaway Indian Lamb Rogan Josh,Morrisons Takeaway Indian Lamb Rogan Josh350g,£3.99,£11.40 per kg,
Morrisons Takeaway Meal For 2 Chicken & Blackbean & Sweet and Sour ,Morrisons Takeaway Meal For 2 Chicken &…1245g,£9.25,£7.43 per kg,
Morrisons Takeaway Meal For 2 Sweet & Sour Curry,Morrisons Takeaway Meal For 2 Sweet & Sour Curry1245g,£9.25,£7.43 per kg,
Morrisons Takeaway Pilau Rice,Morrisons Takeaway Pilau Rice270g,£1.79,66.3p per 100g,
Morrisons Takeaway Tadka Dal ,Morrisons Takeaway Tadka Dal 300g,£2.09,£6.97 per kg,
Morrisons Takeaway Tricolor Rice,Morrisons Takeaway Tricolor Rice270g,£1.79,66.3p per 100g,
Morrisons Takeaway Vegetable Masala,Morrisons Takeaway Vegetable Masala350g,£3.99,£1.14 per 100g,
Morrisons Takeaway Vegetable Noodles,Morrisons Takeaway Vegetable Noodles250g,£1.60,£6.40 per kg,
Morrisons Tandoori Chicken Breast Fillets,Morrisons Tandoori Chicken Breast Fillets420g,£4.49,£10.69 per kg,Buy 2 for £8
Morrisons Taramasalata,Morrisons Taramasalata170g,£1.35,79.4p per 100g,Buy 2 for £2
Morrisons Taste Of America Pulled Chicken Burrito,Morrisons Taste Of America…400g,£3.99,£9.98 per kg,Buy 2 for £6
Morrisons Tex Mex BBQ Chicken With Paprika & Roasted Potatoes,Morrisons Tex Mex BBQ Chicken With…450g,£3.49,£7.76 per kg,Buy 2 for £6
Morrisons Tex Mex Chilli Con Carne & Rice,Morrisons Tex Mex Chilli Con Carne & Rice400g,£3.49,£8.73 per kg,Buy 2 for £6
Morrisons Tex Mex Dip Selection,Morrisons Tex Mex Dip Selection400g,£2.39,59.8p per 100g,
Morrisons Tex Mex Fajita Chicken & Spicy Rice,Morrisons Tex Mex Fajita Chicken & Spicy Rice400g,£3.49,£8.73 per kg,Buy 2 for £6
"Morrisons The Best 12"" Middle Eastern Vegetable Pizza","Morrisons The Best 12"" Middle…500g",£4.99,£9.98 per kg,
Morrisons The Best 2 Salmon En Croute ,Morrisons The Best 2 Salmon En Croute 450g,£5,£11.11 per kg,
Morrisons The Best 3 Cheese & Garlic Flatbreads,Morrisons The Best 3 Chee…275g,£2.49,90.5p per 100g,
Morrisons The Best 9 Month Matured Manchego,Morrisons The Best 9 Month Matured Manchego175g,£3.75,£21.43 per kg,
Morrisons The Best Aged Red Leicester,Morrisons The Best Aged Red Leicester300g,£2.85,£9.50 per kg,"Offer price £2.85, was £3.49"
Morrisons The Best Apple Crumble Yogurt,Morrisons The Best Apple Crumble Yogurt150g,85p,56.6p per 100g,"Offer price 85p, was 95p"
Morrisons The Best Bacon & Camembert Tart,Morrisons The Best Bacon & Camembert Tart150g,£1.99,£1.33 per 100g,
Morrisons The Best Barrel Aged Feta,Morrisons The Best Barrel Aged Feta150g,£2.09,£13.94 per kg,"Offer price £2.09, was £2.59"
Morrisons The Best Basil Pesto Ravioli,Morrisons The Best Basil Pesto Ravioli250g,£2.99,£1.20 per 100g,
Morrisons The Best BBQ Pulled Pork & Corn Sandwich Filler,Morrisons The Best BBQ Pulled Por…150g,£2.25,£1.50 per 100g,
Morrisons The Best Beef And Wine Mezzalune ,Morrisons The Best Beef And Wine Mezzalune 250g,£2.99,£1.20 per 100g,
Morrisons The Best Beef Basted Roast Potatoes,Morrisons The Best Beef Basted Roast Potatoes400g,£2.49,£6.23 per kg,
Morrisons The Best Beef Bourguignon,Morrisons The Best Beef Bourguignon400g,£4.49,£1.12 per 100g,Buy 2 for £8
Morrisons The Best Beef Dripping Yorkshire Puddings,Morrisons The Best Beef Dripp…192g,£2.35,£12.24 per kg,
Morrisons The Best Beef Lasagne,Morrisons The Best Beef Lasagne750g,£6.49,86.5p per 100g,
Morrisons The Best Beef Massaman,Morrisons The Best Beef Massaman400g,£4.49,£1.12 per 100g,Buy 2 for £8
Morrisons The Best Beer Battered Cod Fillets,Morrisons The Best Beer Battered Cod Fillets390g,£4.25,£10.90 per kg,
Morrisons The Best Belgian Chocolate Milkshake,Morrisons The Best Belgia…250ml,£1.10,£4.40 per litre,
Morrisons The Best Black Cherry Yoghurt,Morrisons The Best Black Cherry Yoghurt150g,85p,56.6p per 100g,"Offer price 85p, was 89p"
Morrisons The Best Black Olive Flatbread,Morrisons The Best Black Olive Flatbread75g,£1.85,£2.47 per 100g,
Morrisons The Best Breaded Wiltshire Ham ,Morrisons The Best Breaded Wiltshire Ham 120g,£2.99,£2.49 per 100g,Buy 2 for £5
Morrisons The Best Brie De Meaux,Morrisons The Best Brie De Meaux165g,£3.75,£22.73 per kg,
Morrisons The Best British Cheese Selection Pack ,Morrisons The Best British Cheese Selection Pack 155g,£3.49,£22.52 per kg,
Morrisons The Best British Dry Cured Unsmoked Gammon Steaks,Morrisons The Best British Dry Cu…400g,£4.50,£11.25 per kg,
Morrisons The Best British Lamb Moussaka,Morrisons The Best British Lamb Moussaka400g,£4.49,£11.23 per kg,Buy 2 for £8
Morrisons The Best British Maple Bacon & Cheddar Quiche,Morrisons The Best British Mapl…450g,£3.99,£8.87 per kg,
Morrisons The Best Brussels Pate  with Caramelised Shallots,Morrisons The Best Brussels Pate…150g,£2.75,£1.83 per 100g,
Morrisons The Best Brussels Pate With Wild Mushrooms,Morrisons The Best Brussels P…2 x 75g,£2.75,£1.83 per 100g,
Morrisons The Best Buffalo Mozzarella,Morrisons The Best Buffalo Mozzarella125g,£2.49,£19.92 per kg,
Morrisons The Best Butternut Squash & Sage Girasole,Morrisons The Best Butternut…250g,£2.99,£11.96 per kg,
Morrisons The Best Caled Vintage Cheddar,Morrisons The Best Caled Vintage Cheddar300g,£3.25,£10.83 per kg,
Morrisons The Best Cauliflower Cheese,Morrisons The Best Cauliflower Cheese400g,£2.95,£7.38 per kg,
Morrisons The Best Cave Aged Goats Cheese ,Morrisons The Best Cave Aged Goats Cheese 150g,£2.99,£1.99 per 100g,
Morrisons The Best Charlotte Potato Salad,Morrisons The Best Charlotte Potato Salad270g,£2.19,81.1p per 100g,
Morrisons The Best Charlotte Potato Salad & Coleslaw,Morrisons The Best Charlotte…450g,£2.79,62p per 100g,
  Morrisons The Best Cheese Coleslaw,  Morrisons The Best Cheese Coleslaw300g,£1.99,66.3p per 100g,
Morrisons The Best Cherry Tomato Goats Cheese & Spinach Tart,Morrisons The Best Cherry Tomato Go…150g,£1.99,£1.33 per 100g,
Morrisons The Best Chicken & Ham Pie Topped WithRosti,Morrisons The Best Chicken &…400g,£4.49,£11.23 per kg,Buy 2 for £8
Morrisons The Best Chicken & Mushroom Soup,Morrisons The Best Chicken & Mushroom Soup600g,£2.99,£4.98 per kg,
Morrisons The Best Chicken And Pesto Pizza ,Morrisons The Best Chicken And Pesto Pizza 470g,£4.99,£10.62 per kg,
Morrisons The Best Chicken Biryani,Morrisons The Best Chicken Biryani400g,£4.49,£11.23 per kg,Buy 2 for £8
Morrisons The Best Chicken Korma & Rice ,Morrisons The Best Chicken Korma & Rice 400g,£4.49,£11.23 per kg,Buy 2 for £8
Morrisons The Best Chicken Primavera,Morrisons The Best Chicken Primavera400g,£4.49,£1.12 per 100g,Buy 2 for £8
Morrisons The Best Chicken Tikka Masala with Saffron Pilau Rice,Morrisons The Best Chicken Tikka Masa…400g,£4.49,£11.23 per kg,Buy 2 for £8
Morrisons The Best Chocolate Mousse,Morrisons The Best Chocolate Mousse100g,85p,85p per 100g,
Morrisons The Best Chunky Pork Sausage Roll,Morrisons The Best Chunky Pork Sausage Roll200g,£2.49,£12.45 per kg,
Morrisons The Best Cinco Lanzas 16 Months,Morrisons The Best Cinco Lanzas 16 Months200g,£3.49,£17.45 per kg,
Morrisons The Best Coleslaw,Morrisons The Best Coleslaw500g,£2.50,50p per 100g,
 Morrisons The Best Coleslaw , Morrisons The Best Coleslaw 300g,£1.40,46.7p per 100g,
Morrisons The Best Coleslaw ,Morrisons The Best Coleslaw 180g,£1.09,£6.06 per kg,
Morrisons The Best Cottage Pie,Morrisons The Best Cottage Pie750g,£6.49,86.5p per 100g,
Morrisons The Best Cottage Pie with Real Ale Gravy,Morrisons The Best Cottage…400g,£4.49,£11.23 per kg,Buy 2 for £8
Morrisons The Best Creamy Maris Piper Mash,Morrisons The Best Creamy Maris Piper Mash450g,£1.99,£4.42 per kg,
Morrisons The Best Cremes Brulees,Morrisons The Best Cremes Brulees2 x 102g,£3.79,£1.86 per 100g,
Morrisons The Best Dine In Creamy Garlic Mushrooms,Morrisons The Best Dine In Creamy Garlic Mushrooms300g,£3,£10.00 per kg,
Morrisons The Best Extra Mature Farmhouse Cheddar,Morrisons The Best Extra Ma…300g,£2.85,£9.50 per kg,"Offer price £2.85, was £3.25"
Morrisons The Best Fennel Salami & Fior Di Latte Pizza ,Morrisons The Best Fennel Salam…458g,£4.99,£10.90 per kg,
Morrisons The Best Finely Sliced Applewood Smoked Ham,Morrisons The Best Finely Sli…100g,£2.99,£2.99 per 100g,Buy 2 for £5
Morrisons The Best Finely Sliced Dry Cured Cooked Ham,Morrisons The Best Finely Sli…100g,£2.99,£2.99 per 100g,Buy 2 for £5
 Morrisons The Best Finely Sliced Dry Cured Honey Roast Ham, Morrisons The Best Finely Sliced…100g,£2.99,£2.99 per 100g,Buy 2 for £5
Morrisons The Best Finely Sliced Topside Of Beef,Morrisons The Best Finely Sliced Topside Of Beef80g,£2.99,£3.74 per 100g,Buy 2 for £5
Morrisons The Best Five Cheese Pasta Sauce,Morrisons The Best Five Cheese Pasta Sauce350g,£2.75,78.6p per 100g,
Morrisons The Best French Camembert,Morrisons The Best French Camembert250g,£3.19,£12.76 per kg,
Morrisons The Best French Comte,Morrisons The Best French Comte170g,£3.39,£19.94 per kg,
Morrisons The Best Freshly Squeezed Orange Juice with Bits,Morrisons The Best Freshly Squeez…1L,£2.99,29.9p per 100ml,
Morrisons The Best Garlic Ciabatta Breadsticks,Morrisons The Best Garlic Ciabatta Breadsticks142g,£2,£1.41 per 100g,
Morrisons The Best Goats Cheese & Caramelised Onion Quiche,Morrisons The Best Goats Cheese &…450g,£3.99,88.7p per 100g,
Morrisons The Best Gooseberry Fool ,Morrisons The Best Gooseberry Fool 114g,95p,83.3p per 100g,
Morrisons The Best Gorgonzola Piccante,Morrisons The Best Gorgonzola Piccante150g,£2.99,£19.93 per kg,
Morrisons The Best Greek Yogurt 0% Fat,Morrisons The Best Greek Yogurt 0% Fat500g,£2.29,45.8p per 100g,
Morrisons The Best Greek Yogurt 10% Fat,Morrisons The Best Greek Yogurt 10% Fat500g,£2.29,45.8p per 100g,
Morrisons The Best Halloumi,Morrisons The Best Halloumi225g,£3.49,£15.51 per kg,
"Morrisons The Best Ham, Mushroom & Mascarpone Pizza ","Morrisons The Best Ham, Mushr…515g",£4.99,£9.69 per kg,
Morrisons The Best Hampshire Dry Cured Ham,Morrisons The Best Hamp…120g,£2.99,£2.49 per 100g,Buy 2 for £5
Morrisons The Best Hoisin Pork Pizza ,Morrisons The Best Hoisin Pork Pizza 470g,£4.99,£10.62 per kg,
Morrisons The Best Houmous Chickpea & Paprika,Morrisons The Best Houmou…170g,£1.89,£1.11 per 100g,
Morrisons The Best Japanese Yakitori Style Chicken Pizza,Morrisons The Best Japanese Yak…500g,£4.99,99.8p per 100g,
Morrisons The Best King Prawn & Chicken Paella,Morrisons The Best King Prawn & Chicken Paella350g,£4.49,£12.83 per kg,Buy 2 for £8
Morrisons The Best King Prawn Chicken & Chorizo Paella,Morrisons The Best King Prawn C…750g,£6.99,93.2p per 100g,
Morrisons The Best Korean BBQ Mushroom,Morrisons The Best Korean BBQ Mushroom400g,£4.49,£1.12 per 100g,Buy 2 for £8
Morrisons The Best Lancashire Hot Pot,Morrisons The Best Lancashire Hot Pot400g,£4.49,£11.23 per kg,Buy 2 for £8
Morrisons The Best Langres ,Morrisons The Best Langres 180g,£3.25,£18.06 per kg,
Morrisons The Best  Lasagne Al Forno,Morrisons The Best  Lasagne Al Forno400g,£4.49,£11.23 per kg,Buy 2 for £8
Morrisons The Best Mac & Cheese,Morrisons The Best Mac & Cheese800g,£6.99,87.4p per 100g,
Morrisons The Best Macaroni Cheese,Morrisons The Best Macaroni Cheese400g,£4.49,£11.23 per kg,Buy 2 for £8
Morrisons The Best Madagascan Vanilla Custard,Morrisons The Best Madaga…500g,£2.39,47.8p per 100g,
Morrisons The Best Madagascan Vanilla Milkshake,Morrisons The Best Madaga…250ml,£1.10,£4.40 per litre,
Morrisons The Best Madagascan Vanilla Yoghurt,Morrisons The Best Madaga…150g,85p,56.7p per 100g,
Morrisons The Best Mango & Passion Fruit Cheesecakes,Morrisons The Best Mango & Pa…2 per pack,£3.25,£1.63 each,
Morrisons The Best Maran Heritage Breed Medium Eggs 6 pack,Morrisons The Best Maran Heritage…6 per pack,£2.49,41.5p each,
Morrisons The Best Margherita With Pesto Pizza ,Morrisons The Best Marghe…470g,£4.99,£10.62 per kg,
Morrisons The Best Maris Piper Dauphinoise Potatoes,Morrisons The Best Maris Pipe…400g,£2.75,£6.88 per kg,
Morrisons The Best Mature Blue Stilton,Morrisons The Best Mature Blue Stilton200g,£3.19,£15.95 per kg,
Morrisons The Best Mature Double Gloucester,Morrisons The Best Mature Double Gloucester225g,£3.19,£14.18 per kg,
  Morrisons The Best Moroccan Couscous Salad,  Morrisons The Best Moroccan Couscous Salad240g,£2.49,£1.04 per 100g,Buy 2 for £4
Morrisons The Best Mortadella,Morrisons The Best Mortadella100g,£2.09,£2.09 per 100g,
Morrisons The Best Moussaka,Morrisons The Best Moussaka750g,£6.99,93.2p per 100g,
"Morrisons The Best Mushroom, White Wine & Roasted Garlic Girasole Pasta",Morrisons The Best Mushroom…250g,£2.99,£11.96 per kg,
Morrisons The Best Mushroom Soup,Morrisons The Best Mushroom Soup600g,£2.99,49.8p per 100g,
Morrisons The Best 'Nduja Meat Feast Pizza ,Morrisons The Best 'Nduja Meat Feast Pizza 465g,£4.99,£10.73 per kg,
Morrisons The Best Parmigiano Reggiano,Morrisons The Best Parmigiano Reggiano170g,£3.59,£21.12 per kg,
Morrisons The Best Pastrami New Yorker Sandwich Filler ,Morrisons The Best Pastrami New…140g,£2.25,£1.61 per 100g,
Morrisons The Best Pea & British Ham Hock Soup ,Morrisons The Best Pea & British Ham Hock Soup 600g,£2.99,49.8p per 100g,
Morrisons The Best Peaches & Cream Yogurt,Morrisons The Best Peaches & Cream Yogurt150g,85p,56.6p per 100g,"Offer price 85p, was 89p"
Morrisons The Best Pepper & Mozzarella Pantofola,Morrisons The Best Pepper &…280g,£2.49,88.9p per 100g,
Morrisons The Best Pesto & Pine Nuts Houmous,Morrisons The Best Pesto & Pine Nuts Houmous170 per pack,£1.89,1.1p each,
Morrisons The Best Pesto Chicken & Tomatoes Sandwich Filler ,Morrisons The Best Pesto Chicken &…165g,£2.25,£1.36 per 100g,
Morrisons The Best Pink Lady With Strawberry Juice,Morrisons The Best Pink Lad…1L,£2.59,25.9p per 100ml,"Offer price £2.59, was £2.99"
Morrisons The Best Pomodoro & Chianti Pasta Sauce ,Morrisons The Best Pomodoro…350g,£2.75,78.6p per 100g,
Morrisons The Best Prawn Bucatini,Morrisons The Best Prawn Bucatini400g,£4.49,£1.12 per 100g,Buy 2 for £8
Morrisons The Best Prawn Red Thai Curry,Morrisons The Best Prawn Red Thai Curry400g,£4.49,£11.23 per kg,Buy 2 for £8
Morrisons The Best Prosciutto Di Parma Ham,Morrisons The Best Prosciutto Di Parma Ham70g,£2.99,£4.27 per 100g,
Morrisons The Best Ravensoak Goat's  Cheese,Morrisons The Best Ravensoak Goat's  Cheese150g,£2.99,£19.93 per kg,
Morrisons The Best Red Onion & Cheese Pantofola,Morrisons The Best Red Onion & Cheese Pantofola275g,£2.49,90.5p per 100g,
  Morrisons The Best Reduced Calorie Coleslaw,  Morrisons The Best Reduced Calorie Coleslaw300g,£1.40,46.7p per 100g,
Morrisons The Best Rhubarb And Custard Yoghurt,Morrisons The Best Rhubar…150g,85p,56.6p per 100g,"Offer price 85p, was 95p"
Morrisons The Best Roasted Hazelnut Yogurt,Morrisons The Best Roasted Hazelnut Yogurt150g,95p,63.3p per 100g,
Morrisons The Best Roast Garlic & Herb Flatbread ,Morrisons The Best Roast Garlic & Herb Flatbread 255g,£2.49,97.6p per 100g,
Morrisons The Best Roquefort ,Morrisons The Best Roquefort 100g,£2.59,£25.90 per kg,
Morrisons The Best Salmon Smoked Haddock & King Prawn Fish Pie,Morrisons The Best Salmon Smoked Ha…700g,£6.99,£9.99 per kg,
Morrisons The Best Salmon Smoked Haddock & King Prawn Fish Pie,Morrisons The Best Salmon Smoked Ha…400g,£4.49,£11.23 per kg,Buy 2 for £8
Morrisons The Best Salted Caramel Mousse,Morrisons The Best Salted Caramel Mousse100g,85p,85p per 100g,
Morrisons The Best Scottish Salmon Side With Orange & Cranberry,Morrisons The Best Scottish Salmon Si…870g,£13,£14.94 per kg,
Morrisons The Best Shepherd's Pie,Morrisons The Best Shepherd's Pie400g,£4.49,£11.23 per kg,Buy 2 for £8
Morrisons The Best Shorthorn Steak Pie ,Morrisons The Best Shorthorn Steak Pie 550g,£5.49,99.8p per 100g,
Morrisons The Best Sicilian Lemon Yoghurt,Morrisons The Best Sicilian Lemon Yoghurt150g,85p,56.7p per 100g,
Morrisons The Best Smoked Salmon Buccatini,Morrisons The Best Smoked Salmon Buccatini350g,£4.49,£1.28 per 100g,Buy 2 for £8
Morrisons The Best Smoky Bean Medley Sandwich Filler ,Morrisons The Best Smoky Bean…150g,£2.25,£1.50 per 100g,
Morrisons The Best Somerset Crunch Cheddar,Morrisons The Best Somerset Crunch Cheddar300g,£3.25,£10.83 per kg,
Morrisons The Best Somerset Roast Chicken Breast,Morrisons The Best Somerset…120g,£2.99,£24.92 per kg,Buy 2 for £5
Morrisons The Best Spaghetti Bolognaise,Morrisons The Best Spaghetti Bolognaise400g,£4.49,£11.23 per kg,Buy 2 for £8
Morrisons The Best Spaghetti Carbonara,Morrisons The Best Spaghetti Carbonara400g,£4.49,£1.12 per 100g,Buy 2 for £8
Morrisons The Best Spanish Apricot Fool     ,Morrisons The Best Spanish Apricot Fool     114g,95p,83.3p per 100g,
Morrisons The Best Spanish Chicken,Morrisons The Best Spanish Chicken800g,£6.99,87.4p per 100g,
Morrisons The Best Spanish Mandarin Orange & Yuzu Juice,Morrisons The Best Spanish Mand…1L,£2.59,25.9p per 100ml,
Morrisons The Best Spinach & Pinenut Pasta Salad,Morrisons The Best Spinach…215g,£2.49,£1.16 per 100g,
Morrisons The Best Spinach & Ricotta Mezzalune ,Morrisons The Best Spinac…250g,£2.99,£11.96 per kg,
Morrisons The Best Steak Hash,Morrisons The Best Steak Hash400g,£4.49,£1.12 per 100g,Buy 2 for £8
Morrisons The Best Steak Stroganoff ,Morrisons The Best Steak Stroganoff 400g,£4.49,£11.23 per kg,Buy 2 for £8
Morrisons The Best Sticky Toffee Yoghurt Jar Limited Edition,Morrisons The Best Sticky Toffee Yo…350g,£1.99,56.9p per 100g,
Morrisons The Best Strawberries & Cream Yoghurt,Morrisons The Best Strawb…150g,85p,56.6p per 100g,"Offer price 85p, was 89p"
Morrisons The Best Summer Berry Yoghurt Jar Limited Edition,Morrisons The Best Summer Berry Y…350g,£1.99,56.9p per 100g,
Morrisons The Best Taleggio Cheese,Morrisons The Best Taleggio Cheese200g,£3.29,£16.45 per kg,
Morrisons The Best Tasty Lancashire ,Morrisons The Best Tasty Lancashire 225g,£3.19,£14.18 per kg,
Morrisons The Best Thai Green Chicken Curry,Morrisons The Best Thai Green Chicken Curry400g,£4.49,£11.23 per kg,Buy 2 for £8
 Morrisons The Best Thickly Sliced Dry Cured Honey Roast Ham, Morrisons The Best Thickly Sliced…120g,£2.99,£2.49 per 100g,Buy 2 for £5
Morrisons The Best Topside Beef,Morrisons The Best Topside Beef80g,£2.99,£3.74 per 100g,Buy 2 for £5
Morrisons The Best Triple Cooked Chunky Chips,Morrisons The Best Triple Cooked Chunky Chips400g,£2.75,68.8p per 100g,
Morrisons The Best Wensleydale Blue ,Morrisons The Best Wensleydale Blue 140g,£2.50,£17.86 per kg,
Morrisons The Best West Country Butter,Morrisons The Best West Country Butter250g,£2.35,94p per 100g,
Morrisons The Best West Country Butter Roast Turkey Breast,Morrisons The Best West Country B…120g,£2.99,£2.49 per 100g,Buy 2 for £5
Morrisons The Best White Golden Yolk Free Range Eggs ,Morrisons The Best White Gold…6 per pack,£2.49,41.5p each,
 Morrisons The Best Wiltshire Ham, Morrisons The Best Wiltshire Ham120g,£2.99,£2.49 per 100g,Buy 2 for £5
Morrisons The Best Yoghurt Coleslaw ,Morrisons The Best Yoghurt Coleslaw 300g,£1.99,66.3p per 100g,
Morrisons The Best Yorkshire Pudding With Chicken & Pigs in Blankets,Morrisons The Best Yorkshire Pudding Wi…400g,£4.49,£11.23 per kg,Buy 2 for £8
Morrisons The Best Yorkshire Thick Cut Ham ,Morrisons The Best Yorkshire Thick Cut Ham 120g,£2.99,£2.49 per 100g,Buy 2 for £5
Morrisons The Best Yorkshire Wensleydale,Morrisons The Best Yorkshire Wensleydale225g,£3.19,£14.18 per kg,
Morrisons The Pizza Deal Chicken Pops,Morrisons The Pizza Deal Chicken Pops260g,£3,£1.15 per 100g,Buy 1 pizza and 2 sides for £8
Morrisons The Pizza Deal French Fries ,Morrisons The Pizza Deal French Fries 225g,£1.59,£7.07 per kg,Buy 1 pizza and 2 sides for £8
Morrisons The Pizza Deal Garlic Doughballs,Morrisons The Pizza Deal Garlic Doughballs275g,£3,£1.09 per 100g,Buy 1 pizza and 2 sides for £8
Morrisons The Pizza Deal Garlic Flatbreads,Morrisons The Pizza Deal Garlic Flatbreads340g,£3,88.2p per 100g,Buy 1 pizza and 2 sides for £8
Morrisons The Pizza Deal Loaded Potato Skins,Morrisons The Pizza Deal Loaded Potato Skins252g,£3.25,£12.90 per kg,Buy 1 pizza and 2 sides for £8
Morrisons The Pizza Deal Mozzarella Sticks ,Morrisons The Pizza Deal Mozzarella Sticks 240g,£3.49,£14.54 per kg,Buy 1 pizza and 2 sides for £8
Morrisons The Pizza Deal Seasoned Potato Wedges,Morrisons The Pizza Deal Seasoned Potato Wedges250g,£3.25,£13.00 per kg,Buy 1 pizza and 2 sides for £8
Morrisons The Pizza Deal Spicy Chicken Fajita Pizza,Morrisons The Pizza Deal Spicy Chicken Fajita Pizza495g,£5,£1.01 per 100g,Buy 1 pizza and 2 sides for £8
Morrisons The Pizza Deal Stuffed Crust Cheese Feast ,Morrisons The Pizza Deal Stuf…580g,£5,£8.62 per kg,Buy 1 pizza and 2 sides for £8
Morrisons The Pizza Deal Stuffed Crust Double Pepperoni ,Morrisons The Pizza Deal Stuffe…607g,£5,£8.24 per kg,Buy 1 pizza and 2 sides for £8
Morrisons The Pizza Deal Takeaway Magnificent Meat Feast ,Morrisons The Pizza Deal Takeaway…492g,£5,£10.16 per kg,Buy 1 pizza and 2 sides for £8
Morrisons Tiramisu,Morrisons Tiramisu500g,£3.29,65.8p per 100g,
Morrisons Tiramisu,Morrisons Tiramisu2 x 100g,£1.35,67.5p per 100g,"Offer price £1.35, was £1.49"
Morrisons Toad in the Hole,Morrisons Toad in the Hole340g,£3.49,£1.03 per 100g,
Morrisons Toffee Dessert,Morrisons Toffee Dessert130g,£1.19,91.7p per 100g,"Offer price £1.19, was £1.35"
Morrisons Toffee Mousse Momment ,Morrisons Toffee Mousse Momment 2 x 95g,£1.79,94.2p per 100g,
Morrisons Tomato & Basil Chicken Pasta,Morrisons Tomato & Basil Chicken Pasta300g,£2.20,£7.33 per kg,Food To Go Meal Deal for £3.50
Morrisons Tomato & Basil Pasta Sauce ,Morrisons Tomato & Basil Pasta Sauce 350g,£1.89,54p per 100g,Buy 2 for £3.50
Morrisons Tomato & Basil Soup,Morrisons Tomato & Basil Soup600g,£1.65,27.5p per 100g,
Morrisons Tomato & Chilli Pasta Sauce ,Morrisons Tomato & Chilli Pasta Sauce 350g,£1.89,54p per 100g,Buy 2 for £3.50
Morrisons Tomato & Mozzarella Tortelloni,Morrisons Tomato & Mozzarella Tortelloni300g,£1.89,£6.30 per kg,Buy 2 for £3.50
Morrisons Tomato & Pepperoni Pasta Sauce,Morrisons Tomato & Pepperoni Pasta Sauce350g,£1.89,54p per 100g,Buy 2 for £3.50
"Morrisons Tomato, Pepper & Mozzarella Frittata ","Morrisons Tomato, Pepper & Mozzarella Frittata 130g",£1.95,£1.50 per 100g,
"Morrisons Tomato, Pesto & Mozzarella Crustless Quiche","Morrisons Tomato, Pesto & Moz…340g",£2.75,80.9p per 100g,
"Morrisons Tomato, Red Pepper & Lentil Soup","Morrisons Tomato, Red Pepper & Lentil Soup600g",£1.65,27.5p per 100g,
Morrisons Tomato Juice Not From Concentrate,Morrisons Tomato Juice Not From Concentrate1L,£1.69,16.9p per 100ml,
Morrisons Tomato Red Pepper & Lentil Soup,Morrisons Tomato Red Pepper & Lentil Soup600g,£1.99,33.2p per 100g,
Morrisons Traditional Chicken Hotpot,Morrisons Traditional Chicken Hotpot400g,£3.49,£8.73 per kg,Buy 2 for £6
Morrisons Traditional Mincebeef Hotpot ,Morrisons Traditional Mincebeef Hotpot 400g,£3.49,£8.73 per kg,Buy 2 for £6
Morrisons Traditional Roast Beef Dinner,Morrisons Traditional Roast Beef Dinner400g,£3.75,£9.38 per kg,
Morrisons Tropical Juice,Morrisons Tropical Juice2L,£1.59,8p per 100ml,
Morrisons Tuna & Sweetcorn Pasta ,Morrisons Tuna & Sweetcorn Pasta 250g,£2.69,£1.08 per 100g,Buy 2 for £4
Morrisons Tuna & Sweetcorn Sandwich,Morrisons Tuna & Sweetcorn Sandwich,£2,,Food To Go Meal Deal for £3.50
Morrisons Tuna &  Sweetcorn Sandwich Filler      ,Morrisons Tuna &  Sweetcorn Sandwich Filler      400g,£2.50,62.5p per 100g,
Morrisons Tuna & Sweetcorn Sandwich Filler,Morrisons Tuna & Sweetcorn Sandwich Filler200g,£1.89,94.5p per 100g,
Morrisons Tuna Pasta Bake ,Morrisons Tuna Pasta Bake 400g,£3.49,£8.73 per kg,Buy 2 for £6
Morrisons Tzatziki,Morrisons Tzatziki170g,£1.35,79.4p per 100g,Buy 2 for £2
Morrisons Unsalted British Butter,Morrisons Unsalted British Butter250g,£1.99,£7.96 per kg,
Morrisons Valencia Orange Juice ,Morrisons Valencia Orange Juice 250ml,£1.10,44p per 100ml,Food To Go Meal Deal for £3.50
Morrisons Vanilla Creme Caramel,Morrisons Vanilla Creme Caramel6 x 100g,£1.15,19.2p per 100g,"Offer price £1.15, was £1.30"
Morrisons Vanilla Custard ,Morrisons Vanilla Custard 300g,£1.35,45p per 100g,
Morrisons Vanilla Slice,Morrisons Vanilla Slice2 per pack,£1.99,99.5p each,Buy 2 for £3.50
Morrisons Vegan BLT,Morrisons Vegan BLT176g,£2.75,£1.56 per 100g,
Morrisons Vegetable Spring Rolls,Morrisons Vegetable Spring Rolls200g,£1.99,99.5p per 100g,
Morrisons Very Large Free Range Eggs 6 pack,Morrisons Very Large Free Range Eggs 6 pack6 per pack,£2.40,40p each,
Morrisons Wafer Thin Cooked Chicken,Morrisons Wafer Thin Cooked Chicken400g,£3.25,81.3p per 100g,
Morrisons Wafer Thin Cooked Chicken,Morrisons Wafer Thin Cooked Chicken170g,£1.75,£10.30 per kg,"Offer price £1.75, was £1.99"
Morrisons Wafer Thin Ham,Morrisons Wafer Thin Ham100g,£2,£2.00 per 100g,
 Morrisons Wafer Thin Honey Cured Ham, Morrisons Wafer Thin Honey Cured Ham400g,£3.25,81.3p per 100g,
Morrisons Wafer Thin Honey Cured Ham,Morrisons Wafer Thin Honey Cured Ham170g,£1.75,£10.30 per kg,"Offer price £1.75, was £1.99"
Morrisons Wafer Thin Honey Ham,Morrisons Wafer Thin Honey Ham125g,£1.59,£1.27 per 100g,
Morrisons Wafer Thin Smoked Ham,Morrisons Wafer Thin Smoked Ham400g,£3.25,81.3p per 100g,
Morrisons Wafer Thin Smoked Ham,Morrisons Wafer Thin Smoked Ham170g,£1.75,£10.30 per kg,"Offer price £1.75, was £1.99"
Morrisons Wafer Thin Smoked Ham,Morrisons Wafer Thin Smoked Ham125g,£1.59,£1.27 per 100g,
Morrisons Welsh Goats Cheese,Morrisons Welsh Goats Cheese125g,£2.39,£19.12 per kg,
Morrisons Wensleydale,Morrisons Wensleydale240g,£2.69,£11.21 per kg,
Morrisons Whipping Cream,Morrisons Whipping Cream300ml,£1.35,45p per 100ml,
Morrisons White Cheshire,Morrisons White Cheshire240g,£2.69,£11.21 per kg,
Morrisons Wurstwaren Bavarian Ham,Morrisons Wurstwaren Bavarian Ham100g,£1.75,£1.75 per 100g,
Morrisons Wurstwaren Peppered Salami,Morrisons Wurstwaren Peppered Salami83g,£1.75,£2.11 per 100g,
Muller Bliss Corner Whipped Greek Style Cheesecake Inspired Salted Caramel,Muller Bliss Corner Whipped Gre…4 x 100g,£2.49,62.3p per 100g,Buy 2 for £3.50
"Muller Bliss Creamy Mascarpone, Peach & Apricot Yogurt",Muller Bliss Creamy Mascarpone…4 x 110g,£2.85,64.8p per 100g,
Muller Bliss Creamy Mascarpone Cherry Yogurt,Muller Bliss Creamy Mas…4 x 110g,£2.85,64.8p per 100g,
Muller Bliss Lemon Greek Yogurts,Muller Bliss Lemon Greek Yogurts4 x 105g,£2.49,59.3p per 100g,Buy 2 for £3.50
Muller Bliss Raspberry Greek Yogurts,Muller Bliss Raspberry Greek Yogurts4 x 105g,£2.49,59.3p per 100g,Buy 2 for £3.50
Muller Bliss Strawberry Greek Yogurts,Muller Bliss Strawberry Greek Yogurts4 x 105g,£2.49,59.3p per 100g,Buy 2 for £3.50
Muller Corner Banana & Chocolate Flakes,Muller Corner Banana & Chocolate Flakes124g,85p,68.5p per 100g,Buy 10 for £4
Muller Corner Chocolate & Banana,Muller Corner Chocolate & Banana6 x 124g,£3.49,46.9p per 100g,
Muller Corner Chocolate & Strawberry,Muller Corner Chocolate & Strawberry124g,£3.49,£2.81 per 100g,
Muller Corner Creations G'Dairy,Muller Corner Creations G'Dairy6 x 143g,£3.49,40.7p per 100g,
Muller Corner Mix Fruit,Muller Corner Mix Fruit6 x 136g,£3.49,42.8p per 100g,
Muller Corner Peach & Apricot,Muller Corner Peach & Apricot136g,85p,62.5p per 100g,Buy 10 for £4
Muller Corner Red Cherry,Muller Corner Red Cherry136g,85p,62.5p per 100g,Buy 10 for £4
Muller Corner Red Fruit,Muller Corner Red Fruit6 x 136g,£3.49,42.8p per 100g,
Muller Corner Strawberry,Muller Corner Strawberry136g,85p,62.5p per 100g,Buy 10 for £4
Muller Corner Strawberry Yogurt with White Chocolate Shortcake Balls,Muller Corner Strawberry Yogurt with Wh…124g,85p,68.5p per 100g,Buy 10 for £4
Muller Corner Toffee Yogurt with Chocolate Hoops,Muller Corner Toffee Yogurt…124g,85p,68.5p per 100g,Buy 10 for £4
Muller Corner Vanilla Yogurt with Chocolate Balls ,Muller Corner Vanilla Yogur…124g,85p,6.9p per 10g,Buy 10 for £4
Muller Corner With Milk Chocolate Digestives,Muller Corner With Milk Chocolate Digestives124g,85p,68.5p per 100g,Buy 10 for £4
Muller Frijj Banana Milkshake,Muller Frijj Banana Milkshake400ml,£1.35,£3.38 per litre,
Muller Frijj Chocolate Milkshake,Muller Frijj Chocolate Milkshake400ml,£1.35,£3.38 per litre,
Muller Frijj Cookie Dough Milkshake,Muller Frijj Cookie Dough Milkshake400ml,£1.35,£3.38 per litre,
Muller Frijj Fudge Brownie Milkshake,Muller Frijj Fudge Brownie Milkshake400ml,£1.35,£3.38 per litre,
Muller Frijj Strawberry Milkshake,Muller Frijj Strawberry Milkshake400ml,£1.35,£3.38 per litre,
Muller Light Banana and Custard Fat Free Yogurt,Muller Light Banana and Custard Fat Free Yogurt160g,85p,53.1p per 100g,Buy 10 for £4
Muller Light Cherry Fat Free Yogurt,Muller Light Cherry Fat Free Yogurt160g,85p,53.1p per 100g,Buy 10 for £4
Muller Light Chocolate Fix Milk Chocolate Desserts,Muller Light Chocolate Fix Milk Chocolate Desserts4 x 100g,£1.50,37.5p per 100g,
Muller Light Chocolate Fix Orange,Muller Light Chocolate Fix Orange4 x 80g,£1.50,46.9p per 100g,
Muller Light Citrus Yogurts,Muller Light Citrus Yogurts6 x 140g,£3.49,41.5p per 100g,
Muller Light Fat Free Greek Style Lemon Yogurt,Muller Light Fat Free Greek Style Lemon Yogurt4 x 115g,£2.25,48.9p per 100g,Buy 2 for £3.50
Muller Light Fat Free Yoghurt with Chocolate Sprinkles,Muller Light Fat Free Yoghurt w…6 x 140g,£3.49,41.5p per 100g,
Muller Light Greek Style Banoffee Yogurt ,Muller Light Greek Style Banoffee Yogurt 4 x 115g,£2.25,48.9p per 100g,Buy 2 for £3.50
Muller Light Greek Style Coconut & Vanilla Yogurt,Muller Light Greek Style Coconut & Vanilla Yogurt4 per pack,£2.25,56.3p each,Buy 2 for £3.50
Muller Light Greek Style Strawberry Yogurt,Muller Light Greek Style Strawberry Yogurt4 x 115g,£2.25,48.9p per 100g,
Muller Light Icelandic Style Yogurt Skyr Salted Caramel Flavour,Muller Light Icelandic Style Yogurt S…150g,£1.25,83.3p per 100g,
Muller Light Limited Edition Yogurt,Muller Light Limited Edition Yogurt160g,85p,53.1p per 100g,Buy 10 for £4
Muller Light Red Fruit,Muller Light Red Fruit6 x 140g,£3.49,41.5p per 100g,
Muller Light Rhubarb ,Muller Light Rhubarb 160g,85p,53.1p per 100g,Buy 10 for £4
Muller Light Skinny Cappuccino Flavour Yoghurt,Muller Light Skinny Cappu…6 x 140g,£3.49,41.5p per 100g,
Muller Light Strawberry Fat Free Yogurt ,Muller Light Strawberry Fat Free Yogurt 160g,85p,53.1p per 100g,Buy 10 for £4
Muller Light Toffee Fat Free Yogurt ,Muller Light Toffee Fat Free Yogurt 160g,85p,53.1p per 100g,Buy 10 for £4
Muller Light Vanilla & Dark Chocolate Fat Free Yogurt,Muller Light Vanilla & Dark Chocolate Fat Free Yogurt160g,85p,53.1p per 100g,Buy 10 for £4
Muller Rice Apple & Raspberry  Pudding,Muller Rice Apple & Raspberry  Pudding6 x 170g,£3.49,34.2p per 100g,
Muller Rice Apple Low Fat,Muller Rice Apple Low Fat170g,85p,50p per 100g,Buy 10 for £4
Muller Rice Confectionary,Muller Rice Confectionary6 x 170g,£3.49,34.2p per 100g,
Muller Rice Original,Muller Rice Original170g,85p,50p per 100g,Buy 10 for £4
Muller Rice Strawberry,Muller Rice Strawberry170g,85p,50p per 100g,Buy 10 for £4
Muller Rice Strawberry & Original,Muller Rice Strawberry & Original6 x 170g,£3.49,34.2p per 100g,
Mullerrice Vanilla Custard,Mullerrice Vanilla Custard170g,85p,50p per 100g,Buy 10 for £4
Muller Skyr Raspberry Granola ,Muller Skyr Raspberry Granola 170g,£1.40,82.4p per 100g,
Munch Bunch Double Up Strawberry & Banana Fromage Frais,Munch Bunch Double Up Strawberr…4 x 85g,£1.99,58.5p per 100g,
Munch Bunch Double Up Strawberry & Vanilla Fromage Frais,Munch Bunch Double Up Strawberr…4 x 85g,£1.99,58.5p per 100g,
Munch Bunch Squashums Strawberry,Munch Bunch Squashums Strawberry6 x 60g,£2.49,69.2p per 100g,
Nairn's Cheese Oat Cakes ,Nairn's Cheese Oat Cakes 200g,£1.45,72.5p per 100g,
Naked 100% Juice Smoothie Blue Machine,Naked 100% Juice Smoothie Blue Machine300ml,£2.35,78.3p per 100ml,Food To Go Meal Deal for £3.50
Naked 100% Juice Smoothie Green Machine,Naked 100% Juice Smoothie Green Machine300ml,£2.60,86.7p per 100ml,Food To Go Meal Deal for £3.50
"Naked Blue Machine Apple, Blueberry & Goji Berry Smoothie","Naked Blue Machine Apple, Blueber…750ml",£2.50,33.3p per 100ml,"Offer price £2.50, was £4.75"
Naked Gold Machine,Naked Gold Machine750ml,£2.50,33.3p per 100ml,"Offer price £2.50, was £4.75"
Naked Gold Machine Super Smoothie,Naked Gold Machine Super Smoothie300ml,£2.60,86.7p per 100ml,
Naked Green Machine Apple Banana Smoothie ,Naked Green Machine Apple Banana Smoothie 750ml,£2.50,33.3p per 100ml,"Offer price £2.50, was £4.75"
Naked Noodle Thai Green Curry,Naked Noodle Thai Green Curry78g,£1.30,£16.67 per kg,
Naked Rainbow Machine,Naked Rainbow Machine750ml,£2.50,33.3p per 100ml,"Offer price £2.50, was £4.75"
Naked Rainbow Smoothie,Naked Rainbow Smoothie300ml,£2.60,86.7p per 100ml,Food To Go Meal Deal for £3.50
Naked Rice Japanese Katsu Curry ,Naked Rice Japanese Katsu Curry 78g,£1.30,£16.67 per kg,
Naked Ruby Machine,Naked Ruby Machine750ml,£2.50,33.3p per 100ml,"Offer price £2.50, was £4.75"
Naked Ruby Machine Super Smoothie,Naked Ruby Machine Super Smoothie300ml,£2.60,86.7p per 100ml,
Nesquik Chocolate Flavour Milk Slice,Nesquik Chocolate Flavour Milk Slice4 x 26g,£1.39,£1.34 per 100g,
Nesquik Choc Pots,Nesquik Choc Pots6 x 60g,75p,20.8p per 100g,
Nomadic Oat Clusters Strawberry ,Nomadic Oat Clusters Strawberry 169g,£1.50,88.8p per 100g,Food To Go Meal Deal for £3.50
Nomadic Oat Crunch Chocolate & Yogurt,Nomadic Oat Crunch Chocolate & Yogurt169g,£1.50,88.8p per 100g,Food To Go Meal Deal for £3.50
Nomadic Protein Pudding Chocolate,Nomadic Protein Pudding Chocolate200g,£1.75,87.5p per 100g,Food To Go Meal Deal for £3.50
Nomadic Protein Pudding Vanilla,Nomadic Protein Pudding Vanilla200g,£1.75,87.5p per 100g,Food To Go Meal Deal for £3.50
Nourish Apple Cider Vinegar With Blood Orange Dosing Shots,Nourish Apple Cider Vinegar With…500ml,£1.80,36p per 100ml,"Offer price £1.80, was £2"
Nourish Good For Immunity Apple And Ginger With A Hint Of Lime,Nourish Good For Immunity…500ml,£2.45,49p per 100ml,"Offer price £2.45, was £2.75"
Oakpark Naturally Smoked Turkey Bacon Rashers,Oakpark Naturally Smoked…150g,£1.99,£13.27 per kg,
Oatly Barista Edition Oat Drink Chilled,Oatly Barista Edition Oat Drink Chilled1L,£2.20,£2.20 per litre,
Oatly Long Life Barista Milk Alternative,Oatly Long Life Barista Milk Alternative1L,£1.99,£1.99 per litre,
Oatly Long Life Chocolate Oat Milk Alternative,Oatly Long Life Chocolate Oat Milk Alternative1L,£1.79,£1.79 per litre,
Oatly Long Life Organic Oat Milk Alternative,Oatly Long Life Organic Oat Milk Alternative1L,£1.89,£1.89 per litre,
Oatly Long Life Original Oat Milk Alternative,Oatly Long Life Original Oat Milk Alternative1L,£1.69,£1.69 per litre,
Oatly Oat Drink Vanilla Long Life ,Oatly Oat Drink Vanilla Long Life 1L,£1.79,£1.79 per litre,
Ocean Spray Cranberry Original,Ocean Spray Cranberry Original1L,£2.45,24.5p per 100ml,
Onken 0% Fat Strawberry,Onken 0% Fat Strawberry450g,£1.25,27.8p per 100g,"Offer price £1.25, was £1.95"
Onken 0% Fat Vanilla,Onken 0% Fat Vanilla450g,£1.25,27.8p per 100g,"Offer price £1.25, was £1.95"
Onken Biopot Natural Set Yogurt,Onken Biopot Natural Set Yogurt500g,£1.25,25p per 100g,"Offer price £1.25, was £1.75"
Onken Cherry Yogurt,Onken Cherry Yogurt450g,£1.25,27.8p per 100g,
"Onken Mango, Papaya & Passionfruit Yogurt","Onken Mango, Papaya & Passionfruit Yogurt450g",£1.25,27.8p per 100g,
Onken Natural Set Yogurt ,Onken Natural Set Yogurt 1kg,£2,20p per 100g,
Over The Spoon Caramelly Chocolate Pots,Over The Spoon Caramelly Chocolate Pots4 x 60g,£3,£1.25 per 100g,
Over The Spoon Lemon Cheesecake,Over The Spoon Lemon Cheesecake2 x 90g,£2,£1.11 per 100g,
Over The Spoon Salted Caramel Cheesecake,Over The Spoon Salted Caramel Cheesecake2 x 90g,£2,£1.11 per 100g,
Over The Spoon Sticky Toffee Pudding,Over The Spoon Sticky Toffee Pudding2 x 90g,£2.50,£1.39 per 100g,"Offer price £2.50, was £3"
Oykos Dairy Free Chocolate Stracciatella Yogurt,Oykos Dairy Free Chocolat…350g,£2.85,81.4p per 100g,
Oykos Greek Style Blueberry Yogurts,Oykos Greek Style Blueberry Yogurts4 x 110g,£2,45.5p per 100g,
Oykos Greek Style Peach Yogurts,Oykos Greek Style Peach Yogurts4 x 110g,£2,45.4p per 100g,"Offer price £2, was £2.29"
Oykos Greek Style Salted Caramel Yogurt ,Oykos Greek Style Salted Caramel Yogurt 4 x 110g,£2,45.4p per 100g,"Offer price £2, was £2.29"
Oykos Greek Style Strawberry Yogurts,Oykos Greek Style Strawberry Yogurts4 x 110g,£2,45.4p per 100g,"Offer price £2, was £2.29"
Oykos Luxury Greek Style Raspberry Yogurt,Oykos Luxury Greek Style Raspberry Yogurt440g,£2,45.4p per 100g,"Offer price £2, was £2.29"
Oykos Stracciatella Greek Style Yogurt,Oykos Stracciatella Greek Style Yogurt4 x 110g,£2.29,52p per 100g,
Oykos Summer Edition Zesty Lemon & Lime,Oykos Summer Edition Zesty Lemon & Lime4 x 110g,£2,45.4p per 100g,"Offer price £2, was £2.29"
Paw Patrol Strawberry Fromage Frais,Paw Patrol Strawberry Fromage Frais6 x 45g,£1,37p per 100g,
Peperami Chorizo,Peperami Chorizo5 x 20g,£2.25,£2.25 per 100g,"Offer price £2.25, was £2.75"
Peperami Hot 5 pack,Peperami Hot 5 pack5 x 22.5g,£2.25,£2.00 per 100g,"Offer price £2.25, was £2.75"
Peperami Original 5 pack,Peperami Original 5 pack5 x 22.5g,£2.25,£2.00 per 100g,"Offer price £2.25, was £2.75"
Peperami Original and Cheese Snack Box ,Peperami Original and Cheese Snack Box 50g,£1.50,£3.00 per 100g,
Peperami Original Minis,Peperami Original Minis10 x 10g,£2.75,£2.75 per 100g,
Peperami Pep'd Up Chicken Bites ,Peperami Pep'd Up Chicken Bites 4 x 25g,£2.30,£2.30 per 100g,
Peppa Pig Strawberry Fromage Frais,Peppa Pig Strawberry Fromage Frais6 x 45g,£1,37p per 100g,
Peter's 4 Pork Sausage Rolls 4 Pack ,Peter's 4 Pork Sausage Rolls 4 Pack 240g,£1.75,72.9p per 100g,
Petits Filous Big Pots Strawberry & Apricot Fromage Frais ,Petits Filous Big Pots Strawberry…4 x 85g,£1.25,36.7p per 100g,"Offer price £1.25, was £1.49"
Petits Filous Big Pots Strawberry & Raspberry Fromage Frais,Petits Filous Big Pots Strawberry…4 x 85g,£1.25,36.7p per 100g,"Offer price £1.25, was £1.49"
Petits Filous Dairy Free Raspberry,Petits Filous Dairy Free Raspberry4 x 95g,£2.25,59.2p per 100g,"Offer price £2.25, was £2.49"
Petits Filous Fromage Frais Strawberry & Apricot ,Petits Filous Fromage Frais Strawberry & Apricot 6 x 47g,£1.95,69.1p per 100g,
Petits Filous Fromage Frais Strawberry & Raspberry,Petits Filous Fromage Frais…6 x 47g,£1.95,69.1p per 100g,
Petits Filous No Added Sugar Strawberry & Banana Fromage Frais ,Petits Filous No Added Sugar Strawber…6 x 47g,£1.95,69.1p per 100g,
Petits Filous Strawberry & Beetroot Vitamin Rich Drinks,Petits Filous Strawberry & Beet…4 x 100g,£1.50,37.5p per 100g,"Offer price £1.50, was £2.25"
Petits Filous Strawberry Flavour Drinking Yogurt  ,Petits Filous Strawberry Flavour Drinking Yogurt  4 x 100g,£1.50,37.5p per 100g,"Offer price £1.50, was £2.25"
Philadelphia Chives Soft Cheese,Philadelphia Chives Soft Cheese165g,£1.25,£7.58 per kg,
Philadelphia Garlic & Herb Soft Cheese,Philadelphia Garlic & Herb Soft Cheese280g,£3.25,£11.61 per kg,
Philadelphia Garlic & Herb Soft Cheese,Philadelphia Garlic & Herb Soft Cheese165g,£1.25,£7.58 per kg,
Philadelphia Intense Garlic & Herb Soft Cheese,Philadelphia Intense Garlic & Herb Soft Cheese140g,£1.75,£1.25 per 100g,"Offer price £1.75, was £2.25"
Philadelphia Intense Herbes De Provence Soft Cheese,Philadelphia Intense Herbes D…140g,£1.75,£1.25 per 100g,"Offer price £1.75, was £2.25"
Philadelphia Light & Tasty Soft Cheese Snack Herbs ,Philadelphia Light & Tasty Soft Cheese Snack Herbs 3 x 41g,£1.25,£10.16 per kg,
Philadelphia Lightest Herbs Soft Cheese,Philadelphia Lightest Herbs Soft Cheese165g,£1.25,£7.58 per kg,
Philadelphia Lightest Soft Cheese,Philadelphia Lightest Soft Cheese165g,£1.25,£7.58 per kg,
Philadelphia Light Soft Cheese,Philadelphia Light Soft Cheese280g,£3.25,£11.61 per kg,
Philadelphia Light Soft Cheese,Philadelphia Light Soft Cheese165g,£1.25,£7.58 per kg,
Philadelphia Light Soft Low fat Cheese Mini Tubs,Philadelphia Light Soft Low fat Cheese Mini Tubs4 x 35g,£1.95,£13.93 per kg,
Philadelphia Original Soft Cheese,Philadelphia Original Soft Cheese165g,£1.25,£7.58 per kg,
Philadelphia Original Soft Cheese Family Pack,Philadelphia Original Soft Cheese Family Pack280g,£3.25,£11.61 per kg,
Philadelphia Plant Based Almond & Oat Soft Cheese,Philadelphia Plant Based Almond & Oat Soft Cheese150g,£2.75,£1.83 per 100g,
Philadelphia Salmon Soft Cheese ,Philadelphia Salmon Soft Cheese 165g,£1.25,£7.58 per kg,
Philadelphia Snack Light & Tasty Soft Cheese Snack,Philadelphia Snack Light & Tasty Soft Cheese Snack3 x 42g,£1.25,£9.92 per kg,
Philadelphia Sweet Chilli Soft Cheese,Philadelphia Sweet Chilli Soft Cheese165g,£1.25,£7.58 per kg,
Piatnica Smietana Soured Cream,Piatnica Smietana Soured Cream400g,£1.49,37.3p per 100g,
Pie D'Angloys Fromage,Pie D'Angloys Fromage200g,£2.25,£11.25 per kg,"Offer price £2.25, was £2.89"
Pieminister Chicken & Ham Pie ,Pieminister Chicken & Ham Pie 270g,£4.29,£1.59 per 100g,Buy 2 for £7
Pieminister Moo & Blue British Steak & Long Clawson Stilton Pie,Pieminister Moo & Blue British Steak…270g,£4.25,£1.57 per 100g,Buy 2 for £7
Pieminister Moo British Beef Steak & Craft Ale Pie,Pieminister Moo British Beef Steak & Craft Ale Pie270g,£4.29,£1.59 per 100g,Buy 2 for £7
Pieminister Mushroom & Onion ,Pieminister Mushroom & Onion 270g,£4.29,£1.59 per 100g,Buy 2 for £7
Pilgrims Choice Extra Mature Cheddar,Pilgrims Choice Extra Mature Cheddar350g,£3,£8.57 per kg,
Pilgrims Choice Extra Mature Cheddar,Pilgrims Choice Extra Mature Cheddar550g,£4.75,£8.64 per kg,
Pilgrims Choice Extra Mature Grated Cheddar,Pilgrims Choice Extra Mature Grated Cheddar180g,£1.75,£9.72 per kg,
Pilgrims Choice Lighter Extra Mature Cheddar,Pilgrims Choice Lighter Extra Mature Cheddar350g,£3,£8.57 per kg,
Pilgrims Choice Mature Cheddar,Pilgrims Choice Mature Cheddar350g,£3,£8.57 per kg,
Pilgrims Choice Mature Cheddar,Pilgrims Choice Mature Cheddar550g,£4.75,£8.64 per kg,
Pilgrims Choice Sliced Extra Mature Cheddar,Pilgrims Choice Sliced Extra Mature Cheddar150g,£1.75,£11.67 per kg,
Pilgrims Choice Vintage Cheddar,Pilgrims Choice Vintage Cheddar300g,£3,£10.00 per kg,
Pizza Express 16 Doughballs With Garlic Dip,Pizza Express 16 Doughb…200g,£3.49,£1.75 per 100g,
Pizza Express 2 Vanilla Cheesecake Slices,Pizza Express 2 Vanilla Cheesecake Slices190g,£3.49,£1.84 per 100g,
Pizza Express Lasagne,Pizza Express Lasagne640g,£6.49,£1.01 per 100g,
Pizza Express Margherita ,Pizza Express Margherita 447g,£6.49,£14.52 per kg,
Pizza Express Pollo Pesto Pasta,Pizza Express Pollo Pesto Pasta650g,£6.49,99.8p per 100g,
Plenish Cold-Pressed Turmeric Defence ,Plenish Cold-Pressed Turmeric Defence 60ml,£2,£3.33 per 100ml,Food To Go Meal Deal for £3.50
Plenish Ginger Immunity Shot,Plenish Ginger Immunity Shot60ml,£2,£3.33 per 100ml,
POM Wonderful 100% Pomegranate Juice,POM Wonderful 100% Pomegranate Juice710ml,£4.79,67.5p per 100ml,
Pork Farms 2 Original Snack Pork Pies,Pork Farms 2 Original Snack Pork Pies2 per pack,£1.50,75p each,
Pork Farms 4 Branston Pies,Pork Farms 4 Branston Pies200g,£1.90,95p per 100g,
Pork Farms Med Pork Pie,Pork Farms Med Pork Pie295g,£2.29,77.6p per 100g,
Pork Farms Mini Pork Pies   ,Pork Farms Mini Pork Pies   200g,£1.50,£7.50 per kg,"Offer price £1.50, was £1.89"
Pork Farms Original Pork Pie,Pork Farms Original Pork Pie142g,£1.25,88p per 100g,
Pork Farms Pork & Pickle Pies,Pork Farms Pork & Pickle Pies2 x 130g,£1.25,48.1p per 100g,"Offer price £1.25, was £1.50"
Port Royal Jamaican Jerk Chicken Patty,Port Royal Jamaican Jerk Chicken Patty140g,£1.09,77.9p per 100g,
Port Royal Jamaican Vegetable Patty,Port Royal Jamaican Vegetable Patty140g,£1.09,77.9p per 100g,
Port Salut Cheese,Port Salut Cheese185g,£2,£10.81 per kg,"Offer price £2, was £2.95"
Premier Deli Torchon Ham,Premier Deli Torchon Ham200g,£2.49,£1.25 per 100g,
President 6 Crispy Bakes Brie,President 6 Crispy Bakes Brie150g,£2.99,£19.93 per kg,
President Brie,President Brie200g,£2.85,£14.25 per kg,
President Camembert,President Camembert250g,£2.89,£11.56 per kg,
President Emmental,President Emmental200g,£2.25,£11.25 per kg,
Primula Cheese n Chives,Primula Cheese n Chives140g,£1.99,£14.21 per kg,
Primula Cheese n Ham,Primula Cheese n Ham140g,£1.99,£14.21 per kg,
Primula Cheese n Jalapenos,Primula Cheese n Jalapenos140g,£1.99,£14.21 per kg,
Primula Cheese n Prawns,Primula Cheese n Prawns140g,£1.99,£14.21 per kg,
Primula Light Cheese,Primula Light Cheese140g,£1.99,£14.21 per kg,
Primula Original Cheese,Primula Original Cheese140g,£1.99,£14.21 per kg,
Pukka 2 Chicken & Bacon Shortcrust Microwave Pies,Pukka 2 Chicken & Bacon Shortcrust Microwave Pies388g,£2.89,£7.45 per kg,"Offer price £2.89, was £3.25"
Pukka 2 Chicken Bakes,Pukka 2 Chicken Bakes306g,£2.50,81.7p per 100g,
Pukka 2 Sausage & Bean Bakes,Pukka 2 Sausage & Bean Bakes306g,£2.50,81.7p per 100g,
Pukka 2 Steak Bakes,Pukka 2 Steak Bakes278g,£2.50,89.9p per 100g,
Pukka 4 Beef & Vegetable Pies,Pukka 4 Beef & Vegetable Pies726g,£3.50,£4.82 per kg,
Pukka 4 Chicken & Vegetable Pies ,Pukka 4 Chicken & Vegetable Pies 726g,£3.50,£4.82 per kg,
Pukka 4 Sausage Rolls,Pukka 4 Sausage Rolls360g,£2.50,69.4p per 100g,
Pukka All Steak Pie ,Pukka All Steak Pie 209g,£1.99,95.2p per 100g,
Pukka Beef Pasty ,Pukka Beef Pasty 227g,£1.25,55.1p per 100g,
"Pukka Cheese, Leek & Potato Pie","Pukka Cheese, Leek & Potato Pie213g",£1.99,93.4p per 100g,
Pukka Cheese Leek & Potato Slice,Pukka Cheese Leek & Potato Slice170g,£1.25,73.5p per 100g,
Pukka Chicken & Bacon Pie ,Pukka Chicken & Bacon Pie 210g,£1.99,94.8p per 100g,
Pukka Chicken & Bacon Slice,Pukka Chicken & Bacon Slice170g,£1.25,73.5p per 100g,
Pukka Chicken & Mushroom Pie ,Pukka Chicken & Mushroom Pie 212g,£1.99,93.9p per 100g,
Pukka Chicken Balti Slice,Pukka Chicken Balti Slice170g,£1.25,73.5p per 100g,
Pukka Jumbo Sausage Roll,Pukka Jumbo Sausage Roll130g,£1.29,99.2p per 100g,
Pukka Just For Two Chicken & Stuffing Pie,Pukka Just For Two Chicken & Stuffing Pie541g,£3.50,64.7p per 100g,
Pukka Just For Two Steak & Ale Pie,Pukka Just For Two Steak & Ale Pie548g,£3.50,63.9p per 100g,
Pukka Meat & Potato Pie,Pukka Meat & Potato Pie213g,£1.99,93.4p per 100g,
Pukka Minced Beef & Onion Pie ,Pukka Minced Beef & Onion Pie 215g,£1.99,92.6p per 100g,
Pukka Sausage Rolls 4 Pack,Pukka Sausage Rolls 4 Pack240g,£1.85,77.1p per 100g,
Pukka Steak & Kidney Pie ,Pukka Steak & Kidney Pie 219g,£1.99,90.9p per 100g,
Pukka Steak Slice,Pukka Steak Slice170g,£1.25,73.5p per 100g,
Pukka Vegan Chicken & Mushroom Pie,Pukka Vegan Chicken & Mushroom Pie210g,£1.99,94.8p per 100g,
Pukka Vegan Sausage Roll,Pukka Vegan Sausage Roll130g,£1.50,£1.15 per 100g,
Pukka Vegan Steak & Onion Pie,Pukka Vegan Steak & Onion Pie210g,£1.99,94.8p per 100g,
Pure Dairy Free Butter Spread,Pure Dairy Free Butter Spread500g,£1.99,£3.98 per kg,
Pure Vegan Dairy Free Olive Spread,Pure Vegan Dairy Free Olive Spread500g,£1.99,£3.98 per kg,
Quaker Rolled Porridge Oats,Quaker Rolled Porridge Oats1kg,£2.75,27.5p per 100g,Buy 2 for £4
Quick Milk Chocolate Magic Sipper,Quick Milk Chocolate Magic Sipper5 x 6g,75p,£2.50 per 100g,
Quick Milk Strawberry Magic Sipper,Quick Milk Strawberry Magic Sipper5 x 6g,75p,£2.50 per 100g,
Quorn 6 Vegan Brilliant Bangers ,Quorn 6 Vegan Brilliant Bangers 270g,£2.65,£9.81 per kg,
Quorn Chicken Style Pieces,Quorn Chicken Style Pieces175g,£3.25,£1.86 per 100g,
Quorn Lasagne ,Quorn Lasagne 380g,£3.49,£9.18 per kg,
Quorn Mini Sausage Rolls,Quorn Mini Sausage Rolls140g,£2.50,£1.79 per 100g,
Quorn Thai Green Curry With Rice ,Quorn Thai Green Curry With Rice 400g,£3.49,£8.73 per kg,
Quorn Tikka Masala With Rice ,Quorn Tikka Masala With Rice 400g,£3.49,£8.73 per kg,
Quorn Vegan Chicken Free Slices ,Quorn Vegan Chicken Free Slices 100g,£2.60,£26.00 per kg,
Quorn Vegan Finely Sliced Ham Slices ,Quorn Vegan Finely Sliced Ham Slices 120g,£2.99,£24.92 per kg,
Quorn Vegan Smoky Ham Free Slices,Quorn Vegan Smoky Ham Free Slices100g,£2.60,£26.00 per kg,
Quorn Vegetarian 3 Sausage Rolls,Quorn Vegetarian 3 Sausage Rolls210g,£2.95,£14.05 per kg,
Quorn Vegetarian Chicken Slices ,Quorn Vegetarian Chicken Slices 170g,£3,£1.76 per 100g,
Quorn Vegetarian Cocktail Sausages,Quorn Vegetarian Cocktail Sausages180g,£2.49,£13.83 per kg,
Quorn Vegetarian Creamy Korma Bites,Quorn Vegetarian Creamy Korma Bites180g,£2.49,£13.83 per kg,
Quorn Vegetarian Garlic & Herb Bites,Quorn Vegetarian Garlic & Herb Bites180g,£2.49,£13.83 per kg,
Quorn Vegetarian Ham Slices ,Quorn Vegetarian Ham Slices 170g,£3,£17.65 per kg,
Quorn Vegetarian Mince,Quorn Vegetarian Mince350g,£3.25,£9.29 per kg,
Quorn Vegetarian Mozzarella & Pesto Escalopes,Quorn Vegetarian Mozzarel…240g,£3,£12.50 per kg,
Quorn Vegetarian Peppered Steaks 2 Pack,Quorn Vegetarian Peppered Steaks 2 Pack196g,£3.25,£16.58 per kg,
Quorn Vegetarian Picnic Eggs,Quorn Vegetarian Picnic Eggs180g,£2.49,£13.83 per kg,
Quorn Vegetarian Spinach And Red Pepper Slices,Quorn Vegetarian Spinach And Red Pepper Slices100g,£2.60,£26.00 per kg,
Quorn Vegetarian Sweet Chilli Bites,Quorn Vegetarian Sweet Chilli Bites180g,£2.49,£13.83 per kg,
Ramona's Jalapeno Houmous ,Ramona's Jalapeno Houmous 500g,£2.50,50p per 100g,"Offer price £2.50, was £3"
Ramona's Original Houmous,Ramona's Original Houmous500g,£2.50,50p per 100g,"Offer price £2.50, was £3"
Rana Filled Pan-Fry Gnocchi Tomato & Mozzarella,Rana Filled Pan-Fry Gnocc…280g,£2.99,£1.07 per 100g,
Rana Filled Pan Fry Gnocchi Carbonara,Rana Filled Pan Fry Gnocchi Carbonara280g,£2.99,£10.68 per kg,
Rana Filled Pan Fry Gnocchi Spinach & Mozzarella,Rana Filled Pan Fry Gnocchi…280g,£2.99,£10.68 per kg,
Rana Genovese Basil P.D.O. Pesto Sauce,Rana Genovese Basil P.D.O. Pesto Sauce140g,£2.19,£1.56 per 100g,
Rana Pan-Fry Gnocchi Spinach,Rana Pan-Fry Gnocchi Spinach300g,£2.49,83p per 100g,
Rana Pappardelle,Rana Pappardelle300g,£2.25,£7.50 per kg,
Rana Prosciutto Crudo Fresh Cappelletti,Rana Prosciutto Crudo Fresh Cappelletti250g,£2,80.3p per 100g,"Offer price £2, was £2.99"
Rana Tagliatelle,Rana Tagliatelle300g,£2.25,£7.50 per kg,
Reign Melon Mania Zero Sugar Energy Drink,Reign Melon Mania Zero Sugar Energy Drink500ml,£1.85,37p per 100ml,Buy 2 for £2.60
Remedy Kombucha Ginger Lemon,Remedy Kombucha Ginger Lemon700ml,£2.25,32.2p per 100ml,"Offer price £2.25, was £2.75"
Remedy Kombucha Mango Passion,Remedy Kombucha Mango Passion700ml,£2.25,32.2p per 100ml,"Offer price £2.25, was £2.75"
Remedy Kombucha Raspberry Lemonade,Remedy Kombucha Raspberry Lemonade250ml,£1.75,70p per 100ml,
Remedy Kombucha Raspberry Lemonade ,Remedy Kombucha Raspberry Lemonade 700ml,£2.25,32.2p per 100ml,"Offer price £2.25, was £2.75"
Rice Dream Long Life Original with Calcium Milk Alternative,Rice Dream Long Life Original wit…1L,£1.69,£1.69 per litre,
Richmond 8 Meat Free Vegan Sausages,Richmond 8 Meat Free Vegan Sausages336g,£2.25,67p per 100g,"Offer price £2.25, was £2.70"
Richmond 8 Vegan No Bacon Smoked Rashers,Richmond 8 Vegan No Bacon Smoked Rashers150g,£2.70,£18.00 per kg,
Richmond Mini Pork Sausage Snacks ,Richmond Mini Pork Sausage Snacks 90g,£1,£1.11 per 100g,"Offer price £1, was £1.30"
Richmond No Chicken Pieces,Richmond No Chicken Pieces165g,£2.75,£1.67 per 100g,
Robby Gluten Free Strawberry Jelly,Robby Gluten Free Strawberry Jelly12 x 50g,£1.25,20.8p per 100g,
Rodda's Classic Cornish Clotted Cream,Rodda's Classic Cornish Clotted Cream227g,£2.75,£1.21 per 100g,The Best Cream Tea Bundle For £5
Rolo Desserts ,Rolo Desserts 4 x 65g,£1.75,67.3p per 100g,
Rolo Mix-In Toffee Yogurts,Rolo Mix-In Toffee Yogurts6 x 107g,£3.89,60.6p per 100g,
Royal Rassomalai,Royal Rassomalai500g,£2.99,59.8p per 100g,
Rude Health Long Life Organic Coconut Milk Alternative,Rude Health Long Life Organic C…1L,£1.80,£1.80 per litre,"Offer price £1.80, was £2.29"
Rude Health Organic Almond Drink,Rude Health Organic Almond Drink1L,£1.80,£1.80 per litre,"Offer price £1.80, was £2.29"
 Rude Health Organic Unsweetened Oat Drink, Rude Health Organic Unsweetened Oat Drink1L,£1.70,£1.70 per litre,"Offer price £1.70, was £2.29"
Rustlers All Day Breakfast Sausage Muffin,Rustlers All Day Breakfast Sausage Muffin155g,£1.25,80.6p per 100g,
Rustlers Chicken Sandwich ,Rustlers Chicken Sandwich 150g,£1.25,£8.33 per kg,
Rustlers Flame Beef Burger ,Rustlers Flame Beef Burger 156g,£1.50,£9.62 per kg,
Rustlers Flame Grilled Cheese Burger,Rustlers Flame Grilled Cheese Burger172g,£2.20,£1.28 per 100g,
Rustlers Flame Grilled Twin Cheeseburger,Rustlers Flame Grilled Twin Cheeseburger2 x 140g,£2.75,£9.82 per kg,
Rustlers Hot Dog          ,Rustlers Hot Dog          146g,£1.50,£10.28 per kg,"Offer price £1.50, was £2.20"
Rustlers Meatless Maverick Classic Burger,Rustlers Meatless Maverick Classic Burger196g,£1.99,£10.15 per kg,
Rustlers Mini Beefburger,Rustlers Mini Beefburger101g,£1,99p per 100g,
Rustlers Mini Pork Burger,Rustlers Mini Pork Burger90g,£1,£1.11 per 100g,
Rustlers Quarter Pounder,Rustlers Quarter Pounder190g,£2.25,£1.18 per 100g,Buy 2 for £3.50
Rustlers Southern Fried Chicken Burger ,Rustlers Southern Fried Chicken Burger 142g,£2.20,£1.55 per 100g,
Rustlers Sub Southern Fried Chicken,Rustlers Sub Southern Fried Chicken158g,£2.25,£14.24 per kg,Buy 2 for £3.50
Rustlers The Flame Grilled Bbq Rib ,Rustlers The Flame Grilled Bbq Rib 157g,£2.25,£14.33 per kg,Buy 2 for £3.50
Rustlers The Flame Grilled Deluxe With Bacon & Cheese,Rustlers The Flame Grilled De…191g,£2.25,£1.18 per 100g,Buy 2 for £3.50
Rustlers The Flame Grilled Double Decker,Rustlers The Flame Grilled Double Decker237g,£2.95,£12.45 per kg,
Ryvita Original Rye Crispbread,Ryvita Original Rye Crispbread250g,£1.59,63.6p per 100g,
Saint Agur Blue Cheese,Saint Agur Blue Cheese150g,£2.25,£15.00 per kg,
Saint Agur Creme,Saint Agur Creme150g,£2.75,£18.33 per kg,
Scottish Semi Skimmed Milk,Scottish Semi Skimmed Milk500ml,95p,£1.90 per litre,
Seriously Cheddar Cheese Crispy Melts ,Seriously Cheddar Cheese Crispy Melts 150g,£3.15,£21.00 per kg,
Seriously Creamy Squares Original,Seriously Creamy Squares Original133g,£1.25,£9.40 per kg,"Offer price £1.25, was £1.95"
Seriously Spreadable Chilli Cheese,Seriously Spreadable Chilli Cheese125g,£1.25,£1.00 per 100g,"Offer price £1.25, was £1.95"
Seriously Spreadable Light Cheese Spread,Seriously Spreadable Light Cheese Spread125g,£1.25,£10.00 per kg,"Offer price £1.25, was £1.95"
Seriously Spreadable Original Cheese Spread ,Seriously Spreadable Original Cheese Spread 125g,£1.25,£10.00 per kg,"Offer price £1.25, was £1.95"
Seriously Spreadable Smokey Cheese Spread,Seriously Spreadable Smokey Cheese Spread125g,£1.25,£10.00 per kg,"Offer price £1.25, was £1.95"
Seriously Spreadable Vintage,Seriously Spreadable Vintage125g,£1.25,£10.00 per kg,"Offer price £1.25, was £1.95"
Shaken Udder Chocolush Milkshake,Shaken Udder Chocolush Milkshake750ml,£2,£2.67 per litre,"Offer price £2, was £2.45"
 Shaken Udder Chocolush Milkshake, Shaken Udder Chocolush Milkshake330ml,£1.59,£4.82 per litre,
Shaken Udder Dairy Free Strawberry Milkshake,Shaken Udder Dairy Free Strawberry Milkshake330ml,£1.59,48.2p per 100ml,
Shaken Udder Salted Caramel Milkshake,Shaken Udder Salted Caramel Milkshake330ml,£1.59,£4.82 per litre,
Shaken Udder Salted Caramel Milkshake,Shaken Udder Salted Caramel Milkshake750ml,£2,26.7p per 100ml,"Offer price £2, was £2.45"
Shaken Udder Strawberry Dream Milkshake 330ml,Shaken Udder Strawberry Dream Milkshake 330ml330ml,£1.59,£4.82 per litre,
Shaken Udder Strawberry Dream Milkshake 750ml,Shaken Udder Strawberry Dream Milkshake 750ml750ml,£2,£2.67 per litre,"Offer price £2, was £2.45"
Shaken Udder Top Banana Milkshake,Shaken Udder Top Banana Milkshake330ml,£1.59,£4.82 per litre,
Shaken Udder Vanillalicious Milkshake,Shaken Udder Vanillalicious Milkshake330ml,£1.59,£4.82 per litre,
Shaken Udder Vanillalicious Milkshake 750ml,Shaken Udder Vanillalic…750ml,£2,£2.67 per litre,"Offer price £2, was £2.45"
Ski Smooth Raspberry & Strawberry Yogurts,Ski Smooth Raspberry & Strawberry Yogurts4 x 120g,£1.49,31p per 100g,
Ski Strawberry Mousse with Strawberry Sauce,Ski Strawberry Mousse with Strawberry Sauce4 x 60g,£1.59,66.3p per 100g,
Ski Variety Yogurts,Ski Variety Yogurts4 x 120g,£1.49,31p per 100g,
Smarties Mix-In Vanilla Yogurts,Smarties Mix-In Vanilla Yogurts6 x 107g,£3.89,60.6p per 100g,
Snacksters Big Stack,Snacksters Big Stack204g,£2.25,£1.10 per 100g,
Snacksters Breakfast Muffin ,Snacksters Breakfast Muffin 154g,£1,£6.49 per kg,
Snacksters Xl Doner Kebab,Snacksters Xl Doner Kebab171g,£1.65,96.5p per 100g,
Soignon Goat Log,Soignon Goat Log120g,£2.49,£20.75 per kg,
Sokolow Boczek,Sokolow Boczek400g,£3.79,94.8p per 100g,"Offer price £3.79, was £3.99"
Sokolow Bukowe Sausages,Sokolow Bukowe Sausages600g,£2.59,43.2p per 100g,
Sokolow Cooked And Smoked Garlic Polish Sausage,Sokolow Cooked And Smoked…400g,£2.15,£5.38 per kg,
Sokolow Copernicus Best Polish Sausage,Sokolow Copernicus Best Polish Sausage350g,£2.35,67.1p per 100g,
Sokolow Krakowska Slices,Sokolow Krakowska Slices200g,£2.60,£1.30 per 100g,
Sokolow Polish Classic Hot Dogs,Sokolow Polish Classic Hot Dogs250g,£1.60,64p per 100g,
Sokolow Polish Kabanos Sausage,Sokolow Polish Kabanos Sausage250g,£2.99,£1.20 per 100g,
Sokolow Silesian Best Polish Sausage,Sokolow Silesian Best Polish Sausage340g,£2.75,£8.09 per kg,"Offer price £2.75, was £3"
Sokolow Sopocka Loin Slices,Sokolow Sopocka Loin Slices200g,£2.29,£1.15 per 100g,
Soreen Snack Pack,Soreen Snack Pack,£1,,Food To Go Meal Deal for £3.50
Soulful One Pot Thai Red Vegetable Curry With Brown Rice,Soulful One Pot Thai Red Vegeta…300g,£2.50,83.3p per 100g,
Squeaky Bean Chicken Style Slices,Squeaky Bean Chicken Style Slices80g,£1.99,£24.88 per kg,"Offer price £1.99, was £2.49"
Squeaky Bean NYC Pastrami Style Sandwich Slices,Squeaky Bean NYC Pastrami…90g,£2.49,£27.66 per kg,"Offer price £2.49, was £2.99"
Squeaky Bean Ready to Eat Chargrilled Cajun Mini Fillets,Squeaky Bean Ready to Eat Charg…120g,£3.39,£2.83 per 100g,
Squeaky Bean Ready To Eat Chickenless Tikka Pieces,Squeaky Bean Ready To Eat C…130g,£2.99,£2.30 per 100g,
Squeaky Bean Salami Milano Style Slices,Squeaky Bean Salami Milano Style Slices90g,£2.49,£27.66 per kg,"Offer price £2.49, was £2.99"
Squeaky Bean Smoked Ham Slices,Squeaky Bean Smoked Ham Slices80g,£1.99,£2.49 per 100g,"Offer price £1.99, was £2.49"
Squeaky Bean Spanish Chorizo Style Slices,Squeaky Bean Spanish Chorizo Style Slices90g,£2.49,£27.66 per kg,"Offer price £2.49, was £2.99"
Starbucks Caramel Macchiato,Starbucks Caramel Macchiato750ml,£3.99,£5.32 per litre,
Starbucks Discoveries Caramel Macchiato,Starbucks Discoveries Caramel Macchiato220ml,£1.25,£5.68 per litre,"Offer price £1.25, was £2.25"
Starbucks Discoveries Seattle Latte,Starbucks Discoveries Seattle Latte220ml,£1.25,£5.68 per litre,"Offer price £1.25, was £2.25"
Starbucks Discoveries Skinny Latte,Starbucks Discoveries Skinny Latte220ml,£1.25,£5.68 per litre,"Offer price £1.25, was £2.25"
Starbucks Doubleshot Espresso,Starbucks Doubleshot Espresso200ml,£1.25,£6.25 per litre,"Offer price £1.25, was £2.25"
Starbucks Frappuccino Coffee Drink Caramel Flavour,Starbucks Frappuccino Coffe…250ml,£1.25,£5.00 per litre,"Offer price £1.25, was £2.25"
Starbucks Frappuccino Mocha,Starbucks Frappuccino Mocha250ml,£1.25,£5.00 per litre,"Offer price £1.25, was £2.25"
Starbucks Low Fat Frappuccino ,Starbucks Low Fat Frappuccino 250ml,£1.25,£5.00 per litre,"Offer price £1.25, was £2.25"
Starbucks No Added Sugar Double Shot Expresso,Starbucks No Added Sugar…200ml,£1.25,£6.25 per litre,"Offer price £1.25, was £2.25"
Starbucks Seattle Latte,Starbucks Seattle Latte750ml,£3.99,£5.32 per litre,
Starbucks Skinny Latte,Starbucks Skinny Latte750ml,£3.99,53.2p per 100ml,
Stewart's Kitchen Ayrshire Ham Gratin ,Stewart's Kitchen Ayrshire Ham Gratin 400g,£3.99,£9.98 per kg,
Stewart's Kitchen Chicken Braemar ,Stewart's Kitchen Chicken Braemar 400g,£3.99,£9.98 per kg,
Stewart's Kitchen Cullen Skink Pie ,Stewart's Kitchen Cullen Skink Pie 350g,£3.99,£11.40 per kg,
St Helen's Farm - Mild Goats Cheese,St Helen's Farm - Mild Goats Cheese170g,£3.49,£20.53 per kg,
St Helen's Farm - Whole Goats Milk ,St Helen's Farm - Whole Goats Milk 1L,£2.15,£2.15 per litre,
St Helen's Farm Semi - Skimmed Goats Milk,St Helen's Farm Semi - Skimmed Goats Milk1L,£2.15,£2.15 per litre,
Stork Baking Spread alternative to Butter,Stork Baking Spread alternative to Butter500g,£2.29,£4.58 per kg,
Stork Baking Spread alternative to Butter,Stork Baking Spread alternative to Butter1kg,£3.85,£3.85 per kg,
Stork Vegan Baking Block,Stork Vegan Baking Block250g,£1.49,£5.96 per kg,
Strings & Things Cheeshapes,Strings & Things Cheeshapes4 x 18.75g,£1.25,£16.66 per kg,"Offer price £1.25, was £1.75"
Strings & Things Cheestrings Cheese Snack,Strings & Things Cheestrings Cheese Snack4 x 20g,£1.25,£15.63 per kg,"Offer price £1.25, was £1.75"
Strings & Things Cheestrings Cheese Snack,Strings & Things Cheestrings Cheese Snack8 x 20g,£2.39,£14.94 per kg,
Strings & Things Cheestrings Twisted Cheese Snack,Strings & Things Cheestring…4 x 20g,£1.25,£15.63 per kg,"Offer price £1.25, was £1.75"
Strings & Things Cheestrings Twisted Cheese Snack,Strings & Things Cheestring…8 x 20g,£2.39,£14.94 per kg,
Strings & Things Yollies Strawberry Kids Yogurt,Strings & Things Yollies Strawberry Kids Yogurt100g,£1.75,£1.75 per 100g,
Tahira Chicken & Turkey Hot Dog,Tahira Chicken & Turkey Hot Dog500g,£2.20,44p per 100g,
Tarczynski Kielbasa Geesowska Polish Sausage,Tarczynski Kielbasa Gee…300g,£2.50,83.3p per 100g,"Offer price £2.50, was £2.95"
Taste & Glory Meat Free Burgers,Taste & Glory Meat Free Burgers227g,£2.70,£1.19 per 100g,
Taste & Glory Meat Free Sausages ,Taste & Glory Meat Free Sausages 240g,£2.70,£11.25 per kg,
The Coconut Collaborative Chocolate & Cream Pots,The Coconut Collaborative Chocolate & Cream Pots2 x 120ml,£2.75,£1.15 per 100ml,
The Coconut Collaborative Natural Yogurt ,The Coconut Collaborative Natural Yogurt 350g,£2.95,84.3p per 100g,
The Collective Fudge Gourmet Greek Style Yogurt,The Collective Fudge Gour…450g,£2.95,65.6p per 100g,
The Collective Great Dairy Gourmet Zingy Passion Fruit,The Collective Great Dairy Gour…150g,£1.25,83.3p per 100g,
The Collective Mango Gourmet Greek Style Yogurt ,The Collective Mango Gourme…450g,£2.95,65.6p per 100g,
The Collective Peach & Apricot Suckies Yogurt  Pouch,The Collective Peach & Aprico…90g,95p,£1.06 per 100g,Buy 2 for £1.50
The Collective Plant Raspberry Greek-Style,The Collective Plant Raspberry Greek-Style400g,£2.75,68.8p per 100g,
The Collective Raspberry Gourmet Greek-Style Yogurt,The Collective Raspberry Gour…450g,£2.95,65.6p per 100g,
The Collective Raspberry Gourmet Live Yoghurt,The Collective Raspberry Gourmet Live Yoghurt150g,£1,66.7p per 100g,
The Collective Straight Up Greek -Style Yogurt,The Collective Straight Up Greek -Style Yogurt900g,£3,33.4p per 100g,"Offer price £3, was £3.65"
The Collective Strawberry Suckies Yoghurt Pouches,The Collective Strawberry Suckies Yoghurt Pouches6 x 90g,£3.89,72p per 100g,
The Collective Strawberry Suckies Yogurt Pouch,The Collective Strawberry Suckies Yogurt Pouch90g,95p,£1.06 per 100g,Buy 2 for £1.50
The Collective Suckies Banana Kids Yoghurt Pouch,The Collective Suckies Bana…90g,95p,£1.06 per 100g,Buy 2 for £1.50
The Collective Suckies Strawberry Kids Yoghurt Pouch,The Collective Suckies Strawb…4 x 90g,£2.95,81.9p per 100g,
The Curators Original Beef Biltong ,The Curators Original Beef Biltong 26g,£2,£7.69 per 100g,
The Delicious Dessert Company Millionaires Long John,The Delicious Dessert Company…,£2.55,,
The Delicious Dessert Company Sticky Toffee Eclair,The Delicious Dessert Compa…2 per pack,£2,£1.00 each,
The Delicious Dessert Company Sticky Toffee Long John,The Delicious Dessert Company…,£2.55,,
The Gym Kitchen Chicken Tikka,The Gym Kitchen Chicken Tikka400g,£3.75,93.8p per 100g,
The Gym Kitchen Piri Piri Chicken,The Gym Kitchen Piri Piri Chicken400g,£3.75,93.8p per 100g,
The Gym Kitchen Thai Green Chicken Curry,The Gym Kitchen Thai Green Chicken Curry400g,£3.75,93.8p per 100g,
The Lake District Mild Cheddar,The Lake District Mild Cheddar350g,£3.75,£10.71 per kg,
The Laughing Cow Light Blue Cheese Spread Triangles,The Laughing Cow Light Blue C…8 x 16g,£1.25,£9.77 per kg,"Offer price £1.25, was £1.89"
The Laughing Cow Light Dip & Crunch,The Laughing Cow Light Dip & Crunch4 x 35g,£1.50,£10.71 per kg,
The Laughing Cow Light Triangles,The Laughing Cow Light Triangles267g,£2.95,£1.10 per 100g,
The Laughing Cow Light Triangles,The Laughing Cow Light Triangles133.5g,£1.25,93.9p per 100g,"Offer price £1.25, was £1.89"
The Laughing Cow Original Dip & Crunch ,The Laughing Cow Original Dip & Crunch 4 x 35g,£1.50,£10.71 per kg,
The Laughing Cow Original Triangle,The Laughing Cow Original Triangle133.5g,£1.25,93.9p per 100g,"Offer price £1.25, was £1.89"
The Real Milkshake Company Double Chocolate Flavoured Milk,The Real Milkshake Company Double…1L,£1.85,£1.85 per litre,
The Real Milkshake Company Salted Caramel Flavoured Milk,The Real Milkshake Company Salt…1L,£1.85,£1.85 per litre,
The Real Milkshake Company White Chocolate Flavoured Milk,The Real Milkshake Company White…1L,£1.85,£1.85 per litre,
The Real Yorkshire Pudding Co. Toad In The Hole,The Real Yorkshire Puddin…350g,£2.30,£6.57 per kg,"Offer price £2.30, was £2.60"
The Tofoo Co. Naked Tofu,The Tofoo Co. Naked Tofu280g,£2.50,89.3p per 100g,
The Tofoo Co. Naked Xl ,The Tofoo Co. Naked Xl 450g,£3.45,£7.67 per kg,
The Tofoo Co. Scrambled,The Tofoo Co. Scrambled200g,£2.85,£1.43 per 100g,
The Tofoo Co. Smoked Tofu,The Tofoo Co. Smoked Tofu225g,£2.50,£11.11 per kg,
The Tofoo Co. Sriracha,The Tofoo Co. Sriracha280g,£2.85,£1.02 per 100g,
The Vegetarian Butcher Patty On The Back,The Vegetarian Butcher Patty On The Back226g,£3.99,£1.77 per 100g,
The Vegetarian Butcher Unbelievaballs,The Vegetarian Butcher Unbelievaballs170g,£3,£1.76 per 100g,
The Vegetarian Butcher Vegan Magic Mince,The Vegetarian Butcher Vegan Magic Mince200g,£3,£1.50 per 100g,
The Vegetarian Butcher Vegan What the Cluck,The Vegetarian Butcher Vegan What the Cluck160g,£3,£1.88 per 100g,
This Isn't Bacon Plant-Based Rashers,This Isn't Bacon Plant-Based Rashers120g,£3,£2.50 per 100g,
This Isn't Beef Plant Based Burgers,This Isn't Beef Plant Based Burgers226g,£2.50,£1.11 per 100g,"Offer price £2.50, was £3"
This Isn't Pork Plant-Based Sausages,This Isn't Pork Plant-Based Sausages270g,£3,£1.11 per 100g,
Tideford Malaysian Coconut & Noodle Soup ,Tideford Malaysian Coconut & Noodle Soup 600g,£3.25,54.2p per 100g,
Tideford Organics Indian Lentil & Spinach Dhal Veg Pot,Tideford Organics Indian Lentil…600g,£3.25,54.2p per 100g,
Tideford Spiced Chickpea Soup,Tideford Spiced Chickpea Soup600g,£3.25,54.2p per 100g,
Tideford Super Greens Soup,Tideford Super Greens Soup600g,£3,50p per 100g,
Trex Solid White Vegetable Fat,Trex Solid White Vegetable Fat250g,£1.55,£6.20 per kg,
Tropical Sun Coconut Water,Tropical Sun Coconut Water520ml,£1.80,£3.46 per litre,
Tropicana Apple,Tropicana Apple900ml,£3.25,36.1p per 100ml,
Tropicana Extra Juicy,Tropicana Extra Juicy900ml,£3.25,36.1p per 100ml,
Tropicana Orange & Mango,Tropicana Orange & Mango1.35L,£3,22.2p per 100ml,"Offer price £3, was £4.25"
Tropicana Orange & Mango Juice,Tropicana Orange & Mango Juice850ml,£3.25,38.2p per 100ml,
Tropicana Orange Mango Juice ,Tropicana Orange Mango Juice 300ml,£1.65,55p per 100ml,
Tropicana Original Orange Juice With Bits,Tropicana Original Orange Juice With Bits900ml,£3.25,36.1p per 100ml,
Tropicana Original Orange Juice With Juicy Bits,Tropicana Original Orange Juice With Juicy Bits1.35L,£3,22.2p per 100ml,"Offer price £3, was £4.25"
Tropicana Pressed Apple Juice ,Tropicana Pressed Apple Juice 1.35L,£3,22.2p per 100ml,"Offer price £3, was £4.25"
Tropicana Sensations Golden Grapefruit,Tropicana Sensations Golden Grapefruit850ml,£2.50,29.4p per 100ml,"Offer price £2.50, was £3.50"
Tropicana Sensations Passionfruit Punch ,Tropicana Sensations Passionfruit Punch 850ml,£2.50,29.4p per 100ml,"Offer price £2.50, was £3.50"
Tropicana Sensations Pineapple Juice,Tropicana Sensations Pineapple Juice850ml,£2.50,29.4p per 100ml,"Offer price £2.50, was £3.50"
Tropicana Sensations Raspberry & Mango Sunset,Tropicana Sensations Rasp…850ml,£2.50,29.4p per 100ml,"Offer price £2.50, was £3.50"
Tropicana Smooth Orange Juice,Tropicana Smooth Orange Juice300ml,£1.65,55p per 100ml,Food To Go Meal Deal for £3.50
Tropicana Smooth Orange Juice,Tropicana Smooth Orange Juice900ml,£3.25,36.1p per 100ml,
Tropicana Smooth With No Bits Orange Juice,Tropicana Smooth With No Bits Orange Juice1.35L,£3,22.2p per 100ml,"Offer price £3, was £4.25"
Tropicana Trop50 Orange & Mango Juice Drink,Tropicana Trop50 Orange & Mango Juice Drink1L,£1.50,15p per 100ml,
Tropicana Trop50 Orange Juice Drink ,Tropicana Trop50 Orange Juice Drink 1L,£1.50,15p per 100ml,
Tropicana Tropical Fruit Juice ,Tropicana Tropical Fruit Juice 850ml,£3.25,38.2p per 100ml,
Tropicana Tropical Juice,Tropicana Tropical Juice1.35L,£3,22.2p per 100ml,"Offer price £3, was £4.25"
Two Chicks Free Range Liquid Egg White,Two Chicks Free Range Liquid Egg White500g,£3.49,£6.98 per kg,
Ufit High Protein Fudge Brownie Milkshake ,Ufit High Protein Fudge Brownie Milkshake 330ml,£2,60.6p per 100ml,
UFIT High Protein Shake Drink Banana,UFIT High Protein Shake Drink Banana330ml,£2,60.6p per 100ml,
UFIT High Protein Shake Drink  Chocolate,UFIT High Protein Shake Drink  Chocolate500ml,£2.25,£4.50 per litre,"Offer price £2.25, was £3"
UFIT High Protein Shake Drink Salted Caramel,UFIT High Protein Shake Drink Salted Caramel330ml,£2,60.6p per 100ml,
UFIT High Protein Shake Drink Strawberry,UFIT High Protein Shake Drink Strawberry500ml,£2.25,£4.50 per litre,"Offer price £2.25, was £3"
UFIT High Protein Shake Drink Strawberry,UFIT High Protein Shake Drink Strawberry330ml,£2,60.6p per 100ml,
UFIT High Protein Shake Drink Vanilla,UFIT High Protein Shake Drink Vanilla330ml,£2,£6.06 per litre,
UFIT High Protein Shake Drink White Chocolate,UFIT High Protein Shake Drink White Chocolate330ml,£2,60.6p per 100ml,
UFIT Lite Protein Shake Drink Smooth Chocolate,UFIT Lite Protein Shake Drink Smooth Chocolate310ml,£2,64.5p per 100ml,Food To Go Meal Deal for £3.50
UFIT Lite Protein Shake Drink Strawberries & Cream,UFIT Lite Protein Shake Dri…310ml,£2,64.5p per 100ml,Food To Go Meal Deal for £3.50
Ufit Millionaire Shortbread High Protein Shake,Ufit Millionaire Shortbread High Protein Shake330ml,£2,£6.06 per litre,
Ufit Protein Drink Chocolate,Ufit Protein Drink Chocolate250ml,£1,40p per 100ml,
Ufit Protein Drink Strawberry,Ufit Protein Drink Strawberry250ml,£1,40p per 100ml,
Ufit Salted Caramel High Protein Shake,Ufit Salted Caramel High Protein Shake500ml,£2.25,£4.50 per litre,"Offer price £2.25, was £3"
Utterly Butterly Spread,Utterly Butterly Spread500g,£1,£2.00 per kg,"Offer price £1, was £1.75"
VBites Cheatin Ham Style Slices,VBites Cheatin Ham Style Slices100g,£1.49,£14.90 per kg,
VBites Cheatin Rashers ,VBites Cheatin Rashers 115g,£2.35,£20.43 per kg,
V Bites Sage & Onion Vdeli Slices ,V Bites Sage & Onion Vdeli Slices 100g,£1.49,£14.90 per kg,
Violife Vioblock Salted Vegan Butter Alternative,Violife Vioblock Salted Vegan Butter Alternative250g,£1.99,79.6p per 100g,
Violife Viospread Light & Creamy Vegan Spread ,Violife Viospread Light & Creamy Vegan Spread 200g,£2.19,£1.10 per 100g,
Vita Coco Choc-O-Lot Chocolate & Coconut Drink,Vita Coco Choc-O-Lot Choc…330ml,£1,30.3p per 100ml,"Offer price £1, was £1.60"
Vita Coco Coconut Water Pressed Coconut,Vita Coco Coconut Water Pressed Coconut1L,£3.99,39.9p per 100ml,
Vita Coco Natural Coconut Water ,Vita Coco Natural Coconut Water 1L,£2.50,25p per 100ml,"Offer price £2.50, was £3.99"
Vita Coco Natural Coconut Water   ,Vita Coco Natural Coconut Water   500ml,£2.45,49p per 100ml,
Vitalite Dairy Free Spread,Vitalite Dairy Free Spread500g,£2,£4.00 per kg,"Offer price £2, was £2.25"
Vivera Veggie Shawarma Kebab,Vivera Veggie Shawarma Kebab175g,£2.59,£14.80 per kg,
Walls Individual Scotch Egg,Walls Individual Scotch Egg113g,£1.25,£1.11 per 100g,Food To Go Meal Deal for £3.50
Walls Mini Savoury Eggs,Walls Mini Savoury Eggs18 per pack,£1.99,11.1p each,
Walls Scotch Eggs,Walls Scotch Eggs2 x 113g,£1.99,88.1p per 100g,
Wildlife Fromage Frais Strawberry & Peach ,Wildlife Fromage Frais Strawberry & Peach 18 x 45g,£2.35,29p per 100g,
Wildlife Strawberry Choobs Yogurt,Wildlife Strawberry Choobs Yogurt6 x 37g,£1,45p per 100g,
Wildlife Variety Choobs Yoghurt,Wildlife Variety Choobs Yoghurt6 x 37g,£1,45p per 100g,
Willow Block,Willow Block250g,£1.30,£5.20 per kg,"Offer price £1.30, was £1.49"
Wunda Original Plant Based Milk Alternative,Wunda Original Plant Based Milk Alternative950ml,£1.50,15.8p per 100ml,"Offer price £1.50, was £1.90"
Wunda Unsweetened Plant Based Milk Alternative,Wunda Unsweetened Plant B…950ml,£1.50,15.8p per 100ml,"Offer price £1.50, was £1.90"
WW Bolognese Bake ,WW Bolognese Bake 360g,£2.99,£8.31 per kg,
WW Butternut Squash & Spinach Lasagne,WW Butternut Squash & Spinach Lasagne400g,£2.99,74.8p per 100g,
WW Chicken Tikka & Basmati Rice ,WW Chicken Tikka & Basmati Rice 380g,£2.99,£7.87 per kg,
WW Chilli Con Carne & Potato Wedges,WW Chilli Con Carne & Potato Wedges380g,£2.99,78.7p per 100g,
"WW Creamy Chicken, Leek & Mushroom Pie ","WW Creamy Chicken, Leek & Mushroom Pie 400g",£2.99,£7.48 per kg,
WW Lincolnshire Sausage & Root Vegetable Mash ,WW Lincolnshire Sausage & Root Vegetable Mash 380g,£2.99,£7.87 per kg,
Wyke Farms Farmhouse Butter Salted,Wyke Farms Farmhouse Butter Salted250g,£2.25,£9.00 per kg,
Yakult 0% Fat Yogurt Drink,Yakult 0% Fat Yogurt Drink15 x 65ml,£5.50,56.4p per 100ml,
Yakult Light 0% Fat Yogurt Drink,Yakult Light 0% Fat Yogurt Drink15 x 65ml,£5.50,56.4p per 100ml,
Yakult Light Yogurt Drink,Yakult Light Yogurt Drink7 x 65ml,£3.25,71.4p per 100ml,
Yakult Yogurt Drink,Yakult Yogurt Drink7 x 65ml,£3.25,71.4p per 100ml,
Yamas! Greek Feta Cheese ,Yamas! Greek Feta Cheese 200g,£1.95,£9.75 per kg,"Offer price £1.95, was £2.19"
Yamas Halloumi,Yamas Halloumi225g,£2.75,£12.22 per kg,
Yazoo Banana Milk Drink,Yazoo Banana Milk Drink400ml,£1,£2.50 per litre,"Offer price £1, was £1.19"
Yazoo Banana Milk Drink,Yazoo Banana Milk Drink1L,£1.80,£1.80 per litre,
Yazoo Banana No added Sugar ,Yazoo Banana No added Sugar 3 x 200ml,£1.50,25p per 100ml,
Yazoo Chocolate Milk,Yazoo Chocolate Milk1L,£1.80,£1.80 per litre,
Yazoo Chocolate No Added Sugar,Yazoo Chocolate No Added Sugar3 x 200ml,£1.50,25p per 100ml,
Yazoo Limited Edition Choc Mint,Yazoo Limited Edition Choc Mint400ml,£1.15,28.8p per 100ml,
Yazoo Max Fresh Chocolate Flavoured Milk,Yazoo Max Fresh Chocolate Flavoured Milk400ml,£1,£2.50 per litre,"Offer price £1, was £1.19"
Yazoo Strawberry Milk,Yazoo Strawberry Milk1L,£1.80,£1.80 per litre,
Yazoo Strawberry Milk Drink,Yazoo Strawberry Milk Drink400ml,£1,£2.50 per litre,"Offer price £1, was £1.19"
Yazoo Strawberry No Added Sugar,Yazoo Strawberry No Added Sugar3 x 200ml,£1.50,25p per 100ml,
Yazoo Strawberry No Added Sugar,Yazoo Strawberry No Added Sugar6 x 200ml,£2.40,20p per 100ml,
Ye Olde Oak Frankfurters,Ye Olde Oak Frankfurters550g,£2.15,39.1p per 100g,
Yeo Valley Family Farm Peach & Apricot Yogurt,Yeo Valley Family Farm Peach & Apricot Yogurt450g,£2.25,50p per 100g,
Yeo Valley Greek Style Honey ,Yeo Valley Greek Style Honey 450g,£1.50,33.4p per 100g,"Offer price £1.50, was £2.15"
Yeo Valley Organic 0% Fat Greek Style Natural Yogurt,Yeo Valley Organic 0% Fat Greek Style Natural Yogurt450g,£1.50,33.3p per 100g,"Offer price £1.50, was £1.85"
Yeo Valley Organic Butter ,Yeo Valley Organic Butter 250g,£2.99,£1.20 per 100g,
Yeo Valley Organic Free-Range Milk Semi-Skimmed ,Yeo Valley Organic Free-Ran…2L,£2.69,£1.35 per litre,Buy 2 for £4
Yeo Valley Organic Greek Style Natural Yogurt,Yeo Valley Organic Greek Style Natural Yogurt450g,£1.50,33.4p per 100g,"Offer price £1.50, was £2.15"
Yeo Valley Organic Half Fat Creme Fraiche,Yeo Valley Organic Half Fat Creme Fraiche200g,£1.40,70p per 100g,
Yeo Valley Organic Lemon Curd Yogurt,Yeo Valley Organic Lemon Curd Yogurt450g,£1.50,33.3p per 100g,
Yeo Valley Organic Natural Whole Milk,Yeo Valley Organic Natural Whole Milk950g,£3.59,37.8p per 100g,
Yeo Valley Organic Natural Whole Milk Yogurt,Yeo Valley Organic Natural Whole Milk Yogurt450g,£1.50,33.3p per 100g,"Offer price £1.50, was £1.99"
Yeo Valley Organic Semi Skimmed Cartons,Yeo Valley Organic Semi Skimmed Cartons1L,£1.75,£1.75 per litre,
Yeo Valley Organic Strawberry Yogurt,Yeo Valley Organic Strawberry Yogurt450g,£1.50,33.3p per 100g,
Yeo Valley Organic Whole Cartons,Yeo Valley Organic Whole Cartons1L,£1.75,£1.75 per litre,
Yeo Valley Organic Whole Milk Yogurt,Yeo Valley Organic Whole Milk Yogurt150g,85p,56.7p per 100g,
Yop Raspberry Flavour Yogurt Drink ,Yop Raspberry Flavour Yogurt Drink 500g,£1.40,£2.80 per kg,
Yop Strawberry Flavour Yogurt Drink ,Yop Strawberry Flavour Yogurt Drink 500g,£1.40,£2.80 per kg,
Yorkshire Creamery Extra Mature Yorkshire Cheddar,Yorkshire Creamery Extra Mature Yorkshire Cheddar320g,£3.75,£11.72 per kg,
Yorkshire Provender Cauliflower Cheese Soup With Kale & Fountains Gold,Yorkshire Provender Cauliflow…600g,£2.99,49.8p per 100g,
Yorkshire Provender Roast Chicken & Traditional Vegetable Soup,Yorkshire Provender Roast Chicken &…600g,£2.99,49.8p per 100g,
Yorkshire Provender Silky Root Vegetable With Pearl Barley,Yorkshire Provender Silky Root Ve…600g,£2.99,49.8p per 100g,
Yorkshire Provender Thai Green Chicken Noodle Soup,Yorkshire Provender Thai Gr…600g,£2.99,49.8p per 100g,
Yorkshire Provender Tomato With Red Pepper & Wensleydale Soup,Yorkshire Provender Tomato With Red…600g,£2.99,49.8p per 100g,
