name,Price Per Unit,Price Per Measure,Promotion
Morrisons Chicken Mini Fillet,Morrisons Chi…450g,£4.25,94.4p per 100g,Buy 3 for £10
Morrisons Spreadable,Morrisons Spreadable450g,£2.49,55.3p per 100g,
Morrisons Soured Cream & Chive Dip,Morrisons Soured…170g,£1.35,79.4p per 100g,Buy 2 for £2
Birds Eye 2 Green Cuisine Vegan Chicken Free Southern Fried Grills,Birds Eye 2 Green Cuisine Vegan Chicken…2 per pack,£2.69,£1.35 each,
Birds Eye Green Cuisine Vegan Chicken Free Southern Fried Strips,Birds Eye Green Cuisine Vegan Chicken…210g,£2.99,£14.24 per kg,
Birds Eye Petits Pois ,Birds Eye Petits Pois 960g,£3,£3.13 per kg,"Offer price £3, was £3.59"
Goodfella's Takeaway Pepperoni Pizza,Goodfella's Takeaway Pepperoni Pizza524g,£3.50,66.8p per 100g,"Offer price £3.50, was £4.99"
	Weight Watchers from Heinz Beef Hotpot Frozen Ready Meal,	Weight Watchers from Heinz Beef…350g,£2.49,£7.11 per kg,Buy 2 for £4.50
"Annabel Karmel Chicken,Tomato & Mascarpone Pasta ","Annabel Karmel Chicken,Toma…200g",£1.79,89.5p per 100g,"Offer price £1.79, was £2"
Annabel Karmel Scrummy Cottage Pie with Hidden Veggies ,Annabel Karmel Scrummy Cottage…200g,£1.79,£8.95 per kg,"Offer price £1.79, was £2"
Annabel Karmel Tasty Spaghetti Bolognese with Hidden Veggies ,Annabel Karmel Tasty Spaghetti Bolo…200g,£1.79,£8.95 per kg,"Offer price £1.79, was £2"
Aunt Bessie's 10 Glorious Golden Yorkshire Puddings,Aunt Bessie's 10 Glorious Golden Yorkshire Puddings190g,£1.50,£7.89 per kg,
Aunt Bessie's 12 Bake at Home Yorkshire Puddings,Aunt Bessie's 12 Bake at Home Yorkshire Puddings370g,£2.39,£6.46 per kg,
Aunt Bessie's 12 Sage & Onion Stuffing Balls ,Aunt Bessie's 12 Sage & Onion Stuffing Balls 310g,£1.50,£4.84 per kg,"Offer price £1.50, was £2.45"
Aunt Bessie's 18 Glorious Golden Yorkshire Puddings,Aunt Bessie's 18 Glorious Golden Yorkshire Puddings342g,£4,£11.70 per kg,"Buy 3, Get 25% Off"
Aunt Bessie's 4 Spectacular Yorkshire Puddings,Aunt Bessie's 4 Spectacul…220g,£2,£9.09 per kg,
Aunt Bessie's 8 Dumplings,Aunt Bessie's 8 Dumplings390g,£2.45,£6.28 per kg,
Aunt Bessie's Crinkle Cut Chips,Aunt Bessie's Crinkle Cut Chips800g,£1.50,18.7p per 100g,"Offer price £1.50, was £1.85"
Aunt Bessie's Duck Fat Roast Potatoes,Aunt Bessie's Duck Fat Roast Potatoes700g,£3,£4.29 per kg,"Offer price £3, was £3.99"
Aunt Bessie's Honey Glazed Parsnips,Aunt Bessie's Honey Glazed Parsnips500g,£2,£4.00 per kg,"Offer price £2, was £2.49"
Aunt Bessie's Jam Roly Poly,Aunt Bessie's Jam Roly Poly300g,£2.19,73p per 100g,"Offer price £2.19, was £2.29"
Aunt Bessie's Mashed Potato,Aunt Bessie's Mashed Potato650g,£2.49,£3.83 per kg,
Aunt Bessie's Mini Roast Potatoes,Aunt Bessie's Mini Roast Potatoes700g,£2.79,39.9p per 100g,
Aunt Bessie's Onion Rings ,Aunt Bessie's Onion Rings 375g,£2.35,62.7p per 100g,
Aunt Bessie's Proper Apple Pie ,Aunt Bessie's Proper Apple Pie 550g,£2.19,39.8p per 100g,"Offer price £2.19, was £2.29"
Aunt Bessie's Roast Potatoes,Aunt Bessie's Roast Potatoes1.3kg,£3.89,£2.99 per kg,
Aunt Bessie's Roast Potatoes,Aunt Bessie's Roast Potatoes720g,£2.49,£3.46 per kg,
Aunt Bessie's Toad In The Hole,Aunt Bessie's Toad In The Hole190g,£1.99,£10.47 per kg,
Baileys Original Ice Cream Sticks ,Baileys Original Ice Cream Sticks 3 x 90ml,£3.75,£1.39 per 100ml,
Ballineen Cooked Irish Sausages In A Crispy Batter,Ballineen Cooked Irish Saus…240g,£1.75,£7.29 per kg,
Bannisters Farm 4 Cheese & Bacon Potato Skins,Bannisters Farm 4 Cheese & Bacon Potato Skins260g,£1.65,£6.35 per kg,
Bannisters Farm 4 Cheese & Jalapeno Potato Skins,Bannisters Farm 4 Cheese & Jalapeno Potato Skins260g,£1.65,£6.35 per kg,
Bannisters Farm 4 Hasselback Baked Potatoes ,Bannisters Farm 4 Hasse…460g,£2.49,54.1p per 100g,
Barratt Fruit Salad & Dip Dabs Ice Duos,Barratt Fruit Salad & Dip Dabs Ice Duos8 x 80ml,£1.50,23.4p per 100ml,
Ben & Jerry's A Chocolate Love A-Fair Sea Salt Caramel Non Dairy ,Ben & Jerry's A Chocolate Love A-Fair…465ml,£4.89,£1.05 per 100ml,
Ben & Jerry's Baked Alaska Vanilla Ice Cream Tub,Ben & Jerry's Baked Alaska…465ml,£3.75,80.6p per 100ml,"Offer price £3.75, was £5.49"
Ben & Jerry's Caramel Chew Chew Ice Cream Tub,Ben & Jerry's Caramel Che…465ml,£3.75,80.6p per 100ml,"Offer price £3.75, was £5.49"
Ben & Jerry's Choco-lotta Cheesecake Sundae,Ben & Jerry's Choco-lotta Cheesecake Sundae427ml,£5.49,£1.29 per 100ml,
Ben & Jerry's Chocolate Chip Cookie Dough Ice Cream Chunks,Ben & Jerry's Chocolate Chip Cook…170g,£4.49,£2.64 per 100g,
Ben & Jerry's Chocolate Fudge Ice Cream Tub,Ben & Jerry's Chocolate Fudge Ice Cream Tub465ml,£3.75,80.6p per 100ml,"Offer price £3.75, was £4.80"
Ben & Jerry's Cone Together Vanilla Ice Cream Tub,Ben & Jerry's Cone Together…465ml,£5.49,£1.18 per 100ml,
Ben & Jerry's Cookie & Brownie Cool-lection,Ben & Jerry's Cookie & Brownie Cool-lection4 x 100ml,£5.49,£1.37 per 100ml,
Ben & Jerry's Cookie Dough Ice Cream Tub,Ben & Jerry's Cookie Dough Ice Cream Tub465ml,£3.75,80.6p per 100ml,"Offer price £3.75, was £5.49"
Ben & Jerry's Cookie Dough Non - Dairy Ice Cream ,Ben & Jerry's Cookie Dough…465ml,£4.89,£1.05 per 100ml,
Ben & Jerry's Dulce De-lish Sundae,Ben & Jerry's Dulce De-lish Sundae427ml,£5.49,£1.29 per 100ml,
Ben & Jerry's Half Baked Chocolate Ice Cream Tub,Ben & Jerry's Half Baked Chocolate Ice Cream Tub465ml,£3.75,80.6p per 100ml,"Offer price £3.75, was £4.80"
Ben & Jerry's Karamel Sutra Core Caramel Ice Cream Tub,Ben & Jerry's Karamel Sutra Cor…465ml,£3.75,80.6p per 100ml,"Offer price £3.75, was £5.49"
Ben & Jerry's Lighten Up Chocolate Cookie Dough,Ben & Jerry's Lighten Up Chocolate Cookie Dough465ml,£5.49,£1.18 per 100ml,
Ben & Jerry's Lighten Up Vanilla Brownie,Ben & Jerry's Lighten Up Vanilla Brownie465ml,£5.49,£1.18 per 100ml,
Ben & Jerry's Netflix & Chill'D Peanut Butter Ice Cream Tub,Ben & Jerry's Netflix & Chill'D P…465ml,£3.75,80.6p per 100ml,"Offer price £3.75, was £5.49"
Ben & Jerry's Peanut Butter Cup ,Ben & Jerry's Peanut Butter Cup 465ml,£3.75,80.6p per 100ml,"Offer price £3.75, was £5.49"
Ben & Jerry's Phish Food Chocolate Ice Cream Tub,Ben & Jerry's Phish Food Chocolate Ice Cream Tub465ml,£3.75,80.6p per 100ml,"Offer price £3.75, was £4.80"
Ben & Jerry's Strawberry Cheesecake Ice Cream Tub,Ben & Jerry's Strawberry Ch…465ml,£3.75,80.6p per 100ml,"Offer price £3.75, was £5.49"
Ben & Jerry's Sundae Cookie Vermont-Ster Ice Cream Tub,Ben & Jerry's Sundae Cookie Ver…427ml,£5.49,£1.29 per 100ml,
Ben & Jerry's Sundae Hazel-Nuttin' But Chocolate Ice Cream Tub,Ben & Jerry's Sundae Hazel-Nuttin'…427ml,£5.49,£1.29 per 100ml,
Ben & Jerry's Sundae Oh My Banoffee Pie Ice Cream Tub,Ben & Jerry's Sundae Oh My Ba…427ml,£5.49,£1.29 per 100ml,
Ben And Jerry's A Chocolate Love A-Fair Sea Salt Caramel Ice Cream,Ben And Jerry's A Chocolate Love A-Fair…465ml,£3.75,80.6p per 100ml,"Offer price £3.75, was £5.49"
Bernard Matthews Farms Turkey Breast Roast,Bernard Matthews Farms Turkey Breast Roast450g,£2.75,£6.11 per kg,
Bernard Matthews Golden Turkey Drummers,Bernard Matthews Golden Turkey Drummers350g,£2.25,64.3p per 100g,
Bernard Matthews Turkey Dinosaurs,Bernard Matthews Turkey Dinosaurs350g,£2.25,64.3p per 100g,
Bernard Matthews Turkey Mini Kievs,Bernard Matthews Turkey Mini Kievs13 x 295g,£2.25,5.9p per 100g,
Beyond Meat Plant Based Meatballs,Beyond Meat Plant Based Meatballs200g,£4,£2.00 per 100g,
Beyond Meat Plant Based Mince,Beyond Meat Plant Based Mince250g,£4,£1.60 per 100g,
Beyond Meat Plant Based Sausage,Beyond Meat Plant Based Sausage4 x 50g,£4,£2.00 per 100g,
Beyond Meat Plant Burgers,Beyond Meat Plant Burgers226g,£4,£1.77 per 100g,
Birds Eye 10 Chicken Fingers with Golden Wholegrain,Birds Eye 10 Chicken Fingers…250g,£2.79,£11.16 per kg,
Birds Eye 10 Cod Fish Fingers,Birds Eye 10 Cod Fish Fingers280g,£3,£10.71 per kg,"Offer price £3, was £3.99"
Birds Eye 10 Green Cuisine Vegan Veggie Fingers,Birds Eye 10 Green Cuisin…284g,£1.79,£6.30 per kg,
Birds Eye 10 Haddock Fish Fingers,Birds Eye 10 Haddock Fish Fingers280g,£3,£10.72 per kg,"Offer price £3, was £4.39"
Birds Eye 10 Omega 3 Fish Fingers,Birds Eye 10 Omega 3 Fish Fingers280g,£2.99,£10.68 per kg,
Birds Eye 10 Original Beef Burgers with Onion,Birds Eye 10 Original Beef Burgers with Onion567g,£5.85,£10.32 per kg,
Birds Eye 10 Original Potato Waffles,Birds Eye 10 Original Potato Waffles567g,£2.35,£4.14 per kg,
Birds Eye 12 Crispy Chicken Dippers,Birds Eye 12 Crispy Chicken Dippers220g,£2.79,£12.68 per kg,
Birds Eye 18 Potato Waffles,Birds Eye 18 Potato Waffles1.02kg,£3.80,£3.73 per kg,"Buy 3, Get 25% Off"
Birds Eye 20 Fish Fingers Cod,Birds Eye 20 Fish Fingers Cod560g,£6.49,£11.59 per kg,
Birds Eye 20 Fish Fingers Omega 3,Birds Eye 20 Fish Fingers Omega 3560g,£3.50,£6.25 per kg,"Offer price £3.50, was £4.19"
Birds Eye 20 Fish Nuggets,Birds Eye 20 Fish Nuggets490g,£3.79,£7.73 per kg,
Birds Eye 22 Crispy Chicken Dippers,Birds Eye 22 Crispy Chicken Dippers403g,£4.45,£11.04 per kg,
Birds Eye 22 Gluten Free Chicken Nuggets,Birds Eye 22 Gluten Free Chicken Nuggets455g,£3.99,87.7p per 100g,
Birds Eye 22 Green Cuisine Vegan Chicken Free Dippers,Birds Eye 22 Green Cuisine Ve…403g,£3,£7.45 per kg,"Offer price £3, was £4.09"
Birds Eye 24 Chicken Nuggets With Golden Wholegrain,Birds Eye 24 Chicken Nuggets…379g,£3.50,£9.23 per kg,"Offer price £3.50, was £4.45"
Birds Eye 26 Battered Fish Fingers,Birds Eye 26 Battered Fish Fingers728g,£5.25,£7.21 per kg,
Birds Eye 2 Breaded Cod Fish Burgers,Birds Eye 2 Breaded Cod Fish Burgers227g,£2.75,£12.11 per kg,
Birds Eye 2 Cheese & Ham Chicken Kievs ,Birds Eye 2 Cheese & Ham Chicken Kievs 204g,£2.89,£14.17 per kg,
Birds Eye 2 Chicken Quarter Pounders,Birds Eye 2 Chicken Quarter Pounders227g,£2,£8.81 per kg,"Offer price £2, was £2.79"
Birds Eye 2 Cod Tomato and Rosemary Perfectly Baked,Birds Eye 2 Cod Tomato and Ro…260g,£4.79,£18.42 per kg,
Birds Eye 2 Creamy Pasta Steamfresh,Birds Eye 2 Creamy Pasta Steamfresh350g,£2.89,£8.26 per kg,
Birds Eye 2 Crispy Chicken Grills in Tempura Batter,Birds Eye 2 Crispy Chicken Grills in Tempura Batter170g,£2,£11.76 per kg,"Offer price £2, was £2.79"
Birds Eye 2 Fish Chargrills with Tomato & Basil,Birds Eye 2 Fish Chargrills with Tomato & Basil250g,£4.09,£16.36 per kg,
Birds Eye 2 Fish Fillets With Linseeds,Birds Eye 2 Fish Fillets With Linseeds220g,£1.49,£6.77 per kg,
Birds Eye 2 Garlic & Herb Chicken Kievs,Birds Eye 2 Garlic & Herb Chicken Kievs204g,£2.89,£14.17 per kg,
Birds Eye 2 Gluten Free Southern Fried Chicken Grills,Birds Eye 2 Gluten Free South…180g,£2.75,£15.28 per kg,
Birds Eye 2 Golden Rice Steamfresh,Birds Eye 2 Golden Rice Steamfresh380g,£2.89,£7.61 per kg,
Birdseye 2 Green Cuisine Vegan Battered Fishless Fillets,Birdseye 2 Green Cuisine Vegan…240g,£2.50,£10.42 per kg,"Offer price £2.50, was £3"
Birdseye 2 Green Cuisine Vegan Breaded Fishless Fillets,Birdseye 2 Green Cuisine Vegan…216g,£2.50,£1.16 per 100g,"Offer price £2.50, was £3"
Birds Eye 2 Green Cuisine Vegan Burgers,Birds Eye 2 Green Cuisine Vegan Burgers200g,£2.99,£14.95 per kg,
Birds Eye 2 Green Cuisine Vegan Chicken Free Burgers,Birds Eye 2 Green Cuisine Veg…2 per pack,£2.25,£1.13 each,
Birds Eye 2 Green Cuisine Vegan Chicken Free Crispy Grills,Birds Eye 2 Green Cuisine Vegan C…2 per pack,£2.69,£1.35 each,
Birds Eye 2 Green Cuisine Vegan Chicken Free Southern Fried Grills,Birds Eye 2 Green Cuisine Vegan Chicken…2 per pack,£2.69,£1.35 each,
Birds Eye 2 Green Medley Steamfresh,Birds Eye 2 Green Medley Steamfresh300g,£2,£6.66 per kg,"Offer price £2, was £2.89"
Birds Eye 2 Haddock White Wine Perfectly Baked,Birds Eye 2 Haddock White…260g,£4.79,£18.42 per kg,
Birds Eye 2 Hot & Spicy Chicken Grills,Birds Eye 2 Hot & Spicy Chicken Grills180g,£2,£11.11 per kg,"Offer price £2, was £2.79"
Birds Eye 2 Jumbo Battered Fish Fillets,Birds Eye 2 Jumbo Battered Fish Fillets400g,£3.49,87.3p per 100g,
Birds Eye 2 Lightly Dusted Lemon & Pepper Fish Fillets,Birds Eye 2 Lightly Dusted Lemo…280g,£2.50,89.1p per 100g,"Offer price £2.50, was £3.79"
Birds Eye 2 Original Chicken Chargrills ,Birds Eye 2 Original Chicken Chargrills 170g,£2,£11.76 per kg,"Offer price £2, was £2.79"
Birds Eye 2 Peri Peri Chicken Chargrills,Birds Eye 2 Peri Peri Chicken Chargrills174g,£2,£11.49 per kg,"Offer price £2, was £2.79"
Birds Eye 2 Southern Fried Chicken Grills,Birds Eye 2 Southern Fried Chicken Grills180g,£2,£11.11 per kg,"Offer price £2, was £2.79"
Birds Eye 2 Steamfresh Mediterranean Vegetable Rice,Birds Eye 2 Steamfresh Medite…380g,£2.89,£7.61 per kg,
Birds Eye 2 Sticky & Sweet BBQ Chicken Chargrills,Birds Eye 2 Sticky & Sweet BBQ Chicken Chargrills174g,£2,£11.49 per kg,"Offer price £2, was £2.79"
Birds Eye 30 Fish Fillet Fingers Cod,Birds Eye 30 Fish Fillet Fingers Cod840g,£7.75,£9.23 per kg,
Birds Eye 38 Crispy Chicken Dippers,Birds Eye 38 Crispy Chicken Dippers697g,£4.50,£6.45 per kg,"Offer price £4.50, was £5.69 - Online Exclusive"
Birds Eye 44 Chicken Nuggets with Golden Wholegrain,Birds Eye 44 Chicken Nuggets…695g,£5.69,£8.19 per kg,
Birds Eye 4 Battered Cod Fish Fillets,Birds Eye 4 Battered Cod Fish Fillets440g,£4,£9.09 per kg,"Offer price £4, was £6.15"
Birds Eye 4 Battered Fish Fillets,Birds Eye 4 Battered Fish Fillets400g,£2.50,£6.25 per kg,"Offer price £2.50, was £3.95"
Birds Eye 4 Breaded Cod Fish Fillets,Birds Eye 4 Breaded Cod Fish Fillets440g,£6.15,£13.98 per kg,
Birds Eye 4 Breaded Haddock Fish Fillets,Birds Eye 4 Breaded Haddock Fish Fillets440g,£6.15,£13.98 per kg,
Birds Eye 4 Chicken Burgers,Birds Eye 4 Chicken Burgers200g,£2.79,£13.95 per kg,
Birds Eye 4 Family Favourites Steamfresh,Birds Eye 4 Family Favourites Steamfresh540g,£2.89,£5.35 per kg,
Birds Eye 4 Garden Mix Steamfresh,Birds Eye 4 Garden Mix Steamfresh540g,£2,£3.70 per kg,"Offer price £2, was £2.89"
Birds Eye 4 Hearty Farmhouse Mix Steamfresh,Birds Eye 4 Hearty Farm…4 x 540g,£2.89,£1.34 per kg,
Birds Eye 4 HomeBake Sausage Rolls,Birds Eye 4 HomeBake Sausage Rolls360g,£1.99,£5.53 per kg,
Birds Eye 4 Large Haddock Fillets Battered,Birds Eye 4 Large Haddock Fillets Battered440g,£4,£9.09 per kg,"Offer price £4, was £6.15"
Birds Eye 4 Original Beef Burgers with Onion,Birds Eye 4 Original Beef Burgers with Onion227g,£2.59,£11.41 per kg,
Birds Eye 4 Original Beef Quarter Pounder Burgers,Birds Eye 4 Original Beef Quarter Pounder Burgers456g,£3,£6.58 per kg,"Offer price £3, was £4.09"
Birds Eye 4 Shortcrust Chicken Pies,Birds Eye 4 Shortcrust Chicken Pies620g,£3.99,£6.44 per kg,
Birds Eye 4 Super Sunshine Steamfresh,Birds Eye 4 Super Sunshine Steamfresh540g,£2.89,£5.35 per kg,
Birds Eye 4 Tomato & Mozzarella Crispy Pancakes,Birds Eye 4 Tomato & Mozz…250g,£1.50,60p per 100g,
Birds Eye 6 Chunky Breaded Fish Fingers,Birds Eye 6 Chunky Breaded Fish Fingers360g,£3.49,£9.69 per kg,
Birds Eye 6 Crispy Battered Fish Fingers,Birds Eye 6 Crispy Battered Fish Fingers360g,£3.49,£9.69 per kg,
Birds Eye 6 Crispy Chicken Grills in Tempura Batter,Birds Eye 6 Crispy Chicken Grills in Tempura Batter510g,£5.63,£11.04 per kg,
Birds Eye 6 Green Cuisine Vegan Cumberland Style Sausages,Birds Eye 6 Green Cuisine Vegan C…300g,£2.99,£9.97 per kg,
Birds Eye 6 Original Chicken Chargrills ,Birds Eye 6 Original Chicken Chargrills 510g,£5.59,£10.96 per kg,
Birds Eye 6 Southern Fried Chicken Grills,Birds Eye 6 Southern Fried Chicken Grills540g,£5.63,£10.43 per kg,
Birds Eye 6 Sweet & Sticky Bbq Chicken Chargrills ,Birds Eye 6 Sweet & Sticky Bbq Chicken Chargrills 522g,£5.59,£10.71 per kg,
Birds Eye 8 Battered Fish Fingers,Birds Eye 8 Battered Fish Fingers224g,£1.50,£6.69 per kg,"Offer price £1.50, was £1.99"
Birds Eye Chicken Shop 2 Sizzler Fillet Burgers,Birds Eye Chicken Shop 2 Sizzler Fillet Burgers227g,£4.09,£18.02 per kg,
Birds Eye Chicken Shop 2 Ultimate Fillet Burgers,Birds Eye Chicken Shop 2 Ultimate Fillet Burgers227g,£4.09,£18.02 per kg,
Birds Eye Chicken Shop Buttermilk Chicken Strips,Birds Eye Chicken Shop Buttermilk Chicken Strips350g,£3.50,£10.00 per kg,"Offer price £3.50, was £5.29"
Birds Eye Chicken Shop Hot & Fiery Chicken Breast Chunks,Birds Eye Chicken Shop Hot & Fi…350g,£3.50,£10.00 per kg,"Offer price £3.50, was £5.29"
Birds Eye Chicken Shop Salt & Pepper Chicken Goujons,Birds Eye Chicken Shop Salt &…325g,£4.09,£1.26 per 100g,
Birds Eye Chicken Shop Texas Style BBQ Popcorn,Birds Eye Chicken Shop Texas Style BBQ Popcorn325g,£4.09,£12.58 per kg,
Birds Eye Cod Fish Cakes 4 Pack,Birds Eye Cod Fish Cakes 4 Pack198g,£1.59,£8.03 per kg,
Birds Eye Garden Peas,Birds Eye Garden Peas800g,£2.79,£3.49 per kg,
Birds Eye Garden Peas,Birds Eye Garden Peas375g,£1.40,£3.74 per kg,"Offer price £1.40, was £1.60"
Birds Eye Garden Peas,Birds Eye Garden Peas1.2kg,£3.75,£3.13 per kg,
Birds Eye Gluten Free 12 Fish Fingers ,Birds Eye Gluten Free 12 Fish Fingers 360g,£3.25,£9.03 per kg,"Offer price £3.25, was £3.75"
Birds Eye Green Cuisine Vegan Chicken Free Dippers,Birds Eye Green Cuisine Veg…220g,£2.99,£13.59 per kg,
Birds Eye Green Cuisine Vegan Chicken Free Southern Fried Strips,Birds Eye Green Cuisine Vegan Chicken…210g,£2.99,£14.24 per kg,
Birds Eye Original Arctic Roll Raspberry,Birds Eye Original Arctic Roll Raspberry250g,£1.69,67.6p per 100g,"Offer price £1.69, was £1.79"
Birds Eye Petits Pois,Birds Eye Petits Pois545g,£2.35,£4.31 per kg,
Birds Eye Petits Pois ,Birds Eye Petits Pois 960g,£3,£3.13 per kg,"Offer price £3, was £3.59"
Birds Eye Seeded Crust 2 Fish Fillets With Pumpkin Seeds ,Birds Eye Seeded Crust 2 Fish Fil…220g,£1.49,£6.77 per kg,
Birds Eye Supersweet Sweetcorn,Birds Eye Supersweet Sweetcorn640g,£2.85,£4.45 per kg,
Birds Eye Traditional Roast Beef Dinner ,Birds Eye Traditional Roast Beef Dinner 400g,£2.75,68.8p per 100g,
Birds Eye Veggie Power Seasoned Butternut Squash & Quinoa ,Birds Eye Veggie Power Seasoned B…400g,£2.29,57.3p per 100g,
Birds Eye Veggie Power Spiced Courgette & Bulgar Wheat ,Birds Eye Veggie Power Spiced C…400g,£2.29,57.3p per 100g,
Bisto Bangers & Mash,Bisto Bangers & Mash375g,£1.69,£4.51 per kg,
Bisto Classic Chilli Con Carne ,Bisto Classic Chilli Con Carne 375g,£1.69,£4.51 per kg,
Bisto Cottage Pie     ,Bisto Cottage Pie     375g,£1.69,£4.51 per kg,
Bisto Roast Beef Dinner,Bisto Roast Beef Dinner400g,£2.89,£7.23 per kg,Buy 2 for £5
Bisto Roast Chicken Dinner,Bisto Roast Chicken Dinner450g,£2.89,£6.42 per kg,Buy 2 for £5
Bisto Shepherd's Pie,Bisto Shepherd's Pie375g,£1.69,£4.51 per kg,
Bisto Yorkshire Puddings ,Bisto Yorkshire Puddings 190g,£1.95,£10.26 per kg,
Bounty Ice Cream,Bounty Ice Cream4 x 39.1g,£2.49,£1.59 per 100g,Buy 2 for £4
Brew City BBQ Mozzarella Melts,Brew City BBQ Mozzarella Melts220g,£2.99,£1.36 per 100g,
Brew City Halloumi Fries ,Brew City Halloumi Fries 150g,£2.99,£1.99 per 100g,
Brew City Mozzarella Gouda Cheese Bites,Brew City Mozzarella Gouda Cheese Bites200g,£2.99,£1.50 per 100g,
Cadbury Caramel Ice Cream Tub,Cadbury Caramel Ice Cream Tub480ml,£3.29,68.5p per 100ml,Buy 2 for £5
Cadbury Caramilk Ice Creams,Cadbury Caramilk Ice Creams4 x 90ml,£3.49,96.9p per 100ml,Buy 2 for £5
Cadbury Choc Top Ice Cream Cones,Cadbury Choc Top Ice Cream Cones4 x 100ml,£3.99,99.8p per 100ml,
Cadbury Crunchie Blast Ice Cream Stick,Cadbury Crunchie Blast Ice Cream Stick4 x 100ml,£2.50,62.5p per 100ml,"Offer price £2.50, was £3.49"
Cadbury Dairy Milk Buttons Ice Cream Cones,Cadbury Dairy Milk Buttons Ice Cream Cones4 x 100ml,£2.49,62.3p per 100ml,Buy 2 for £4
Cadbury Dairy Milk Caramel Ice Cream Cones,Cadbury Dairy Milk Caramel Ice Cream Cones4 x 100ml,£2.49,62.3p per 100ml,Buy 2 for £4
Cadbury Dairy Milk Chocolate Brownie,Cadbury Dairy Milk Chocolate Brownie400g,£3.79,94.8p per 100g,
Cadbury Dairy Milk Chocolate Ice Cream Tops,Cadbury Dairy Milk Chocolate Ice Cream Tops4 x 110ml,£3.99,90.7p per 100ml,
Cadbury Dairy Milk Ice Cream Stick,Cadbury Dairy Milk Ice Cream Stick4 x 100ml,£2.50,62.5p per 100ml,"Offer price £2.50, was £3.49"
Cadbury Flake 99 Ice Cream Cones,Cadbury Flake 99 Ice Cream Cones4 x 125ml,£3.50,70p per 100ml,"Offer price £3.50, was £3.99"
Cadbury Flake Ice Cream Tub,Cadbury Flake Ice Cream Tub480ml,£3.29,68.5p per 100ml,Buy 2 for £5
Calippo Cola Ice Lollies,Calippo Cola Ice Lollies5 x 80ml,£2.29,57.3p per 100ml,Buy 2 for £4
Calippo Mini Orange & Lime Ice Lollies,Calippo Mini Orange & Lime Ice Lollies5 x 80ml,£2.29,57.3p per 100ml,Buy 2 for £4
Carte D'or Indulgent Chocolate Ice Cream Tub ,Carte D'or Indulgent Chocolate Ice Cream Tub 900ml,£3.69,41p per 100ml,
Carte D'or Madagascan Vanilla Ice Cream Tub,Carte D'or Madagascan Vanilla Ice Cream Tub900ml,£3.69,41p per 100ml,
Carte D'or Madigascan Vanilla Light Ice Cream Tub,Carte D'or Madigascan Vanil…900ml,£3.69,41p per 100ml,
Carte D'or Salted Caramel Ice Cream Tub ,Carte D'or Salted Caramel Ice Cream Tub 900ml,£3.69,41p per 100ml,
Carte D'or Strawberry Ice Cream Tub,Carte D'or Strawberry Ice Cream Tub900ml,£3.69,41p per 100ml,
Carte D'Or Vanilla & Cinnamon Biscuit Ice Cream ,Carte D'Or Vanilla & Cinnam…900ml,£3.69,41p per 100ml,
Chicago Town Cheese Pizza Cheesy Stuffed Crust Takeaway,Chicago Town Cheese Pizza Chees…630g,£4.99,£7.92 per kg,
Chicago Town Cheese Pizza Tomato Stuffed Crust Takeaway,Chicago Town Cheese Pizza Tomat…630g,£4.99,£7.92 per kg,
Chicago Town Crispy Chicago Thin Loaded Cheese ,Chicago Town Crispy Chica…439g,£4,91.1p per 100g,
Chicago Town Crispy Chicago Thin Sausage N Pepperoni ,Chicago Town Crispy Chicago T…431g,£4,92.8p per 100g,
Chicago Town Deep Dish Cheese Pizzas,Chicago Town Deep Dish Cheese Pizzas2 per pack,£2.29,£1.15 each,
Chicago Town Deep Dish Chicken & Bacon Pizzas,Chicago Town Deep Dish Chicken & Bacon Pizzas2 per pack,£2.29,£1.15 each,
Chicago Town Deep Dish Mega Meaty Pizzas,Chicago Town Deep Dish Mega Meaty Pizzas2 per pack,£2.29,£1.15 each,
Chicago Town Deep Dish Peppered Cheese steak ,Chicago Town Deep Dish Peppered Cheese steak 320g,£1.75,54.7p per 100g,"Offer price £1.75, was £2.50"
Chicago Town Deep Dish Pepperoni Pizzas,Chicago Town Deep Dish Pepperoni Pizzas2 per pack,£2.29,£1.15 each,
Chicago Town Deep Dish Piccante N'Duja ,Chicago Town Deep Dish Piccante N'Duja 306g,£1.75,57.2p per 100g,"Offer price £1.75, was £2.50"
Chicago Town Deep Dish Vegan Cheeseburger Pizzas,Chicago Town Deep Dish Vega…2 x 166g,£2.99,£9.01 per kg,
Chicago Town Meat Supreme Pizza Subs ,Chicago Town Meat Supreme Pizza Subs 250g,£1.99,£7.96 per kg,
Chicago Town Stuffed Crust Takeaway Vegan BBQ Jackfruit ,Chicago Town Stuffed Crust Take…490g,£4,81.6p per 100g,
Chicago Town Takeaway Large Cheesy Stuffed Pepperoni Pizza,Chicago Town Takeaway Large Chees…640g,£4.99,£7.80 per kg,
Chicago Town Takeaway Large Stuffed Pepperoni Pizza (Tomato stuffed crust),Chicago Town Takeaway Large Stu…645g,£4.99,£7.74 per kg,
Chicago Town Takeaway Sauce Filled Crust Chicken & Bacon Pizza,Chicago Town Takeaway Sauce Filled…640g,£4.99,£7.80 per kg,
Chicago Town Takeaway Stuffed Crust Magnificent Meat Feast Large Pizza ,Chicago Town Takeaway Stuffed Crust Magni…690g,£4.99,£7.23 per kg,
Chicago Town Tiger Crust Cheese Medley,Chicago Town Tiger Crust Cheese Medley305g,£3.99,£13.08 per kg,
Chicago Town Tiger Crust Cheesy Ham & Bacon Pizza,Chicago Town Tiger Crust Ch…315g,£3.99,£12.67 per kg,
 Chicago Town Tiger Crust Double Pepperoni, Chicago Town Tiger Crust Double Pepperoni320g,£3.99,£12.47 per kg,
Chicago Town Tiger Crust Garlic Bread Cheesy ,Chicago Town Tiger Crust Garlic Bread Cheesy 258g,£3,£1.16 per 100g,
Chicago Town Tomato Stuffed Crust Takeaway Honey BBQ Salami ,Chicago Town Tomato Stuffed Crust T…635g,£4.99,78.6p per 100g,
Chicago Town Tomato Stuffed Crust Vegan Pizza,Chicago Town Tomato Stuffed Crust Vegan Pizza500g,£3.75,£7.50 per kg,
Chicago Town Triple Cheese & Tomato Pizza,Chicago Town Triple Cheese & Tomato Pizza250g,£1.99,79.6p per 100g,
Cooks Pie & Mash,Cooks Pie & Mash450g,£2.95,£6.56 per kg,
Cornetto Classico Ice cream Cone 6 Pack,Cornetto Classico Ice cream Cone 6 Pack540ml,£3.29,60.9p per 100ml,Buy 2 for £5
Cornetto Soft Cookie And Chocolate Ice Cream Sticks ,Cornetto Soft Cookie And Choc…560ml,£3,53.6p per 100ml,
Cornetto Soft Strawberry Ice Cream Cones,Cornetto Soft Strawberry Ice Cream Cones4 x 140ml,£3.50,62.5p per 100ml,
Cornetto Strawberry Ice cream cone,Cornetto Strawberry Ice cream cone540ml,£3.29,60.9p per 100ml,Buy 2 for £5
Crosta & Mollica Margherita Sour Dough Pizza,Crosta & Mollica Marghe…2 per pack,£4.75,£2.38 each,"Offer price £4.75, was £5.25"
Crosta & Mollica Stromboli Sour Dough Pizza,Crosta & Mollica Stromboli Sour Dough Pizza2 per pack,£4.75,£2.38 each,"Offer price £4.75, was £5.25"
Daim Chocolate Cake With Crunchy Caramel ,Daim Chocolate Cake With Crunchy Caramel 400g,£3.99,99.8p per 100g,
Del Monte 100% Orange Ice Lollies,Del Monte 100% Orange Ice Lollies3 x 75ml,£2.29,£1.02 per 100ml,Buy 2 for £4
Doughlicious Dough-Chi Chocolate Chip 6 Pieces,Doughlicious Dough-Chi Chocolate Chip 6 Pieces204g,£4.49,£2.20 per 100g,
Doughlicious Dough-Chi Chocolate Truffle,Doughlicious Dough-Chi Chocolate Truffle6 x 34g,£4.49,£2.20 per 100g,
Doughlicious Dough-Chi Dulce De Leche Pieces,Doughlicious Dough-Chi Dulce De Leche Pieces6 x 204g,£4.49,36.7p per 100g,
Doughlicious Dough-Chi Strawberry Eton Mess 6 Pieces,Doughlicious Dough-Chi Strawb…204g,£4.49,£2.20 per 100g,
Dr. Oetker Ristorante Gluten Free Mozzarella Pizza,Dr. Oetker Ristorante Glute…370g,£3.50,£9.46 per kg,"Offer price £3.50, was £3.80"
Dr. Oetker Ristorante Hawaii Pizza,Dr. Oetker Ristorante Hawaii Pizza355g,£2,£5.64 per kg,"Offer price £2, was £2.99"
Dr. Oetker Ristorante Margherita Pomodori Vegan Pizza,Dr. Oetker Ristorante Margher…340g,£3.25,£9.56 per kg,
Dr. Oetker Ristorante Mozzarella Pizza,Dr. Oetker Ristorante Mozzarella Pizza335g,£2,£5.97 per kg,"Offer price £2, was £2.99"
Dr. Oetker Ristorante Pepperoni-Salame Pizza,Dr. Oetker Ristorante Pepperoni-Salame Pizza320g,£2,£6.25 per kg,"Offer price £2, was £2.99"
Dr. Oetker Ristorante Pollo Pizza,Dr. Oetker Ristorante Pollo Pizza355g,£2,£5.64 per kg,"Offer price £2, was £2.99"
Dr. Oetker Ristorante Speciale Pizza,Dr. Oetker Ristorante Speciale Pizza330g,£2,£6.06 per kg,"Offer price £2, was £2.99"
Dr Oetker The Good Baker Meat Free Chicken Style ,Dr Oetker The Good Baker Meat Free Chicken Style 340g,£3.50,£1.03 per 100g,
Dr. Oetker The Good Baker Stonebaked Sourdough Vegetable Pizza,Dr. Oetker The Good Baker Stonebake…390g,£3.50,£8.97 per kg,
Easibake Gluten Free Garlic Bread Baguette With Garlic & Parsley,Easibake Gluten Free Garlic Bread Bag…170g,£2.29,£1.35 per 100g,
Equi's Lees' Snowball Ice Cream,Equi's Lees' Snowball Ice Cream500ml,£3.99,79.8p per 100ml,
Extreme Exotic Mango & Passionfruit Ice Cream Cones,Extreme Exotic Mango & Passio…4 x 118ml,£3.49,73.9p per 100ml,Buy 2 for £5
Extreme Salted Caramel & White Chocolate Ice Cream Cones,Extreme Salted Caramel & White…4 x 120ml,£3.49,72.7p per 100ml,Buy 2 for £5
Fab Strawberry Ice Lollies,Fab Strawberry Ice Lollies6 x 58ml,£2.29,65.8p per 100ml,Buy 2 for £4
Feast Chocolate Ice Cream ,Feast Chocolate Ice Cream 90ml,£1.20,£1.33 per 100ml,
Feast Original Ice Cream Sticks,Feast Original Ice Cream Sticks4 x 90ml,£2.99,83.1p per 100ml,Buy 2 for £5
Ferrero Raffaello Coconut Ice Cream Sticks Multipack,Ferrero Raffaello Coconut Ice Cream Sticks Multipack4 x 47g,£4.75,£2.53 per 100g,
Ferrero Rocher Classic Milk Chocolate & Hazelnut Ice Cream Sticks Multipack,Ferrero Rocher Classic Milk Chocolate & Hazel…4 x 50g,£4.75,£2.38 per 100g,
Ferrero Rocher Dark Chocolate & Hazelnut Ice Cream Sticks Multipack,Ferrero Rocher Dark Chocolate & Hazelnu…4 x 50g,£4.75,£2.38 per 100g,
Gastro 2 Lemon & Pepper Fish,Gastro 2 Lemon & Pepper Fish270g,£4.75,£17.59 per kg,
Genius Gluten Free Denby Dale Gluten Free Chicken Pie,Genius Gluten Free Denby Dale…320g,£3.79,£11.84 per kg,Buy 2 for £6.30
Genius Gluten Free Sausage Rolls ,Genius Gluten Free Sausage Rolls 2 x 100g,£2.69,£13.45 per kg,
Genius Roasted Vegetable Quiche 2 Pack,Genius Roasted Vegetable Quiche 2 Pack320g,£3.19,£9.97 per kg,
Gino's Battered Chicken Nuggets,Gino's Battered Chicken Nuggets500g,£2.25,£4.50 per kg,
Ginos Breaded Chicken Nuggets,Ginos Breaded Chicken Nuggets500g,£2.19,£4.38 per kg,
Gino's Southern Fried Chicken Popcorn,Gino's Southern Fried Chicken Popcorn500g,£2.25,£4.50 per kg,
Glenhaven Shredded Plain Chicken,Glenhaven Shredded Plain Chicken320g,£2.79,£8.72 per kg,"Offer price £2.79, was £3"
Glenhaven Shredded Salt & Chilli Chicken,Glenhaven Shredded Salt & Chilli Chicken320g,£2.79,£8.72 per kg,"Offer price £2.79, was £3"
Goodfella's 2 Triple Cheese Pizza Pockets,Goodfella's 2 Triple Cheese Pizza Pockets2 x 250g,£2.29,£4.58 per kg,
Goodfella's Deep Pan Baked Pepperoni Pizza,Goodfella's Deep Pan Baked Pepperoni Pizza411g,£2.50,60.8p per 100g,"Buy 3, Get 25% Off"
Goodfella's Deep Pan Cheese Pizza,Goodfella's Deep Pan Cheese Pizza421g,£2.50,£5.94 per kg,"Buy 3, Get 25% Off"
Goodfella's Gluten Free Margherita Pizza,Goodfella's Gluten Free Margherita Pizza328g,£4,£12.20 per kg,
Goodfella's Stonebaked Thin Cheese & Ham Pizza,Goodfella's Stonebaked Thin Cheese & Ham Pizza351g,£3.39,96.6p per 100g,
Goodfella's Stonebaked Thin Chicken Pizza,Goodfella's Stonebaked Thin Chicken Pizza365g,£3.39,£9.29 per kg,
Goodfella's Stonebaked Thin Italian Hot Pizza,Goodfella's Stonebaked Thin Italian Hot Pizza353g,£3,£8.50 per kg,
Goodfella's Stonebaked Thin Margherita Pizza,Goodfella's Stonebaked Thin Margherita Pizza345g,£3.39,£9.83 per kg,
Goodfella's Stonebaked Thin Pepperoni Pizza,Goodfella's Stonebaked Thin Pepperoni Pizza332g,£3.39,£1.02 per 100g,
Goodfella's Takeaway Meat Feast Pizza,Goodfella's Takeaway Meat Feast Pizza570g,£3.50,£6.14 per kg,"Offer price £3.50, was £4.99"
Goodfella's Takeaway Pepperoni Pizza,Goodfella's Takeaway Pepperoni Pizza524g,£3.50,66.8p per 100g,"Offer price £3.50, was £4.99"
GoodFella's Takeaway The Big Cheese Pizza,GoodFella's Takeaway The Big Cheese Pizza555g,£3.50,£6.31 per kg,"Offer price £3.50, was £4.99"
Griddle 6 Wholegrain Waffles Choc Chip,Griddle 6 Wholegrain Waffles Choc Chip200g,£2.79,£1.40 per 100g,
Haagen-Dazs Belgian Chocolate Ice Cream,Haagen-Dazs Belgian Chocolate Ice Cream460ml,£5.19,£1.13 per 100ml,
Haagen-Dazs Caramel Collection Ice Cream Mini Cups,Haagen-Dazs Caramel Collect…4 x 95ml,£3.50,92.1p per 100ml,"Offer price £3.50, was £4.79"
Haagen-Dazs Fruit Collection Ice Cream Mini Cups Ice Cream,Haagen-Dazs Fruit Collection Ice…4 x 95ml,£3.50,92.1p per 100ml,"Offer price £3.50, was £4.79"
Haagen-Dazs Gelato 150 Calories Caramel Swirl ,Haagen-Dazs Gelato 150 Calories Caramel Swirl 460ml,£3.50,75.8p per 100ml,"Offer price £3.50, was £4.99"
Haagen-Dazs Gelato 150 Calories Caramel Swirl Ice Cream,Haagen-Dazs Gelato 150 Calories…4 x 95ml,£5.39,£1.42 per 100ml,
Haagen-Dazs Gelato 150 Calories Chocolate Drizzle Ice Cream,Haagen-Dazs Gelato 150 Calories C…4 x 95ml,£5.39,£1.42 per 100ml,
Haagen-Dazs Gelato 170 Calories Creamy Fudge Brownie ,Haagen-Dazs Gelato 170 Calori…4 x 95ml,£3.50,91.9p per 100ml,"Offer price £3.50, was £4.99"
Haagen-Dazs Salted Caramel Ice Cream,Haagen-Dazs Salted Caramel Ice Cream460ml,£5.19,£1.13 per 100ml,
Haagen-Dazs Strawberry & Cream Ice Cream,Haagen-Dazs Strawberry & Cream Ice Cream460ml,£5.19,£1.13 per 100ml,
Haagen-Dazs Vanilla Collection Ice Cream Mini Cups,Haagen-Dazs Vanilla Collect…4 x 95ml,£3.50,92.1p per 100ml,"Offer price £3.50, was £4.79"
Haagen-Dazs Vanilla Ice Cream,Haagen-Dazs Vanilla Ice Cream460ml,£5.19,£1.13 per 100ml,
Haagen Dazs Macaron Double Choc Ganache,Haagen Dazs Macaron Double Choc Ganache420ml,£3.50,83.1p per 100ml,"Offer price £3.50, was £5.59"
Haagen Dazs Macaron Strawberry & Raspberry,Haagen Dazs Macaron Strawberry & Raspberry420ml,£3.50,83.1p per 100ml,"Offer price £3.50, was £5.59"
Haagen Dazs Mini Cups Macaron Collection,Haagen Dazs Mini Cups Macaron Collection4 x 95ml,£3.50,92.2p per 100ml,"Offer price £3.50, was £5.59"
Haagen Dazs Watermelon & Strawberry,Haagen Dazs Watermelon & Strawberry460g,£5.19,£1.13 per 100g,
Halo Top Gooey Brownie Ice Cream,Halo Top Gooey Brownie Ice Cream473ml,£5.25,£1.11 per 100ml,
Halo Top Sea Salt Caramel Ice Cream,Halo Top Sea Salt Caramel Ice Cream473ml,£5.25,£11.10 per litre,
Hank & Joes Chicken Fillets,Hank & Joes Chicken Fillets1kg,£5.50,£5.50 per kg,
Heinz Beanz Bowl Fragrant Coconut,Heinz Beanz Bowl Fragrant Coconut400g,£2.50,62.5p per 100g,Buy 2 for £4
Heinz Beanz Bowl Herby Tomato,Heinz Beanz Bowl Herby Tomato440g,£2.50,56.8p per 100g,Buy 2 for £4
Heinz Beanz Bowl Smoky Chilli,Heinz Beanz Bowl Smoky Chilli410g,£2.50,61p per 100g,Buy 2 for £4
Heinz Beanz Burgerz Italian Style,Heinz Beanz Burgerz Italian Style2 x 180g,£2.50,69.4p per 100g,Buy 2 for £4
Heinz Beanz Burgerz Original,Heinz Beanz Burgerz Original2 x 180g,£2.50,69.4p per 100g,Buy 2 for £4
Heinz Beanz Burgerz Texan Style,Heinz Beanz Burgerz Texan Style2 x 180g,£2.50,69.4p per 100g,Buy 2 for £4
Hershey's Cookies N Creme Stick,Hershey's Cookies N Creme Stick3 x 90ml,£3.79,£1.40 per 100ml,
Holland's 2 Chicken Balti Pies,Holland's 2 Chicken Balti Pies2 x 440g,£3.25,36.9p per 100g,
Holland's Cheddar Cheese & Onion Pie,Holland's Cheddar Cheese & Onion Pie650g,£3.75,£5.77 per kg,
Holland's Cheese & Onion Pies,Holland's Cheese & Onion Pies740g,£3,£4.06 per kg,"Offer price £3, was £4"
Holland's Meat Pies,Holland's Meat Pies4 per pack,£3,75p each,"Offer price £3, was £4"
Hollands Minced Beef & Onion Pie ,Hollands Minced Beef & Onion Pie 650g,£3.75,£5.77 per kg,
Holland's Potato & Meat Pies,Holland's Potato & Meat Pies4 x 184g,£3,£4.07 per kg,"Offer price £3, was £4"
Holland's Steak & Kidney Puddings,Holland's Steak & Kidney Puddings4 x 173g,£3,£4.34 per kg,"Offer price £3, was £4"
Hortex Carrot With Peas ,Hortex Carrot With Peas 400g,£1,£2.50 per kg,
Hortex Stir-Fry Vegetables With Herbs And Red Pepper ,Hortex Stir-Fry Vegetables Wi…400g,£1.50,£3.75 per kg,
Hortex Stir-Fry Vegetables With Italian Seasoning ,Hortex Stir-Fry Vegetables With Italian Seasoning 400g,£2,£5.00 per kg,
Hortex Stir-Fry Vegetables With Oriental Seasoning ,Hortex Stir-Fry Vegetables With Oriental Seasoning 400g,£2,£5.00 per kg,
Humza Chicken Samosa,Humza Chicken Samosa20 x 650g,£4.50,3.5p per 100g,Buy 2 for £8
Humza Chicken Spring Roll,Humza Chicken Spring Roll20 x 650g,£4.50,3.5p per 100g,Buy 2 for £8
Humza Meat Samosa,Humza Meat Samosa20 x 650g,£4.50,3.5p per 100g,Buy 2 for £8
Humza Meat Spring Roll,Humza Meat Spring Roll20 x 650g,£4.50,3.5p per 100g,Buy 2 for £8
Humza Veg Samosa,Humza Veg Samosa20 x 650g,£4.50,3.5p per 100g,Buy 2 for £8
Humza Veg Spring Roll,Humza Veg Spring Roll20 x 650g,£4.50,3.5p per 100g,Buy 2 for £8
 Hungry Joe's BBQ Chicken Melt, Hungry Joe's BBQ Chicken Melt550g,£2.59,£4.71 per kg,
Hungry Joe's Mighty Meatball Pasta Feast ,Hungry Joe's Mighty Meatball Pasta Feast 550g,£2.59,47.1p per 100g,
Hungry Joe's Triple Cheese & Pepperoni Lasagne,Hungry Joe's Triple Cheese & Pepperoni Lasagne550g,£2.59,47.1p per 100g,
Ice Club Classic Ice Cubes,Ice Club Classic Ice Cubes1.8kg,£1.15,63.9p per kg,"Offer price £1.15, was £1.25"
Ice Club Crushed Ice,Ice Club Crushed Ice1.8kg,£1.15,63.9p per kg,"Offer price £1.15, was £1.25"
Itsu 6 Teriyaki Chicken Bao Buns,Itsu 6 Teriyaki Chicken Bao Buns270g,£3.95,£1.46 per 100g,
Itsu Chicken Gyoza Japanese Dumplings,Itsu Chicken Gyoza Japanese Dumplings240g,£4.25,£17.71 per kg,
Itsu Hoisin Duck 6 Bao Buns ,Itsu Hoisin Duck 6 Bao Buns 270g,£4.25,£15.74 per kg,
Itsu Korean BBQ Beef Gyoza,Itsu Korean BBQ Beef Gyoza240g,£4.25,£1.77 per 100g,
Itsu Prawn Gyoza Japanese Dumplings,Itsu Prawn Gyoza Japanese Dumplings240g,£4.25,£17.71 per kg,
Itsu Sizzling Pork Gyoza Japanese Dumplings,Itsu Sizzling Pork Gyoza Japanese Dumplings240g,£4.25,£1.77 per 100g,
Itsu Vegetable Fusion Gyoza,Itsu Vegetable Fusion Gyoza270g,£4.25,£1.57 per 100g,
Jude's Low Calorie Vanilla & Salted Caramel Mini Tubs ,Jude's Low Calorie Vanilla & Sa…4 x 95ml,£4.80,£1.26 per 100ml,
Jude's Mini's Assorted Belgian Chocolate Minis ,Jude's Mini's Assorted Belgian Chocolate Minis 6 x 50ml,£4,£1.33 per 100ml,
Jude's Salted Caramel Ice Cream,Jude's Salted Caramel Ice Cream460ml,£2.75,59.8p per 100ml,"Offer price £2.75, was £4.30"
Jude's Vanilla Clotted Cream ,Jude's Vanilla Clotted Cream 460ml,£2.75,59.8p per 100ml,"Offer price £2.75, was £4.30"
Jus-Rol Puff Pastry Block,Jus-Rol Puff Pastry Block500g,£1.59,£3.18 per kg,
Jus Rol Frozen Filo Pastry Ready Rollled Sheets x7,Jus Rol Frozen Filo Pastry Ready Rollled Sheets x7270g,£2,74.1p per 100g,
Jus Rol Puff Pastry Ready Rolled Sheet,Jus Rol Puff Pastry Ready Rolled Sheet320g,£1.25,£3.91 per kg,"Offer price £1.25, was £1.75"
Jus Rol Shortcrust Pastry Block,Jus Rol Shortcrust Pastry Block500g,£1.59,£3.18 per kg,
Jus Rol Shortcrust Pastry Ready Rolled Sheet,Jus Rol Shortcrust Pastry Ready Rolled Sheet320g,£1.25,£3.91 per kg,"Offer price £1.25, was £1.75"
Jus Rol Vol Au Vent 18 Medium,Jus Rol Vol Au Vent 18 Medium313g,£2.49,£7.96 per kg,
Kelly's Cornish Clotted Cream & British Raspberry Ripple Ice Cream ,Kelly's Cornish Clotted Cream & British…950ml,£3.50,36.8p per 100ml,"Offer price £3.50, was £3.99"
Kelly's Cornish Clotted Ice Cream,Kelly's Cornish Clotted Ice Cream950ml,£3.50,36.8p per 100ml,"Offer price £3.50, was £3.99"
Kelly's Cornish Honeycomb Crunch Ice Cream,Kelly's Cornish Honeyco…950ml,£3.50,36.8p per 100ml,"Offer price £3.50, was £3.99"
Kelly's Vanilla Cornish Dairy Ice Cream,Kelly's Vanilla Cornish Dairy Ice Cream2L,£4.99,25p per 100ml,
Kershaws Classic Fish & Chips,Kershaws Classic Fish & Chips400g,£2.49,£6.23 per kg,Buy 3 for £6
Kershaws Classic Steaklet & Chips,Kershaws Classic Steaklet & Chips360g,£2.49,£6.92 per kg,Buy 3 for £6
Kershaws Classic Steak Pie & Chips,Kershaws Classic Steak Pie & Chips400g,£2.49,£6.23 per kg,Buy 3 for £6
Kershaws Homestyle Beef Dinner,Kershaws Homestyle Beef Dinner400g,£2.49,£6.23 per kg,Buy 3 for £6
Kershaws Homestyle Chicken Dinner,Kershaws Homestyle Chicken Dinner400g,£2.49,£6.23 per kg,Buy 3 for £6
Kershaws Homestyle Lamb Dinner,Kershaws Homestyle Lamb Dinner400g,£2.49,£6.23 per kg,Buy 3 for £6
Kershaws Homestyle Liver & Onions,Kershaws Homestyle Liver & Onions400g,£2.49,£6.23 per kg,Buy 3 for £6
Kershaws Sausage & Chips,Kershaws Sausage & Chips400g,£2.49,£6.23 per kg,Buy 3 for £6
 Kershaw's The All Day Big Breakfast, Kershaw's The All Day Big Breakfast400g,£2.49,£6.23 per kg,Buy 3 for £6
Kiltie Scampi Bites,Kiltie Scampi Bites400g,£2.50,£6.25 per kg,"Offer price £2.50, was £2.95"
Lagoon King Prawn Tails,Lagoon King Prawn Tails170g,£1.60,94.1p per 100g,
Lakeland Whole Duck (Minimum 1.9Kg) Serves 4-6,Lakeland Whole Duck (Mini…1.9kg,£5,£2.63 per kg,
Linda McCartney Mince,Linda McCartney Mince500g,£3.29,£6.58 per kg,
Linda McCartney's 2 Meat-Free Country Pies,Linda McCartney's 2 Meat-Free Country Pies280g,£2.50,£8.93 per kg,
Linda McCartney's 2 Vegetarian Chicken & Mushroom Pies,Linda McCartney's 2 Vegetarian…380g,£2.50,65.8p per 100g,
Linda McCartney's 2 Vegetarian Chicken Pesto Burgers,Linda McCartney's 2 Vegetaria…227g,£2.50,£1.10 per 100g,
Linda McCartney's 6 Vegetarian Chorizo & Red Pepper Sausages ,Linda McCartney's 6 Vegetarian Chor…270g,£1.50,£5.56 per kg,"Offer price £1.50, was £2.50"
Linda McCartney's 6 Vegetarian Lincolnshire Sausages ,Linda McCartney's 6 Vegetaria…300g,£1.50,50p per 100g,"Offer price £1.50, was £2.50"
Linda McCartney's 6 Vegetarian Sausages ,Linda McCartney's 6 Vegetarian Sausages 270g,£1.50,£5.56 per kg,"Offer price £1.50, was £2.50"
Linda McCartney's Cheese Leek & Red Onion Plaits,Linda McCartney's Cheese Leek & Red Onion Plaits2 x 170g,£2.25,£6.62 per kg,
Linda McCartney's Family Value Vegetarian Burgers,Linda McCartney's Family Value Vegetarian Burgers400g,£3,£7.50 per kg,
Linda McCartney's Family Value Vegetarian Meatballs,Linda McCartney's Family Valu…399g,£3,£7.52 per kg,
Linda McCartney's Family Value Vegetarian Nuggets ,Linda McCartney's Family Value Vegetarian Nuggets 460g,£3,£6.52 per kg,
Linda McCartney's Family Value Vegetarian Sausages ,Linda McCartney's Family Valu…450g,£3,£6.67 per kg,
Linda McCartney's Mozzarella Quarter Pounder Burger,Linda McCartney's Mozzarella…2 x 113g,£2.50,£11.06 per kg,
Linda McCartney's Sausage Rolls    ,Linda McCartney's Sausage Rolls    342g,£2.50,£7.31 per kg,
Linda McCartney's Vegetable Chicken Pieces ,Linda McCartney's Vegetable Chicken Pieces 300g,£2.49,£8.30 per kg,
Linda McCartney's Vegetarian Fish Fingers,Linda McCartney's Vegetarian Fish Fingers320g,£3,£9.38 per kg,
Linda McCartney's Vegetarian Quarter Pounder,Linda McCartney's Veget…227g,£2.50,£11.01 per kg,
Linda McCartney's Vegetarian Tomato & Basil Meatballs,Linda McCartney's Vegetarian…292g,£2.50,£8.56 per kg,
Little Moons Coconut Mochi Ice Cream,Little Moons Coconut Mochi Ice Cream6 x 32g,£4.99,£2.60 per 100g,
Little Moons Himalayan Salted Caramel Ice Cream Mochi,Little Moons Himalayan Salted…6 x 32g,£4.99,£2.60 per 100g,
Little Moons Honey Roasted Pistachio Mochi Ice Cream,Little Moons Honey Roasted Pi…6 x 32g,£4.99,£2.60 per 100g,
Little Moons Mochi Ice Cream Golden Blond Chocolate ,Little Moons Mochi Ice Cream…192g,£4.99,£2.60 per 100g,
Little Moons Mochi Ice Cream Iced Latte,Little Moons Mochi Ice Cream Iced Latte6 x 32g,£4.99,£2.60 per 100g,
Little Moons Mochi Ice Cream Italian Hazelnut,Little Moons Mochi Ice Cream Italian Hazelnut192g,£4.99,£2.60 per 100g,
Little Moons Mochi Sorbet Pineapple And Mandarin Refresho's,Little Moons Mochi Sorbet Pineapp…6 x 32g,£3.50,£1.82 per 100g,"Offer price £3.50, was £4.99"
Little Moons Mochi Sorbet Very Berry Refresho's,Little Moons Mochi Sorbet Very Berry Refresho's6 x 32g,£3.50,£1.82 per 100g,"Offer price £3.50, was £4.99"
Little Moons Passionfruit & Mango Mochi Ice Cream,Little Moons Passionfruit & Mango Mochi Ice Cream6 x 32g,£4.99,£2.60 per 100g,
Little Moons Raspberry Ice Cream Mochi,Little Moons Raspberry Ice Cream Mochi6 x 32g,£4.99,£2.60 per 100g,
Lotus Biscoff Ice Cream Sticks x 3,Lotus Biscoff Ice Cream Sticks x 33 x 90ml,£3.99,£1.48 per 100ml,
Lotus Biscoff Ice Cream Tub ,Lotus Biscoff Ice Cream Tub 460ml,£3,65.2p per 100ml,"Offer price £3, was £3.99"
Lotus Biscoff Mini Ice Cream Sticks ,Lotus Biscoff Mini Ice Cream Sticks 6 x 60ml,£4,£1.11 per 100ml,
Lotus Biscoff White Chocolate Ice Cream Sticks ,Lotus Biscoff White Choco…3 x 90ml,£4,£1.48 per 100ml,
Mackie's Mini Collection Ice Cream Pack,Mackie's Mini Collection Ice Cream Pack4 x 120ml,£4,83.3p per 100ml,
Mackie's Strawberry Swirl Real Dairy Ice Cream,Mackie's Strawberry Swirl Real Dairy Ice Cream1L,£2.20,22p per 100ml,"Offer price £2.20, was £2.99"
Mackies Traditional Real Dairy Ice Cream,Mackies Traditional Real Dairy Ice Cream1L,£2.20,22p per 100ml,"Offer price £2.20, was £3.29"
Magnum Almond Ice Cream Sticks,Magnum Almond Ice Cream Sticks3 x 100ml,£3.29,£1.10 per 100ml,
Magnum Caramel Billion Ice Cream Sticks ,Magnum Caramel Billion Ice Cream Sticks 3 x 85ml,£3.99,£1.56 per 100ml,
Magnum Classic Chocolate Ice Cream Sticks,Magnum Classic Chocol…3 x 100ml,£3.29,£1.10 per 100ml,
Magnum Classic Chocolate Ice Cream Sticks,Magnum Classic Chocol…6 x 100ml,£4.50,75p per 100ml,"Offer price £4.50, was £5.99"
Magnum Double Caramel Ice Cream Sticks,Magnum Double Caramel Ice Cream Sticks3 x 100ml,£3.99,£1.33 per 100ml,
Magnum Double Raspberry Ice Cream Sticks,Magnum Double Raspber…3 x 100ml,£3.99,£1.33 per 100ml,
"Magnum Double Starchaser Chocolate, Caramel, Popcorn Flavour Ice Cream",Magnum Double Starchaser Choc…3 x 85ml,£3.99,£1.56 per 100ml,
"Magnum Double Sunlover White Chocolate, Mango, Coconut Ice Cream Sticks","Magnum Double Sunlover White Chocolate, M…3 x 85ml",£3.99,£1.56 per 100ml,
"Magnum Mini Classic, Almond & White Ice Cream ","Magnum Mini Classic, Almo…6 x 55ml",£4.25,£1.29 per 100ml,
Magnum Mini Classic Chocolate Ice Cream Sticks,Magnum Mini Classic Choco…6 x 55ml,£4.25,£1.29 per 100ml,
Magnum Mini Classic Mint,Magnum Mini Classic Mint330ml,£4.25,£1.29 per 100ml,
Magnum Mini Double Caramel Almond & Caramel Billionaire Ice Cream Sticks,Magnum Mini Double Caramel Almo…6 x 55ml,£4.99,£1.51 per 100ml,
Magnum Mint Ice Cream Sticks,Magnum Mint Ice Cream Sticks3 x 100ml,£3.29,£1.10 per 100ml,
Magnum Salted Caramel Ice Cream Sticks,Magnum Salted Caramel Ice Cream Sticks3 x 100ml,£3.29,£1.10 per 100ml,
Magnum Vegan Classic Chocolate Ice Cream Sticks ,Magnum Vegan Classic Chocol…3 x 90ml,£3,£1.11 per 100ml,"Offer price £3, was £3.99"
Magnum White Chocolate Ice Cream Sticks,Magnum White Chocolate Ice Cream Sticks3 x 100ml,£3.29,£1.10 per 100ml,
Magnum White Chocolate Ice Cream Sticks,Magnum White Chocolate Ice Cream Sticks6 x 100ml,£4.50,75p per 100ml,"Offer price £4.50, was £5.99"
Magnum White Ice Cream,Magnum White Ice Cream110ml,£1.60,£1.45 per 100ml,
Mars 4 pack Ice Cream Bars,Mars 4 pack Ice Cream Bars204ml,£2.49,£1.22 per 100ml,Buy 2 for £4
Mccain Baked Frozen Jacket Potatoes 8 Pack,Mccain Baked Frozen Jacket Potatoes 8 Pack1.6kg,£5.29,£3.31 per kg,
McCain Crispy French Fries ,McCain Crispy French Fries 1.4kg,£3,£2.14 per kg,"Offer price £3, was £3.99"
McCain Crispy French Fries ,McCain Crispy French Fries 900g,£3.19,£3.54 per kg,
Mccain Crispy Sweet Potato Fries,Mccain Crispy Sweet Potato Fries500g,£3.29,£6.58 per kg,Buy 2 for £5
McCain Flavour Maker Fries Salt & Pepper,McCain Flavour Maker Fries Salt & Pepper762g,£3.49,45.8p per 100g,
McCain Frozen Hash Browns,McCain Frozen Hash Browns625g,£2.69,£4.30 per kg,
McCain Frozen Potato Croquettes,McCain Frozen Potato Croquettes550g,£2.49,£4.53 per kg,
McCain Frozen Triple Cooked Gastro Chips,McCain Frozen Triple Cooked Gastro Chips700g,£3.49,£4.99 per kg,Buy 2 for £5
McCain Gastro Chips,McCain Gastro Chips1.2kg,£4.59,£3.83 per kg,
McCain Gluten Free Crispy Skin On Fries,McCain Gluten Free Crispy Skin On Fries800g,£3.49,£4.36 per kg,Buy 2 for £5
McCain Home Chips ,McCain Home Chips 2.1kg,£4.79,£2.28 per kg,
McCain Home Chips Chunky,McCain Home Chips Chunky1kg,£2,20p per 100g,"Offer price £2, was £2.99"
McCain Home Chips Crinkle,McCain Home Chips Crinkle1kg,£3.19,£3.19 per kg,
McCain Home Chips Crinkle,McCain Home Chips Crinkle1.6kg,£4.29,£2.68 per kg,
McCain Home Chips Lighter Straight Cut,McCain Home Chips Lighter Straight Cut1.6kg,£4.29,£2.68 per kg,
McCain Home Chips Straight,McCain Home Chips Straight1.6kg,£3,£1.87 per kg,"Offer price £3, was £3.99"
McCain Home Chips Straight,McCain Home Chips Straight1kg,£3.19,£3.19 per kg,
Mccain Home Chips Straight Cut Gluten Free ,Mccain Home Chips Straight Cut Gluten Free 1.6kg,£4.29,£2.68 per kg,
McCain Lighter Home Chips,McCain Lighter Home Chips1kg,£3.19,£3.19 per kg,
McCain Lightly Spiced Wedges ,McCain Lightly Spiced Wedges 650g,£1.50,£2.31 per kg,"Offer price £1.50, was £2.39"
McCain Microwave Quick Chips Straight Cut,McCain Microwave Quick Chips Straight Cut4 x 100g,£2.79,£6.98 per kg,Buy 2 for £4
McCain Naked Oven Chips Crinkle,McCain Naked Oven Chips Crinkle1.7kg,£2.50,£1.47 per kg,"Offer price £2.50, was £3.49"
McCain Naked Oven Chips Straight,McCain Naked Oven Chips Straight1.7kg,£3.69,£2.17 per kg,
McCain Potato Smiles,McCain Potato Smiles454g,£1.50,£3.31 per kg,"Offer price £1.50, was £2.25"
McCain Quick Chips,McCain Quick Chips4 x 100g,£2.79,£6.98 per kg,Buy 2 for £4
McCain Quick Cook French Fries,McCain Quick Cook French Fries750g,£3.19,£4.25 per kg,
McCain Slow Baked Jacket Potatoes,McCain Slow Baked Jacket Potatoes4 x 200g,£2.69,£3.36 per kg,
Mccain Street Fries Cheese & Bacon,Mccain Street Fries Cheese & Bacon300g,£3.19,£10.63 per kg,
McCain Street Fries Pulled Pork,McCain Street Fries Pulled Pork300g,£2.99,£9.97 per kg,
McCain Triple Cooked Roast Potatoes,McCain Triple Cooked Roast Potatoes700g,£2.99,£4.27 per kg,
Meatless Farm Plant Based 4 Burgers,Meatless Farm Plant Based 4 Burgers400g,£3.50,£8.75 per kg,
Meatless Farm Plant Based 4 Chicken Burgers,Meatless Farm Plant Based 4 Chicken Burgers360g,£3.50,£9.72 per kg,
Meatless Farm Plant Based 8 Sausages ,Meatless Farm Plant Based 8 Sausages 320g,£3,£9.38 per kg,
Meatless Farm Plant Based Meatballs,Meatless Farm Plant Based Meatballs270g,£3,£11.11 per kg,
Meatless Farm Plant Based Mince,Meatless Farm Plant Based Mince400g,£3,£7.50 per kg,
Microwave Fries-To-Go,Microwave Fries-To-Go3 x 90g,£2.69,£9.96 per kg,
Morrisons 10 Cod Fish Fingers,Morrisons 10 Cod Fish Fingers300g,£2.19,£7.30 per kg,
Morrisons 10 Garlic Bread Slices,Morrisons 10 Garlic Bread Slices10 x 26g,£1.49,£5.73 per kg,
Morrisons 10 Haddock Fish Fingers,Morrisons 10 Haddock Fish Fingers300g,£2.19,£7.30 per kg,
Morrisons 10 Mac 'N' Cheese Bites ,Morrisons 10 Mac 'N' Cheese Bites 192g,£1.49,£7.76 per kg,
Morrisons 10 Omega 3 Fish Fingers,Morrisons 10 Omega 3 Fish Fingers300g,£1.49,£4.97 per kg,
Morrisons 10 Prawn Toast,Morrisons 10 Prawn Toast120g,£2.99,£2.49 per 100g,
Morrisons 10 Steamed Vegetable Gyoza,Morrisons 10 Steamed Vegetable Gyoza210g,£2.99,£14.24 per kg,
Morrisons 12 Cheese & Tomato Mini Deep Dish Pizzas ,Morrisons 12 Cheese & Tomato…336g,£2.99,£8.90 per kg,
Morrisons 12 Chilli Cheese Bites,Morrisons 12 Chilli Cheese Bites180g,£1.49,£8.28 per kg,
Morrisons 12 Duck Spring Rolls,Morrisons 12 Duck Spring Rolls216g,£2.99,£13.84 per kg,
Morrisons 12 Mozzarella Sticks ,Morrisons 12 Mozzarella Sticks 180g,£1.49,£8.28 per kg,
Morrisons 12 Tempura Prawns,Morrisons 12 Tempura Prawns156g,£2.99,£19.17 per kg,
Morrisons 12 Vegetable Spring Rolls ,Morrisons 12 Vegetable Spring Rolls 240g,£1.49,£6.21 per kg,
Morrisons 12 Yorkshire Puddings,Morrisons 12 Yorkshire Puddings230g,£1.39,£6.04 per kg,
Morrisons 16 Gluten Free Profiteroles With Chocolate Sauce,Morrisons 16 Gluten Free Profiter…292g,£2.99,£1.02 per 100g,
Morrisons 20 Thick Pork Sausages,Morrisons 20 Thick Pork Sausages1kg,£3.25,£3.25 per kg,
Morrisons 25 Battered Chicken Dippers,Morrisons 25 Battered Chicken Dippers450g,£2.25,£5.00 per kg,
Morrisons 2 Chicken Bakes,Morrisons 2 Chicken Bakes280g,£1.49,£5.32 per kg,Buy 3 for £4
Morrisons 2 Cod & Chive Fish Cakes,Morrisons 2 Cod & Chive Fish Cakes230g,£2.29,£9.96 per kg,
Morrisons 2 Garlic Baguettes,Morrisons 2 Garlic Baguettes2 x 169g,£1.49,£4.41 per kg,
 Morrisons 2 Pizza Baguettes Cheese, Morrisons 2 Pizza Baguettes Cheese265g,£1.19,£4.49 per kg,
Morrisons 2 Salmon & Broccoli Fish Cakes,Morrisons 2 Salmon & Broccoli Fish Cakes2 x 230g,£2.29,£4.98 per kg,
Morrisons 2 Sausage & Bean Slices,Morrisons 2 Sausage & Bean Slices280g,£1.49,£5.32 per kg,Buy 3 for £4
"Morrisons 2 Spinach, Leek & West Country Cheddar Parcels","Morrisons 2 Spinach, Leek & Wes…400g",£2.49,£6.23 per kg,
Morrisons 2 Steak Bakes,Morrisons 2 Steak Bakes280g,£1.49,£5.32 per kg,Buy 3 for £4
Morrisons 4 Battered Chunky Cod Fillet,Morrisons 4 Battered Chunky Cod Fillet500g,£5.25,£10.50 per kg,
Morrisons 4 Beef Grill Steaks,Morrisons 4 Beef Grill Steaks340g,£2.25,£6.62 per kg,
Morrisons 4 Breaded Chicken Steaks,Morrisons 4 Breaded Chicken Steaks4 x 95g,£1.99,£5.24 per kg,
Morrisons 4 Breaded Plaice Fillets,Morrisons 4 Breaded Plaice Fillets500g,£5.25,£10.50 per kg,
Morrisons 4 Burgers with Onions,Morrisons 4 Burgers with Onions227g,£1.75,£7.71 per kg,
Morrisons 4 Cauliflower Cheese Grills,Morrisons 4 Cauliflower Cheese Grills396g,£1.99,£5.03 per kg,Buy 3 for £5
Morrisons 4 Chicken & Vegetable Pies,Morrisons 4 Chicken & Vegetable Pies600g,£2.75,£4.58 per kg,
Morrisons 4 Chunky Breaded Cod Fillets,Morrisons 4 Chunky Breaded Cod Fillets500g,£5.25,£10.50 per kg,
Morrisons 4 Chunky Breaded Haddock Fillets,Morrisons 4 Chunky Breaded Haddock Fillets500g,£5.25,£10.50 per kg,
Morrisons 4 Cod Fillets,Morrisons 4 Cod Fillets360g,£4.75,£13.19 per kg,
Morrisons 4 Garlic & Herb Chicken Kievs,Morrisons 4 Garlic & Herb Chicken Kievs500g,£3.50,£7.00 per kg,
Morrisons 4 Haddock Fillets,Morrisons 4 Haddock Fillets360g,£4.75,£13.19 per kg,
Morrisons 4 Lamb Grills Steaks,Morrisons 4 Lamb Grills Steaks340g,£2.50,£7.35 per kg,
 Morrisons 4 Mint Chocolate Ice Cream Cones, Morrisons 4 Mint Choco…4 x 110ml,£1.35,30.7p per 100ml,
 Morrisons 4 Nutty Chocolate Ice Cream Cones, Morrisons 4 Nutty Choc…4 x 110ml,£1.35,30.7p per 100ml,
Morrisons 4 Southern Fried Chicken Steaks,Morrisons 4 Southern Fried Chicken Steaks4 x 95g,£1.99,£5.24 per kg,
Morrisons 4 Steak Pies,Morrisons 4 Steak Pies600g,£2.75,£4.58 per kg,
Morrisons 4 White Rice,Morrisons 4 White Rice800g,£2.29,£2.86 per kg,
 Morrisons 4 Wild Pink Salmon Fillets, Morrisons 4 Wild Pink Salmon Fillets360g,£5.69,£15.81 per kg,"Offer price £5.69, was £5.99"
Morrisons 50 Breaded Chicken Nuggets,Morrisons 50 Breaded Chicken Nuggets1kg,£4.25,£4.25 per kg,
Morrisons 6 Bean Mix,Morrisons 6 Bean Mix450g,£1.55,£3.44 per kg,
Morrisons 6 Cheesy Garlic Bread Slices,Morrisons 6 Cheesy Garlic Bread Slices192g,£1.49,77.6p per 100g,
Morrisons 6 Dark Chocolate Ices,Morrisons 6 Dark Chocolate Ices420ml,£1.49,35.5p per 100ml,
Morrisons 6 Eclairs Frozen Dessert,Morrisons 6 Eclairs Frozen Dessert160g,£1.89,£1.18 per 100g,
Morrisons 6 Large Yorkshire Puddings,Morrisons 6 Large Yorkshire Puddings180g,£1.59,£8.83 per kg,
Morrisons 6 Milk Choc Ices Ice Cream,Morrisons 6 Milk Choc Ices Ice Cream420ml,£1.49,35.5p per 100ml,
Morrisons 8 Chicken Burgers,Morrisons 8 Chicken Burgers8 x 57g,£2,£4.39 per kg,
Morrisons 8 Cod Fish Cakes,Morrisons 8 Cod Fish Cakes400g,£2.49,£6.23 per kg,
Morrisons Alphabet Bites,Morrisons Alphabet Bites500g,£1.45,£2.90 per kg,"Offer price £1.45, was £1.65"
Morrisons Apple Cider Lolly,Morrisons Apple Cider Lolly6 x 73ml,£1.35,30.8p per 100ml,
Morrisons Apple Crumble  ,Morrisons Apple Crumble  500g,£1.65,33p per 100g,
Morrisons Apple Strudel,Morrisons Apple Strudel600g,£1.99,33.2p per 100g,
Morrisons Asparagus Spears,Morrisons Asparagus Spears200g,£1.35,67.5p per 100g,"Offer price £1.35, was £1.85"
Morrisons Assorted Milk Lollies ,Morrisons Assorted Milk Lollies 8 x 35ml,£1.35,48.2p per 100ml,
Morrisons Baby Carrots,Morrisons Baby Carrots1kg,£1.19,£1.19 per kg,
Morrisons Bake at Home All Butter Croissants ,Morrisons Bake at Home All Butter Croissants 360g,£2.89,80.3p per 100g,"Offer price £2.89, was £2.99"
Morrisons Bake At Home Cinnamon Rolls 4pk,Morrisons Bake At Home Cinnamon Rolls 4pk376g,£2.89,76.8p per 100g,"Offer price £2.89, was £2.99"
Morrisons Bake At Home Maple & Pecan Plaits ,Morrisons Bake At Home Maple & Pecan Plaits 380g,£2.99,78.7p per 100g,
Morrisons Bake at Home Pain au Chocolat ,Morrisons Bake at Home Pain au Chocolat 320g,£2.89,90.3p per 100g,"Offer price £2.89, was £2.99"
Morrisons Bake at Home Pain au Raisin ,Morrisons Bake at Home Pain au Raisin 440g,£2.89,65.7p per 100g,"Offer price £2.89, was £2.99"
Morrisons Banoffee Pie   ,Morrisons Banoffee Pie   500g,£2.55,51p per 100g,
Morrisons Basa Fillets,Morrisons Basa Fillets550g,£4.75,£8.64 per kg,
Morrisons Battered Onion Rings,Morrisons Battered Onion Rings500g,£1.59,£3.18 per kg,
Morrisons Bbq Chicken Stonebake Pizza,Morrisons Bbq Chicken Stonebake Pizza395g,£2.29,£5.80 per kg,
Morrisons Beef Hotpot   ,Morrisons Beef Hotpot   400g,£1.69,£4.23 per kg,
Morrisons Beef Lasagne ,Morrisons Beef Lasagne 400g,£1.69,£4.23 per kg,
Morrisons Beef Quarter Pound Burger,Morrisons Beef Quarter Pound Burger454g,£2.99,£6.59 per kg,Burger and Chips Bundle for £4.50
Morrisons Beef Quarter Pounders With Onion 5% Fat ,Morrisons Beef Quarter Poun…454g,£2.99,£6.59 per kg,
Morrisons Beef Slices In Gravy,Morrisons Beef Slices In Gravy210g,£1.69,£8.05 per kg,
Morrisons Beef Stew & Dumplings,Morrisons Beef Stew & Dumplings400g,£2.25,£5.63 per kg,
Morrisons Beer Battered Onion Rings,Morrisons Beer Battered Onion Rings375g,£2.39,£6.37 per kg,
Morrisons Berry Smoothie Mix ,Morrisons Berry Smoothie Mix 500g,£2.75,55p per 100g,Buy 2 for £5
Morrisons Blackforest Fruits ,Morrisons Blackforest Fruits 500g,£2.75,55p per 100g,Buy 2 for £5
Morrisons Black Forest Gateau,Morrisons Black Forest Gateau630g,£2.99,47.5p per 100g,
Morrisons Blueberries ,Morrisons Blueberries 350g,£2.75,78.6p per 100g,Buy 2 for £5
Morrisons Breaded Garlic Mushrooms,Morrisons Breaded Garlic Mushrooms400g,£1.99,£4.98 per kg,"Offer price £1.99, was £2.29"
Morrisons Breaded Onion Rings,Morrisons Breaded Onion Rings500g,£1.59,£3.18 per kg,
Morrisons British Garden Peas,Morrisons British Garden Peas1.5kg,£1.69,£1.13 per kg,
 Morrisons British Slices Carrots, Morrisons British Slices Carrots1kg,£1.19,£1.19 per kg,
Morrisons Broad Beans,Morrisons Broad Beans500g,£1.49,£2.98 per kg,
Morrisons Broccoli Florets,Morrisons Broccoli Florets900g,£1.55,£1.72 per kg,
Morrisons Buttermilk Coated Chicken Strips,Morrisons Buttermilk Coated Chicken Strips350g,£3.25,£9.29 per kg,
Morrisons Butternut Squash Risotto,Morrisons Butternut Squash Risotto400g,£1.99,49.8p per 100g,Buy 3 for £5
Morrisons Buttery Roast Potatoes ,Morrisons Buttery Roast Potatoes 400g,£1.75,£4.38 per kg,
Morrisons Button Sprouts,Morrisons Button Sprouts1kg,£1.19,£1.19 per kg,
Morrisons Casserole Mix,Morrisons Casserole Mix1kg,£1.55,£1.55 per kg,
Morrisons Cauliflower & Broccoli Mix,Morrisons Cauliflower & Broccoli Mix1kg,£1.65,£1.65 per kg,
Morrisons Cauliflower Cheese,Morrisons Cauliflower Cheese400g,£1.59,£3.98 per kg,
Morrisons Cauliflower Cheese,Morrisons Cauliflower Cheese750g,£2.55,£3.40 per kg,
Morrisons Cauliflower Florets,Morrisons Cauliflower Florets1kg,£1.19,£1.19 per kg,
Morrisons Chargrilled Vegetables,Morrisons Chargrilled Vegetables500g,£1.79,£3.58 per kg,
Morrisons Cheese & Ham Croquettes ,Morrisons Cheese & Ham Croquettes 220g,£2.99,£13.59 per kg,
Morrisons Cheese & Tomato Pasta Bake ,Morrisons Cheese & Tomato Pasta Bake 400g,£1.69,42.3p per 100g,
Morrisons Cheese and Potato Gratin,Morrisons Cheese and Potato Gratin480g,£2.99,£6.23 per kg,
Morrisons Cheese Feast Stuffed Crust Pizza,Morrisons Cheese Feast Stuffed Crust Pizza440g,£2.75,£6.25 per kg,
Morrisons Chicken & Bacon Pies 4 Pack,Morrisons Chicken & Bacon Pies 4 Pack600g,£2.75,£4.58 per kg,
Morrisons Chicken Arrabiata & Tomato Pasta Bake ,Morrisons Chicken Arrabiata…400g,£1.69,£4.23 per kg,
 Morrisons Chicken Breast Fillets, Morrisons Chicken Breast Fillets700g,£4.79,£6.84 per kg,
 Morrisons Chicken Breast Joint, Morrisons Chicken Breast Joint550g,£3.50,£6.36 per kg,
Morrisons Chicken Curry & Rice ,Morrisons Chicken Curry & Rice 400g,£1.69,£4.23 per kg,
Morrisons Chicken Drumsticks,Morrisons Chicken Drumsticks1kg,£2.89,£2.89 per kg,"Offer price £2.89, was £2.99"
Morrisons Chicken Hotpot,Morrisons Chicken Hotpot400g,£1.69,£4.23 per kg,
Morrisons Chicken Jalfrezi & Rice,Morrisons Chicken Jalfrezi & Rice400g,£1.69,£4.23 per kg,
Morrisons Chicken Thighs,Morrisons Chicken Thighs1kg,£3.19,£3.19 per kg,"Offer price £3.19, was £3.49"
Morrisons Chicken Tikka Masala With Rice ,Morrisons Chicken Tikka Masala With Rice 400g,£1.69,£4.23 per kg,
Morrisons Chocolate Fudge Frozen Cake,Morrisons Chocolate Fudge Frozen Cake450g,£1.85,41.1p per 100g,
Morrisons Chopped Chilli,Morrisons Chopped Chilli75g,£1.39,£18.53 per kg,
Morrisons Chopped Garlic,Morrisons Chopped Garlic100g,£1.39,£13.90 per kg,
Morrisons Chopped Parsley,Morrisons Chopped Parsley75g,£1.39,£18.53 per kg,
Morrisons Chunky Battered Haddock 4 Pack,Morrisons Chunky Battered Haddock 4 Pack500g,£5.25,£10.50 per kg,
Morrisons Chunky Vegetable Soup Mix ,Morrisons Chunky Vegetable Soup Mix 500g,£1.29,£2.58 per kg,
Morrisons Classic Vegetable Base Mix ,Morrisons Classic Vegetable Base Mix 600g,£1.29,£2.15 per kg,
Morrisons Cocktail Prawns,Morrisons Cocktail Prawns300g,£4.15,£13.83 per kg,
Morrisons Cocktail Sausage Rolls 50 Pack,Morrisons Cocktail Sausage Rolls 50 Pack800g,£1.79,£2.24 per kg,
Morrisons Cooked Chicken Strips,Morrisons Cooked Chicken Strips550g,£4.65,£8.45 per kg,
Morrisons Cookie Dough Pie,Morrisons Cookie Dough Pie241g,£1.99,82.3p per 100g,"Offer price £1.99, was £2.49"
Morrisons Corn on the Cob,Morrisons Corn on the Cob500g,£1.39,£2.78 per kg,
Morrisons Cottage Pie  ,Morrisons Cottage Pie  400g,£1.69,£4.23 per kg,
Morrisons Counted Beef Lasagne,Morrisons Counted Beef Lasagne350g,£1.89,£5.40 per kg,
 Morrisons Counted Chicken Curry, Morrisons Counted Chicken Curry350g,£1.89,£5.40 per kg,
Morrisons Counted Chicken Hotpot ,Morrisons Counted Chicken Hotpot 350g,£1.89,£5.40 per kg,
Morrisons Counted Chicken Tikka Masala,Morrisons Counted Chicken Tikka Masala350g,£1.89,£5.40 per kg,
Morrisons Counted Chilli Con Carne,Morrisons Counted Chilli Con Carne350g,£1.89,£5.40 per kg,
 Morrisons Counted Ham & Mushroom Tagliatelle, Morrisons Counted Ham & Mushroom Tagliatelle350g,£1.89,£5.40 per kg,
 Morrisons Counted Spaghetti Bolognese, Morrisons Counted Spaghetti Bolognese350g,£1.89,£5.40 per kg,
 Morrisons Counted Sweet & Sour Chicken, Morrisons Counted Sweet & Sour Chicken350g,£1.89,£5.40 per kg,
Morrisons Country Mix,Morrisons Country Mix1kg,£1.65,£1.65 per kg,
Morrisons Crinkle Cut Chips,Morrisons Crinkle Cut Chips1.2kg,£1.85,£1.54 per kg,
Morrisons Dark Sweet Cherries ,Morrisons Dark Sweet Cherries 350g,£2.75,78.6p per 100g,Buy 2 for £5
Morrisons Deep Pan Cheese Pizza ,Morrisons Deep Pan Cheese Pizza 402g,£1.85,46p per 100g,
Morrisons Deep Pan Meat Feast,Morrisons Deep Pan Meat Feast,£1.85,,
Morrisons Diced Beef ,Morrisons Diced Beef 500g,£4.50,£9.00 per kg,
Morrisons Diced Onions,Morrisons Diced Onions500g,£1.55,£3.10 per kg,
Morrisons Double Chocolate Gateau,Morrisons Double Chocolate Gateau600g,£2.99,49.8p per 100g,
 Morrisons Double Chocolate Ice Cream, Morrisons Double Chocolate Ice Cream900ml,£2.19,24.3p per 100ml,
Morrisons Double Pepperoni Stonebake Pizza,Morrisons Double Pepper…357g,£2.29,£6.41 per kg,
Morrisons Edamame Beans ,Morrisons Edamame Beans 500g,£2.29,£4.58 per kg,
Morrisons Family Lasagne 1.4Kg,Morrisons Family Lasagne 1.4Kg1.4g,£4.99,£356.43 per 100g,
Morrisons Filo Pastry Sheets,Morrisons Filo Pastry Sheets200g,£1.35,£6.75 per kg,
 Morrisons Fine Green Beans, Morrisons Fine Green Beans750g,£1.19,£1.59 per kg,
Morrisons Fishmongers Frozen Raw Peeled Argentinian Red Shrimp,Morrisons Fishmongers Frozen Raw Pe…150g,£4.25,£28.33 per kg,Buy 3 for £10
Morrisons Fishmongers Frozen Ready To Cook Breaded Squid Rings,Morrisons Fishmongers Frozen Ready…300g,£4.25,£14.17 per kg,Buy 3 for £10
Morrisons Fishmongers Frozen Yellow Fin Tuna Steaks ,Morrisons Fishmongers Frozen…225g,£4.25,£18.89 per kg,Buy 3 for £10
Morrisons Fishmongers Raw PatagonianScallops,Morrisons Fishmongers Raw PatagonianScallops125g,£4.25,£34.00 per kg,Buy 3 for £10
Morrisons Four Cheese Stonebake Pizza,Morrisons Four Cheese Stonebake Pizza325g,£2.29,£7.05 per kg,
Morrisons Free From 4 Chocolate & Nut Ice Cream Cones ,Morrisons Free From 4 Chocolate…4 x 120ml,£2.75,57.3p per 100ml,
Morrisons Free From Gluten Free Margherita Pizza ,Morrisons Free From Gluten…250g,£1.45,£5.80 per kg,
Morrisons Free From Gluten Free Pepperoni Pizza ,Morrisons Free From Gluten…250g,£2.35,£9.40 per kg,
Morrisons Free From Homestyle Chips ,Morrisons Free From Homestyle Chips 750g,£1.49,£1.99 per kg,
Morrisons Free From Mini Hash Browns,Morrisons Free From Mini Hash Browns750g,£1.70,£2.27 per kg,
Morrisons Free From Strawberry Ice Cream Cones ,Morrisons Free From Straw…4 x 120ml,£2.75,57.3p per 100ml,
Morrisons Frozen Hot & Spicy Chicken Breast Strips,Morrisons Frozen Hot & Spic…500g,£4.19,£8.38 per kg,
Morrisons Frozen Tikka Chicken Breast Strips,Morrisons Frozen Tikka Chicken Breast Strips500g,£4.19,£8.38 per kg,
Morrisons Frozen Turkey Breast Crown Medium 2-2.3kg Serves 5-7,Morrisons Frozen Turkey Breast Crow…,£21.99,,
Morrisons Frozen Whole Leaf Spinach,Morrisons Frozen Whole Leaf Spinach1kg,£1.79,£1.79 per kg,
 Morrisons Gammon Joint Honey Glaze, Morrisons Gammon Joint Honey Glaze600g,£4.35,£7.25 per kg,
Morrisons Garden Peas,Morrisons Garden Peas1kg,£1.39,£1.39 per kg,
Morrisons Garlic & Herb Potato Wedges ,Morrisons Garlic & Herb Potato Wedges 750g,£1.65,22p per 100g,
Morrisons Garlic And Mushroom Crispbakes ,Morrisons Garlic And Mushroom Crispbakes 2 x 140g,£1.99,£7.11 per kg,Buy 3 for £5
Morrisons Giant Yorkshire Puddings Twin Pack,Morrisons Giant Yorkshire Puddings Twin Pack220g,£1.85,£8.41 per kg,
Morrisons Hash Browns,Morrisons Hash Browns750g,£1.65,£2.20 per kg,
Morrisons Hash Brown Waffle,Morrisons Hash Brown Waffle504g,£1.99,£3.95 per kg,
Morrisons Homestyle Chips,Morrisons Homestyle Chips1.2kg,£2.69,£2.24 per kg,
Morrisons Hot & Spicy Coated Chicken Strips,Morrisons Hot & Spicy Coated Chicken Strips350g,£3.25,£9.29 per kg,
Morrisons  Hunters Chicken & Wedges,Morrisons  Hunters Chicken & Wedges475g,£2.49,£5.24 per kg,
Morrisons Italian Sausage Pasta Bake ,Morrisons Italian Sausage Pasta Bake 400g,£1.69,£4.23 per kg,
Morrisons Jaffa Cake Dessert,Morrisons Jaffa Cake Dessert430g,£2.25,52.3p per 100g,
Morrisons Jumbo Wholetail Scampi ,Morrisons Jumbo Wholetail Scampi 280g,£3,£1.07 per 100g,
Morrisons Lamb Mince,Morrisons Lamb Mince500g,£4.99,£9.98 per kg,
Morrisons Large Prawns,Morrisons Large Prawns250g,£4.49,£17.96 per kg,
Morrisons Lean Beef Mince 5% Fat ,Morrisons Lean Beef Mince 5% Fat 500g,£4.89,£9.78 per kg,"Offer price £4.89, was £5.25"
Morrisons Lemon Cheesecake,Morrisons Lemon Cheesecake470g,£2.25,47.9p per 100g,
Morrisons Lemon Meringue Pie,Morrisons Lemon Meringue Pie475g,£2.75,57.9p per 100g,
Morrisons Limited Edition Seasoned Chips ,Morrisons Limited Edition Seasoned Chips 750g,£1.99,£2.65 per kg,
Morrisons Loaded Choc Brownie Ice Cream,Morrisons Loaded Choc Brownie Ice Cream500ml,£2.69,53.8p per 100ml,
Morrisons Loaded Cookie Dough Ice Cream,Morrisons Loaded Cookie Dough Ice Cream500ml,£2.69,53.8p per 100ml,
Morrisons Low Calorie Caramel Sticks,Morrisons Low Calorie Caramel Sticks3 x 60g,£1.89,£10.50 per kg,
Morrisons Low Calorie High Protein Choc Chip Cookie Dough Ice Cream,Morrisons Low Calorie High Protein Choc…480ml,£2.99,£6.23 per litre,
Morrisons Low Calorie High Protein Salted Caramel Ice Cream,Morrisons Low Calorie High Protei…480ml,£2.99,£6.23 per litre,
Morrisons Low Calorie Raspberry Sticks x 3,Morrisons Low Calorie Raspberry Sticks x 33 x 60ml,£1.89,£1.05 per 100ml,
Morrisons Low Fat Oven Chips,Morrisons Low Fat Oven Chips900g,£1.85,£2.06 per kg,
Morrisons Mackerel Fillets With Salsa Verde Marinade,Morrisons Mackerel Fillets Wi…280g,£4,£14.29 per kg,
Morrisons Mango Chunks ,Morrisons Mango Chunks 500g,£2.75,55p per 100g,Buy 2 for £5
Morrisons Mashed Potato,Morrisons Mashed Potato750g,£1.29,£1.72 per kg,
Morrisons Meat Feast Stuffed Crust Pizza ,Morrisons Meat Feast Stuffed Crust Pizza 459g,£2.75,59.9p per 100g,
Morrisons Meat Free Cottage Pie,Morrisons Meat Free Cottage Pie375g,£1.99,£5.31 per kg,Buy 3 for £5
Morrisons Melon Slice Ice Lollies,Morrisons Melon Slice Ice Lollies4 x 220g,£1.35,15.3p per 100g,
Morrisons Milk Chocolate Amour Ice Cream Sticks ,Morrisons Milk Chocolate Amour Ice Cream Sticks 3 x 120ml,£1.45,40.3p per 100ml,
Morrisons Minced Beef,Morrisons Minced Beef1kg,£6.25,£6.25 per kg,
Morrisons Minced Beef,Morrisons Minced Beef500g,£4.99,£9.98 per kg,
Morrisons  Mini Peppered Steak Bakes ,Morrisons  Mini Peppered Steak Bakes 300g,£2.99,£9.97 per kg,
Morrisons Mini Selection Amour Ice Cream Sticks ,Morrisons Mini Selection Amour Ice Cream Sticks 8 x 50ml,£2.39,59.8p per 100ml,
Morrisons Mint Choc Chip Ice Cream,Morrisons Mint Choc Chip Ice Cream2L,£2.19,11p per 100ml,
Morrisons Mint Chocolate Chip Ice Cream,Morrisons Mint Chocolate Chip Ice Cream900ml,£2.19,24.3p per 100ml,
Morrisons Mixed Vegetables,Morrisons Mixed Vegetables1kg,£1.19,£1.19 per kg,
Morrisons Mochi Ice Cream Selection,Morrisons Mochi Ice Cream Selection156g,£3.49,£2.24 per 100g,
Morrisons Neapolitan Ice Cream,Morrisons Neapolitan Ice Cream2L,£2.19,11p per 100ml,
Morrisons Neapolitan Ice Cream Sandwiches,Morrisons Neapolitan Ice Cream Sandwiches8 x 90ml,£2.19,30.4p per 100ml,
Morrisons New York Cheesecake,Morrisons New York Cheesecake450g,£2.49,55.3p per 100g,
Morrisons Paella Mix ,Morrisons Paella Mix 500g,£1.95,39p per 100g,"Offer price £1.95, was £2.19"
Morrisons Passion Star Martini Mix,Morrisons Passion Star Martini Mix300g,99p,33p per 100g,"Offer price 99p, was £2"
Morrisons Peas Sweetcorn Carrots Broccoli & Red Pepper,Morrisons Peas Sweetcorn Carrot…1kg,£1.55,£1.55 per kg,
Morrisons Pepperoni Pizza Deep Pan 378G,Morrisons Pepperoni Pizza Deep Pan 378G378g,£1.85,48.9p per 100g,
Morrisons Petit Pois,Morrisons Petit Pois1kg,£1.69,£1.69 per kg,
Morrisons Pineapple,Morrisons Pineapple450g,£2.75,£6.11 per kg,Buy 2 for £5
Morrisons Plant Revolution 10 Pumpkin Falafels,Morrisons Plant Revolutio…300g,£2.50,£8.33 per kg,
Morrisons Plant Revolution 16 Chicken Style Nuggets,Morrisons Plant Revolution 16…320g,£1.99,£6.22 per kg,Buy 3 for £5
Morrisons Plant Revolution 4 Spicy Bean Burgers,Morrisons Plant Revolutio…454g,£1.99,£4.38 per kg,Buy 3 for £5
Morrisons Plant Revolution Beefless Wellington,Morrisons Plant Revolutio…560g,£3.50,£6.25 per kg,
Morrisons Plant Revolution Caramel Brownie Ice Cream,Morrisons Plant Revolution Ca…500ml,£2.99,59.8p per 100ml,
Morrisons Plant Revolution Chicken Style Pieces,Morrisons Plant Revolutio…300g,£1.99,£6.63 per kg,Buy 3 for £5
Morrisons Plant Revolution Choc Cookie Dough Ice Cream,Morrisons Plant Revolution Choc…500ml,£2.99,59.8p per 100ml,
Morrisons Plant Revolution Meat Free Burgers,Morrisons Plant Revolut…342g,£1.99,£5.82 per kg,Buy 3 for £5
Morrisons Plant Revolution Meat Free Mince ,Morrisons Plant Revolut…400g,£1.99,£4.98 per kg,Buy 3 for £5
Morrisons Plant Revolution Meat Free Sausages,Morrisons Plant Revolutio…300g,£1.99,£6.63 per kg,Buy 3 for £5
Morrisons Plant Revolution Vegetable Burger,Morrisons Plant Revolut…454g,£1.99,£4.38 per kg,Buy 3 for £5
Morrisons Pollock Fillets,Morrisons Pollock Fillets690g,£4.75,£6.88 per kg,
Morrisons Pork Loin Joint With Herb Crumb Topping,Morrisons Pork Loin Joint With Herb Crumb Topping550g,£3.50,£6.36 per kg,
Morrisons Potato Bites,Morrisons Potato Bites750g,£1.85,£2.47 per kg,
Morrisons Potato Croquettes,Morrisons Potato Croquettes750g,£1.69,£2.25 per kg,
Morrisons Potato Crunchies With Bacon,Morrisons Potato Crunchies With Bacon550g,£1.89,£3.44 per kg,
Morrisons Potato Lattice,Morrisons Potato Lattice550g,£2.19,£3.98 per kg,
Morrisons Potato Waffles,Morrisons Potato Waffles680g,£1.65,£2.43 per kg,
Morrisons Pub Style 2 Chicken Pies ,Morrisons Pub Style 2 Chicken Pies 440g,£3.30,£7.50 per kg,Save 80p Off Your Next Shop
Morrisons Push Up Lollies,Morrisons Push Up Lollies4 x 70ml,£1.10,39.3p per 100ml,
Morrisons Push Ups 5 Pack,Morrisons Push Ups 5 Pack350ml,£1.35,38.6p per 100ml,
Morrisons Quarter Pound Beef Burger With Cheese,Morrisons Quarter Pound Beef Burger With Cheese454g,£2.95,£6.50 per kg,
Morrisons Raspberries,Morrisons Raspberries300g,£2.75,91.7p per 100g,Buy 2 for £5
Morrisons Raspberry Pavlova,Morrisons Raspberry Pavlova315g,£3.19,£1.01 per 100g,
Morrisons Raspberry Ripple Ice Cream,Morrisons Raspberry Ripple Ice Cream2L,£2.19,11p per 100ml,
Morrisons Ratatouille,Morrisons Ratatouille500g,£1.65,£3.30 per kg,"Offer price £1.65, was £2.19"
Morrisons Raw Peeled King Prawns,Morrisons Raw Peeled King Prawns200g,£3.69,£18.45 per kg,
Morrisons Ready Cooked King Prawns,Morrisons Ready Cooked King Prawns200g,£3.69,£18.45 per kg,
Morrisons Red Sangria Mix,Morrisons Red Sangria Mix300g,99p,33p per 100g,"Offer price 99p, was £2"
Morrisons Roast Chicken Family Pie,Morrisons Roast Chicken Family Pie700g,£3.15,£4.50 per kg,
Morrisons Roasting Parsnips,Morrisons Roasting Parsnips750g,£1.99,£2.65 per kg,
Morrisons Roast Potatoes,Morrisons Roast Potatoes1kg,£1.09,£1.09 per kg,
Morrisons Rocket Ice Lollies,Morrisons Rocket Ice Lollies8 x 58ml,£1.35,29.1p per 100ml,
Morrisons Salted Caramel Amour Ice Cream Sticks ,Morrisons Salted Caramel Amour Ice Cream Sticks 3 x 120ml,£1.45,40.3p per 100ml,
Morrisons Salted Caramel Ice Cream,Morrisons Salted Caramel Ice Cream900ml,£2.19,24.3p per 100ml,
Morrisons  Salted Caramel Ice Cream Cones,Morrisons  Salted Caramel Ice Cream Cones440g,£1.35,£3.07 per kg,
Morrisons Sardine Fillets With Spicy Tomato Marinade,Morrisons Sardine Fillets Wit…210g,£4,£19.05 per kg,
Morrisons Sausage & Mash,Morrisons Sausage & Mash400g,£1.69,42.3p per 100g,
Morrisons Savers 15 Yorkshire Puddings,Morrisons Savers 15 Yorkshire Puddings230g,48p,£2.09 per kg,
Morrisons Savers 20 Thick Sausages,Morrisons Savers 20 Thick Sausages1kg,£1.49,£1.49 per kg,
Morrisons Savers 8 British Beef Burgers ,Morrisons Savers 8 British Beef Burgers 397g,£1.56,39.3p per 100g,
Morrisons Savers Beef & Pork Mince,Morrisons Savers Beef & Pork Mince1kg,£4.25,£4.25 per kg,
Morrisons Savers Beef & Pork Mince,Morrisons Savers Beef & Pork Mince1kg,£3.50,£3.50 per kg,
Morrisons Savers Fish Fillets ,Morrisons Savers Fish Fillets 450g,£2.15,47.8p per 100g,
Morrisons Savers Fish Fingers 10 Pack,Morrisons Savers Fish Fingers 10 Pack250g,75p,£3.00 per kg,
Morrisons Savers Frozen Prawns ,Morrisons Savers Frozen Prawns 200g,£2.32,£1.16 per 100g,
Morrisons Savers Ice Lollies,Morrisons Savers Ice Lollies8 x 35ml,85p,30.4p per 100ml,
Morrisons Seabass Fillet With Tomato And Pesto Marinade,Morrisons Seabass Fillet With T…210g,£4,£19.05 per kg,
Morrisons Seabream Fillets With Lemon And Caper Mariande,Morrisons Seabream Fillets With…210g,£4,£19.05 per kg,
Morrisons Seasoned Curly Fries,Morrisons Seasoned Curly Fries600g,£1.89,£3.15 per kg,Burger and Chips Bundle for £4.50
 Morrisons Seasoned Fried Wedges, Morrisons Seasoned Fried Wedges750g,£1.89,£2.52 per kg,
Morrisons Seasoned Sweet Potato Wedges,Morrisons Seasoned Sweet Potato Wedges500g,£2.99,£5.98 per kg,
Morrisons Shepherds Pie ,Morrisons Shepherds Pie 400g,£1.59,£3.98 per kg,
Morrisons Skin On Fries,Morrisons Skin On Fries600g,£1.99,£3.32 per kg,
Morrisons Sliced Green Beans ,Morrisons Sliced Green Beans 1kg,£1.55,£1.55 per kg,
Morrisons Sliced Green Cabbage,Morrisons Sliced Green Cabbage1kg,£2.09,£2.09 per kg,
Morrisons Sliced Leeks,Morrisons Sliced Leeks700g,£1.49,£2.13 per kg,
Morrisons Sliced Mixed Peppers,Morrisons Sliced Mixed Peppers500g,£1.49,£2.98 per kg,
Morrisons Sliced Mushrooms ,Morrisons Sliced Mushrooms 500g,£1.39,£2.78 per kg,
Morrisons Sliced Red Onion,Morrisons Sliced Red Onion650g,£1.99,£3.06 per kg,
Morrisons Southern Fried Chicken Thighs,Morrisons Southern Fried Chicken Thighs750g,£3,£4.00 per kg,
Morrisons Southern Fried Coated Chicken Strips,Morrisons Southern Fried Coated Chicken Strips350g,£3.25,92.9p per 100g,
Morrisons South Indian Veg Curry,Morrisons South Indian Veg Curry400g,£1.99,49.8p per 100g,Buy 3 for £5
Morrisons Spaghetti Bolognese,Morrisons Spaghetti Bolognese400g,£1.69,£4.23 per kg,
Morrisons Steak Cut Chips,Morrisons Steak Cut Chips1.2kg,£1.85,£1.54 per kg,
Morrisons Steak Family Pie,Morrisons Steak Family Pie700g,£3.15,£4.50 per kg,
Morrisons Stir Fry Biryani Vegetables With Rice,Morrisons Stir Fry Biryani Vegetables With Rice500g,£1.95,£3.90 per kg,"Offer price £1.95, was £2.19"
Morrisons Stir Fry Fajita Vegetable Mix ,Morrisons Stir Fry Fajita Vegetable Mix 500g,£1.95,£3.90 per kg,
Morrisons Stir Fry Vegetables,Morrisons Stir Fry Vegetables500g,£1.55,£3.10 per kg,
Morrisons Stonebaked Meat Feast,Morrisons Stonebaked Meat Feast373g,£2.29,£6.14 per kg,
Morrisons Straight Cut Chips,Morrisons Straight Cut Chips1.2kg,£1.85,£1.54 per kg,
Morrisons Strawberries ,Morrisons Strawberries 350g,£2.75,78.6p per 100g,Buy 2 for £5
Morrisons Strawberries & Cream Gateau,Morrisons Strawberries & Cream Gateau630g,£2.99,47.5p per 100g,
Morrisons Strawberry & Banana Smoothie Mix,Morrisons Strawberry & Banana Smoothie Mix500g,£2.75,55p per 100g,Buy 2 for £5
 Morrisons Strawberry & Cream Ice Cream, Morrisons Strawberry & Cream Ice Cream900ml,£2.19,24.3p per 100ml,
Morrisons Strawberry Cheesecake,Morrisons Strawberry Cheesecake485g,£2.09,43.1p per 100g,
Morrisons Strawberry Daiquiri Mix,Morrisons Strawberry Daiquiri Mix300g,99p,33p per 100g,"Offer price 99p, was £2"
Morrisons Strawberry Ice Cream Cones,Morrisons Strawberry Ice Cream Cones4 x 110ml,£1.35,30.7p per 100ml,
Morrisons Strawberry Split Ice Lollies,Morrisons Strawberry Split Ice Lollies6 x 70ml,£1.35,32.1p per 100ml,
Morrisons Super Sweet Sweetcorn,Morrisons Super Sweet Sweetcorn1kg,£1.69,£1.69 per kg,
Morrisons Sweet & Sour Battered Chicken,Morrisons Sweet & Sour Battered Chicken400g,£1.69,£4.23 per kg,
Morrisons Sweet Potato Chunks  ,Morrisons Sweet Potato Chunks  600g,£1.79,£2.98 per kg,
Morrisons Sweet Potato Fries ,Morrisons Sweet Potato Fries 500g,£2.99,£5.98 per kg,
Morrisons Takeaway Battered Chicken Chunks,Morrisons Takeaway Battered Chicken Chunks500g,£3.25,£6.50 per kg,
Morrisons Tex Mex Stonebake Pizza,Morrisons Tex Mex Stonebake Pizza380g,£2.29,£6.03 per kg,
 Morrisons The Best 4 Pink Lemonade Lollies, Morrisons The Best 4 Pink Lemonade Lollies4 x 73ml,£2.35,80.5p per 100ml,"Offer price £2.35, was £2.49"
Morrisons The Best 4 Scotch Beef Quarter Pounders,Morrisons The Best 4 Scotch…454g,£3.50,£7.71 per kg,
Morrisons The Best 6 Beef Dripping Yorkshire Puddings,Morrisons The Best 6 Beef Dri…240g,£2.99,£12.46 per kg,
Morrisons The Best Beef Fat Roast Potatoes,Morrisons The Best Beef Fat Roast Potatoes800g,£2.49,£3.11 per kg,
Morrisons The Best British King Scallop Meat,Morrisons The Best British King Scallop Meat250g,£7.50,£30.00 per kg,
Morrisons The Best Cajun Chicken & Sweet Red Peppers Pizza,Morrisons The Best Cajun Chicken…465g,£3.25,£6.99 per kg,Buy 2 for £6
Morrisons The Best Chocolate & Caramel Twin Tarts,Morrisons The Best Chocolat…178g,£2.29,£1.29 per 100g,"Offer price £2.29, was £2.79"
Morrisons The Best Chunky Chips  ,Morrisons The Best Chunky Chips  1.5kg,£3.99,£2.66 per kg,
Morrisons The Best Fries With Rosemary & Sea Salt ,Morrisons The Best Fries With Rosemary & Sea Salt 600g,£1.79,29.8p per 100g,
Morrisons The Best Goats Cheese & Onion  Pizza,Morrisons The Best Goats Cheese & Onion  Pizza420g,£3.25,£7.74 per kg,Buy 2 for £6
Morrisons The Best Ham & Mushroom Pizza,Morrisons The Best Ham & Mushroom Pizza438g,£3.25,£7.42 per kg,Buy 2 for £6
Morrisons The Best Lemon Tart Twin Pack,Morrisons The Best Lemon Tart Twin Pack2 x 89g,£2.29,£1.29 per 100g,"Offer price £2.29, was £2.79"
Morrisons The Best Madagascan Vanilla Ice Cream ,Morrisons The Best Madagasc…500ml,£3.49,69.8p per 100ml,
Morrisons The  Best Margherita & Pesto Pizza,Morrisons The  Best Margherita & Pesto Pizza398g,£3.25,£8.17 per kg,Buy 2 for £6
Morrisons The Best Peeled & Cooked Jumbo King Prawns ,Morrisons The Best Peeled & C…225g,£4.99,£2.22 per 100g,
Morrisons The Best Petit Pois ,Morrisons The Best Petit Pois 500g,£1.35,£2.70 per kg,
Morrisons The Best Pizza Pucks With Sourdough x4,Morrisons The Best Pizza Pucks With Sourdough x4880g,£2.75,31.3p per 100g,
Morrisons The Best Raw Peeled King Prawns,Morrisons The Best Raw Peeled King Prawns225g,£4.69,£20.85 per kg,"Offer price £4.69, was £4.99"
Morrisons The Best Spicy Italian Meats Pizza,Morrisons The Best Spicy Italian Meats Pizza454g,£3.25,£7.16 per kg,Buy 2 for £6
Morrisons The Best Sprouts With Chestnuts & Butter ,Morrisons The Best Sprouts Wi…500g,£2.29,£4.58 per kg,
Morrisons The Best Sticky Toffee Pudding,Morrisons The Best Sticky Toffee Pudding400g,£4.99,£1.25 per 100g,
Morrisons The Best Toffee & Pecan Roulade ,Morrisons The Best Toffee & Pecan Roulade 420g,£4.99,£1.19 per 100g,
Morrisons The Best Valencia Orange Ice Lollies,Morrisons The Best Valencia Orange Ice Lollies4 x 73ml,£2.35,80.5p per 100ml,"Offer price £2.35, was £2.49"
Morrisons Thin Cut French Fries,Morrisons Thin Cut French Fries1.2kg,£1.85,£1.54 per kg,
Morrisons Tilapia Fillets With Soy Ginger And Garlic Marinade,Morrisons Tilapia Fillets With Soy…210g,£4,£19.05 per kg,
Morrisons Toad In The Hole ,Morrisons Toad In The Hole 300g,£1.69,£5.63 per kg,
 Morrisons Toffee & Vanilla Ice Cream, Morrisons Toffee & Vanilla Ice Cream900ml,£2.19,24.3p per 100ml,
Morrisons Toffee Cheesecake,Morrisons Toffee Cheesecake400g,£2.09,52.3p per 100g,
Morrisons Toffee Ice Cream Cones,Morrisons Toffee Ice Cream Cones4 x 110ml,£1.35,30.7p per 100ml,
Morrisons Tomato & Red Pepper Soup Mix,Morrisons Tomato & Red Pepper Soup Mix500g,£1.29,£2.58 per kg,
Morrisons Triple Chocolate Cheesecake ,Morrisons Triple Chocolate Cheesecake 420g,£2.25,53.6p per 100g,
Morrisons Tropical Swirl Ice Creams,Morrisons Tropical Swirl Ice Creams3 x 100ml,£1.49,49.7p per 100ml,
Morrisons Tuna Steaks,Morrisons Tuna Steaks360g,£4.75,£13.19 per kg,
 Morrisons Turkey Breast Joint, Morrisons Turkey Breast Joint500g,£3.50,£7.00 per kg,
Morrisons Twin Pops Ice Lollies,Morrisons Twin Pops Ice Lollies5 x 60ml,£1,33.3p per 100ml,
Morrisons Twisty Lollies,Morrisons Twisty Lollies5 x 70ml,£1.35,38.6p per 100ml,
Morrisons Twistys Lollies,Morrisons Twistys Lollies4 x 70ml,£1.10,39.3p per 100ml,
 Morrisons Unsmoked Bacon, Morrisons Unsmoked Bacon750g,£4.25,56.7p per 100g,
Morrisons Vanilla Ice Cream,Morrisons Vanilla Ice Cream900ml,£2.19,24.3p per 100ml,
Morrisons Veg & Cheese Pies 4 Pack,Morrisons Veg & Cheese Pies 4 Pack600g,£2.75,£4.58 per kg,
Morrisons Vegetable Floret Mix,Morrisons Vegetable Floret Mix1kg,£1.65,£1.65 per kg,
Morrisons Vegetable Lasagne,Morrisons Vegetable Lasagne375g,£1.99,£5.31 per kg,Buy 3 for £5
Morrisons White Chocolate Amour Lollies,Morrisons White Chocolate Amour Lollies3 x 120ml,£1.45,40.3p per 100ml,
Morrisons Wonky Berry Mix,Morrisons Wonky Berry Mix1kg,£2.99,£2.99 per kg,
Morrisons Yellow Vanilla Ice Cream,Morrisons Yellow Vanilla Ice Cream2L,£1.79,9p per 100ml,"Offer price £1.79, was £1.99"
Morrisons Yorkshire Pudding Wraps Twin Pack,Morrisons Yorkshire Pudding Wraps Twin Pack260g,£1.85,£7.12 per kg,
Morrison Thin Crust Cheese Pizza,Morrison Thin Crust Cheese Pizza314g,75p,£2.39 per kg,
Mr Brains 6 Pork Faggots,Mr Brains 6 Pork Faggots657g,£1.80,£2.74 per kg,
Naughty Vegan 2 No Chick N Mushroom Pies ,Naughty Vegan 2 No Chick N Mushroom Pies 400g,£2.50,£6.25 per kg,
Naughty Vegan 4 Sausage Rolls,Naughty Vegan 4 Sausage Rolls460g,£2,£4.35 per kg,
Nestle Family Favourites Mixed Ice Lollies 12 Pack,Nestle Family Favourites Mixed Ice Lollies 12 Pack712ml,£3.50,49.2p per 100ml,
Nobbly Bobbly Strawberry & Chocolate Ice Cream 4 Pack,Nobbly Bobbly Strawberry & Ch…240ml,£2.29,95.4p per 100ml,Buy 2 for £4
Nuii Caramel White Chocolate & Texan Pecan Ice Cream,Nuii Caramel White Chocolate…3 x 90ml,£4,£1.48 per 100ml,Buy 2 for £5
Nuii Dark Chocolate & Nordic Berry Ice Cream,Nuii Dark Chocolate & Nordic Berry Ice Cream270ml,£4,£1.48 per 100ml,Buy 2 for £5
"Nuii Mini Salted Caramel, Vanilla & Nordic Berry Ice Cream","Nuii Mini Salted Caramel, Vanilla…6 x 55ml",£4.25,£1.29 per 100ml,
Nuii Mini Texan Pecan Java And Scandinavian Ice Cream Sticks ,Nuii Mini Texan Pecan Java And Scan…6 x 55ml,£4.25,£1.29 per 100ml,
Nuii Salted Caramel & Australian Macadamia Ice Cream,Nuii Salted Caramel & Austral…3 x 90ml,£4,£14.81 per litre,Buy 2 for £5
Oatly Salted Caramel Ice Cream,Oatly Salted Caramel Ice Cream500ml,£3,60p per 100ml,"Offer price £3, was £4.50"
Oreo Ice Cream Cones 4 Pack,Oreo Ice Cream Cones 4 Pack440ml,£3.50,79.5p per 100ml,
Oreo Ice Cream Sandwich ,Oreo Ice Cream Sandwich 4 x 55ml,£2.29,10.4p per 10ml,Buy 2 for £4
Oreo Ice Cream Tub ,Oreo Ice Cream Tub 480ml,£3.29,68.5p per 100ml,Buy 2 for £5
Oreo Topped Ice Cream Cones,Oreo Topped Ice Cream Cones4 x 100ml,£3.99,99.8p per 100ml,
Oresundschark Original Swedish Meatballs,Oresundschark Original Swedish Meatballs600g,£3.75,£6.25 per kg,
Plant-It Chicken - Free Southern Fried Bites,Plant-It Chicken - Free Southern Fried Bites200g,£2.50,£12.50 per kg,
Plant It Chicken Free Salt & Chilli Strips,Plant It Chicken Free Salt & Chilli Strips200g,£2.50,£12.50 per kg,
Plant It Egg Free Veggie Omelette,Plant It Egg Free Veggie Omelette180g,£2.50,£1.39 per 100g,
Princes Indian-Style Tandoori Chicken Kebabs ,Princes Indian-Style Tandoori Chicken Kebabs 260g,£3.50,£13.46 per kg,"Offer price £3.50, was £3.99"
Princes Korean-Style Bbq Chicken Kebabs,Princes Korean-Style Bbq Chicken Kebabs260g,£3.50,£13.46 per kg,"Offer price £3.50, was £3.99"
Princes Malaysian-Style Satay Chicken Kebabs,Princes Malaysian-Style Satay Chicken Kebabs260g,£3.50,£13.46 per kg,"Offer price £3.50, was £3.99"
Pukka 2 Chicken & Bacon Shortcrust Microwave Pies,Pukka 2 Chicken & Bacon Shortcrust Microwave Pies388g,£2.89,£7.45 per kg,"Offer price £2.89, was £3.25"
Pukka 2 Chicken Bakes,Pukka 2 Chicken Bakes306g,£2.50,81.7p per 100g,
Pukka 2 Sausage & Bean Bakes,Pukka 2 Sausage & Bean Bakes306g,£2.50,81.7p per 100g,
Pukka 2 Steak Bakes,Pukka 2 Steak Bakes278g,£2.50,89.9p per 100g,
Pukka 4 Beef & Vegetable Pies,Pukka 4 Beef & Vegetable Pies726g,£3.50,£4.82 per kg,
Pukka 4 Chicken & Vegetable Pies ,Pukka 4 Chicken & Vegetable Pies 726g,£3.50,£4.82 per kg,
Pukka 4 Sausage Rolls,Pukka 4 Sausage Rolls360g,£2.50,69.4p per 100g,
Pukka Steak Microwaveable Shortcrust Pies,Pukka Steak Microwave…2 per pack,£2.89,£1.45 each,
Quorn 4 Vegan Sausage Rolls,Quorn 4 Vegan Sausage Rolls400g,£2.55,£6.38 per kg,
Quorn Chicktastic Burgers,Quorn Chicktastic Burgers4 x 63g,£2.55,£10.12 per kg,
Quorn Quarter Pounder Burger 2 Pack,Quorn Quarter Pounder Burger 2 Pack227g,£2.55,£11.23 per kg,
Quorn Sausage Patties ,Quorn Sausage Patties 168g,£2.55,£15.18 per kg,
Quorn Sausages,Quorn Sausages504g,£3,£5.95 per kg,
Quorn Takeaway 2 Crunchy Fillet Burgers,Quorn Takeaway 2 Crunchy Fillet Burgers190g,£3,£15.79 per kg,
Quorn Takeaway Sticky BBQ Wings,Quorn Takeaway Sticky BBQ Wings263g,£3,£11.41 per kg,
Quorn Vegetarian Chicken & Bacon Lattices 2 Pack,Quorn Vegetarian Chicken & Bacon Lattices 2 Pack300g,£2.55,£8.50 per kg,
Quorn Vegetarian Chicken Style Pieces,Quorn Vegetarian Chicken Style Pieces300g,£1.50,£5.00 per kg,"Offer price £1.50, was £2.49"
Quorn Vegetarian Chicken style Pieces,Quorn Vegetarian Chicken style Pieces500g,£3,£6.00 per kg,
Quorn Vegetarian Crispy Fillets,Quorn Vegetarian Crispy Fillets200g,£2.55,£12.75 per kg,
Quorn Vegetarian Crispy Nuggets,Quorn Vegetarian Crispy Nuggets300g,£2.55,£8.50 per kg,
Quorn Vegetarian Crispy Nuggets Family Pack,Quorn Vegetarian Crispy Nuggets Family Pack476g,£3,£6.30 per kg,
Quorn Vegetarian Fillets,Quorn Vegetarian Fillets312g,£2.55,£8.17 per kg,
Quorn Vegetarian Garlic & Mushroom Escalopes,Quorn Vegetarian Garlic & Mushroom Escalopes240g,£2.55,£10.63 per kg,
Quorn Vegetarian Mince,Quorn Vegetarian Mince300g,£2.55,£8.50 per kg,
Quorn Vegetarian Mince,Quorn Vegetarian Mince500g,£3,£6.00 per kg,
Quorn Vegetarian Roast        ,Quorn Vegetarian Roast        454g,£2.50,55.1p per 100g,"Offer price £2.50, was £3.75"
Quorn Vegetarian Sausages,Quorn Vegetarian Sausages8 x 42g,£2.55,£7.59 per kg,
Quorn Vegetarian Southern Fried Bites,Quorn Vegetarian Southern Fried Bites300g,£2.55,£8.50 per kg,
Quorn Vegetarian Steak & Gravy Pies 2 Pack,Quorn Vegetarian Steak & Gravy Pies 2 Pack400g,£2.55,£6.38 per kg,
Quorn Vegetarian Steak Strips,Quorn Vegetarian Steak Strips300g,£2.55,85p per 100g,
Quorn Vegetarian Swedish Style Balls,Quorn Vegetarian Swedish Style Balls300g,£2.55,£8.50 per kg,
Richmond 12 Thick Frozen Pork Sausages,Richmond 12 Thick Frozen Pork Sausages516g,£2.19,£4.24 per kg,
Richmond 16 Thin Frozen Pork Sausages ,Richmond 16 Thin Frozen Pork Sausages 444g,£2.50,56.3p per 100g,
Richmond 20 Thick Frozen Pork Sausages,Richmond 20 Thick Frozen Pork Sausages860g,£3.29,£3.83 per kg,
Richmond 6 Sausage Patties,Richmond 6 Sausage Patties342g,£2.19,£6.40 per kg,
Richmond 8 Thick Frozen Pork Sausages,Richmond 8 Thick Frozen Pork Sausages344g,£1.65,£4.80 per kg,
Richmond 8 Vegan Meat-Free Sausages,Richmond 8 Vegan Meat-Free Sausages336g,£2.15,£6.40 per kg,
Richmond Skinless Frozen Pork Sausages 16 Pack,Richmond Skinless Frozen Pork Sausages 16 Pack426g,£2.50,58.7p per 100g,
Rowntrees Fruit Blaster Ice Lollies ,Rowntrees Fruit Blaster Ice Lollies 6 x 58ml,£2.29,65.8p per 100ml,Buy 2 for £4
Rowntree's Fruit Pastilles Lollies,Rowntree's Fruit Pastilles Lollies4 x 65ml,£2.29,88.1p per 100ml,Buy 2 for £4
Rowntrees Fruit Pastilles Push - Ups,Rowntrees Fruit Pastilles Push - Ups480ml,£2.29,47.7p per 100ml,Buy 2 for £4
Rowntree's Watermelon Ice Lollies,Rowntree's Watermelon Ice Lollies4 x 73ml,£2.29,78.4p per 100ml,Buy 2 for £4
Rowntrees Yoggees Ice Lollies ,Rowntrees Yoggees Ice Lollies 6 x 55ml,£2.29,69.4p per 100ml,Buy 2 for £4
R Whites Premium Lemonade Ice Lollies X 3,R Whites Premium Lemonade Ice Lollies X 3675ml,£2.29,33.9p per 100ml,Buy 2 for £4
Schar Bonta D'Italia Gluten Free Pizza Margherita Lactose Free ,Schar Bonta D'Italia Gluten Free Pizz…300g,£3.49,£11.63 per kg,
Schar Gluten Free Pizza Veggie Vegan,Schar Gluten Free Pizza Veggie Vegan390g,£3.19,£8.18 per kg,
SFC Chicken Poppets,SFC Chicken Poppets170g,75p,44.1p per 100g,
SFC Chicken Pop Pops ,SFC Chicken Pop Pops 500g,£2.49,£4.98 per kg,
SFC Southern Fried Boneless Bucket,SFC Southern Fried Boneless Bucket500g,£3.49,69.8p per 100g,
Shana Chopped Spinach,Shana Chopped Spinach300g,£1.10,£3.67 per kg,"Offer price £1.10, was £1.25"
Shana Green Chilli,Shana Green Chilli300g,£1.10,£3.67 per kg,"Offer price £1.10, was £1.25"
Shana Karela,Shana Karela300g,£1.10,£3.67 per kg,"Offer price £1.10, was £1.25"
Shana Methi,Shana Methi300g,£1.10,£3.67 per kg,"Offer price £1.10, was £1.25"
Shana Okra Sliced Rings,Shana Okra Sliced Rings300g,£1.10,£3.67 per kg,"Offer price £1.10, was £1.25"
Shana Original Paratha,Shana Original Paratha400g,£1.70,£4.25 per kg,"Offer price £1.70, was £1.89"
Shana Saragawa,Shana Saragawa300g,£1.10,£3.67 per kg,"Offer price £1.10, was £1.25"
Shana Shredded Coconut,Shana Shredded Coconut300g,£1.75,£5.83 per kg,"Offer price £1.75, was £1.89"
Shana Whole Baby Okra ,Shana Whole Baby Okra 300g,£1.10,£3.67 per kg,"Offer price £1.10, was £1.25"
Shana Wholemeal Chapatti,Shana Wholemeal Chapatti320g,£1.70,£5.32 per kg,"Offer price £1.70, was £1.89"
Sharwood's Chicken Korma with Rice,Sharwood's Chicken Korma with Rice375g,£1.79,47.7p per 100g,
Sharwood's Chicken Tikka Masala with Rice ,Sharwood's Chicken Tikka Masala with Rice 375g,£1.79,£4.77 per kg,
Slush Puppie 5 Red Cherry Push Ups,Slush Puppie 5 Red Cherry Push Ups400ml,£2,50p per 100ml,
Slush Puppie 6 Cherry & Blue Raspberry Fusion Lollies,Slush Puppie 6 Cherry & Blue…300ml,£2,66.7p per 100ml,
Snacksters Big Stack ,Snacksters Big Stack 204g,£1.99,£9.75 per kg,
Snacksters Xl Doner Kebab,Snacksters Xl Doner Kebab172g,£1.99,£11.57 per kg,
Snickers 4 Pack Ice Cream Bars,Snickers 4 Pack Ice Cream Bars212ml,£2.49,£1.17 per 100ml,Buy 2 for £4
Solero Exotic Explosion Ice Cream Sticks,Solero Exotic Explosion Ice Cream Sticks3 x 90ml,£2.49,92.2p per 100ml,Buy 2 for £4
Solero Redberries Ice Cream Sticks,Solero Redberries Ice Cream Sticks3 x 90ml,£2.49,92.2p per 100ml,Buy 2 for £4
Spam Fritters,Spam Fritters300g,£2.25,£7.50 per kg,
Speakeasy Alcohol Infused Ice Cream Amaretto,Speakeasy Alcohol Infus…500ml,99p,19.8p per 100ml,"Offer price 99p, was £3.99 - Online Exclusive"
Speakeasy Limoncello Ice Cream ,Speakeasy Limoncello Ice Cream 500ml,99p,19.8p per 100ml,"Offer price 99p, was £3.99 - Online Exclusive"
Strong Roots Mixed Root Vegetable Fries ,Strong Roots Mixed Root Vegetable Fries 500g,£3.29,£6.58 per kg,Buy 2 for £5
Strong Roots Oven Baked Sweet Potato Chips,Strong Roots Oven Baked Sweet Potato Chips500g,£3.29,£6.58 per kg,Buy 2 for £5
Strong Roots Skinny Fries ,Strong Roots Skinny Fries 750g,£3.29,£4.39 per kg,Buy 2 for £5
Strong Roots Sweet Potato Hash Brown,Strong Roots Sweet Potato Hash Brown350g,£3.29,£9.40 per kg,Buy 2 for £5
Swedish Glace Dairy Free Smooth Vanilla Vegan Ice Cream Tub,Swedish Glace Dairy Free Smooth V…750ml,£3.30,44p per 100ml,"Offer price £3.30, was £3.59"
Swizzels Refreshers Lemon Flavour Ice Lollies,Swizzels Refreshers Lemon Flavour Ice Lollies4 x 65ml,£2.69,£1.03 per 100ml,Buy 2 for £4
Taj Crushed Garlic,Taj Crushed Garlic400g,75p,£1.88 per kg,
Taj Crushed Ginger,Taj Crushed Ginger400g,75p,18.8p per 100g,
Taj Crushed Green Chilli,Taj Crushed Green Chilli400g,£1,£2.50 per kg,
Taj Diced Garlic,Taj Diced Garlic200g,70p,£3.50 per kg,
Taj Diced Ginger,Taj Diced Ginger200g,70p,£3.50 per kg,
Taj Ginger & Garlic Mixed Puree,Taj Ginger & Garlic Mixed Puree400g,70p,17.5p per 100g,
Taj Original Paratha Family Pack,Taj Original Paratha Family Pack,£2.75,,
Tango Sub Zero Tang Cherry Flavoured Iced Lollies,Tango Sub Zero Tang Cherry…4 x 70ml,£2.69,96.1p per 100ml,Buy 2 for £4
The Gym Kitchen BBQ Chicken & Bulgur Wheat ,The Gym Kitchen BBQ Chicken & Bulgur Wheat 400g,£2.50,62.5p per 100g,
The Gym Kitchen Beef Lasagne,The Gym Kitchen Beef Lasagne400g,£2.50,62.5p per 100g,
The Gym Kitchen Chicken Tikka Masala ,The Gym Kitchen Chicken Tikka Masala 400g,£2.50,62.5p per 100g,
The Gym Kitchen Chilli Con Carne ,The Gym Kitchen Chilli Con Carne 400g,£2.50,62.5p per 100g,
The Ice Co Super Cubes,The Ice Co Super Cubes1kg,£1.15,£1.15 per kg,"Offer price £1.15, was £1.25"
The Northern Dough Co. Pizza Dough Beer Crust    ,The Northern Dough Co. Pizza Dough Beer Crust    440g,£2,£4.54 per kg,"Offer price £2, was £2.50"
The Northern Dough Co. Pizza Dough Original,The Northern Dough Co. Pizza Dough Original2 x 220g,£2,£4.54 per kg,"Offer price £2, was £2.50"
The Real Yorkshire Pudding Company Gluten Free Yorkshire Puddings,The Real Yorkshire Pudding Company Gl…180g,£2.49,£1.38 per 100g,
The Vegilantes Southern Fried Chicken Drumsticks ,The Vegilantes Southern Fried Chicken Drumsticks 260g,£3,£11.54 per kg,
Tivall Vegan Schnitzel ,Tivall Vegan Schnitzel 332g,£3.69,£11.11 per kg,
Tivall Vegetarian Cocktail Sausages,Tivall Vegetarian Cocktail Sausages280g,£3.69,£1.32 per 100g,
Tivall Vegetarian Mince,Tivall Vegetarian Mince360g,£3.69,£10.25 per kg,
Toxic Waste 5 Sour Blue Raspberry & Strawberry Slime Lollies,Toxic Waste 5 Sour Blue Raspberry &…280ml,£2,71.4p per 100ml,
Toxic Waste 5 Sour Lemon & Apple Spiral Lollies,Toxic Waste 5 Sour Lemon & Apple Spiral Lollies350ml,£2,57.1p per 100ml,
"Twister Mini Pineapple,Lemon-Lime & Strawberry Ice Lollies","Twister Mini Pineapple,Lemon-Lime…6 x 50ml",£2.29,76.3p per 100ml,Buy 2 for £4
"Twister Mini Pineapple, Lemon-Lime and Strawberry Ice Cream Lollies","Twister Mini Pineapple, Lem…8 x 50ml",£2,50p per 100ml,
Twister Peek-A-Blue,Twister Peek-A-Blue4 x 70ml,£2.19,78.2p per 100ml,Buy 2 for £4
Twister Peek-A-Blue Ice Lollies,Twister Peek-A-Blue Ice Lollies5 x 70ml,£2,57.1p per 100ml,
Twister Zingerrr Ice Lollies,Twister Zingerrr Ice Lollies4 x 70ml,£2.29,81.8p per 100ml,
Twix Ice Cream,Twix Ice Cream4 x 43ml,£2.49,£1.45 per 100ml,Buy 2 for £4
VFC 2 Original Recipe Vegan Crispy Chicken Fillets,VFC 2 Original Recipe Vegan…190g,£3,£1.58 per 100g,
VFC 2 Spicy Vegan Crispy Chicken Fillets,VFC 2 Spicy Vegan Crispy Chicken Fillets190g,£3,£1.58 per 100g,
VFC Original Recipe Vegan Crispy Chicken Tenders,VFC Original Recipe Vegan C…200g,£3,£1.50 per 100g,
VFC Original Recipe Vegan Crispy Popcorn Chicken,VFC Original Recipe Vegan C…220g,£3,£1.36 per 100g,
VFC Original Vegan Fried Stompers,VFC Original Vegan Fried Stompers288g,£3.50,£1.22 per 100g,
Viennetta Birthday Cake Ice Cream Dessert,Viennetta Birthday Cake Ice Cream Dessert650ml,£1.99,30.6p per 100ml,
Viennetta Mint Ice Cream Dessert,Viennetta Mint Ice Cream Dessert650ml,£1.49,22.9p per 100ml,
Viennetta Vanilla Ice Cream Dessert,Viennetta Vanilla Ice Cream Dessert650ml,£1.49,22.9p per 100ml,
Walls Calippo Orange   ,Walls Calippo Orange   105ml,£1.10,£1.05 per 100ml,
Wall's Cornetto Mint ,Wall's Cornetto Mint 6 x 90ml,£3.29,60.9p per 100ml,Buy 2 for £5
Wall's Soft Scoop Vanilla Ice Cream Tub Dessert,Wall's Soft Scoop Vanilla Ice Cream Tub Dessert1.8L,£2.75,15.3p per 100ml,
Wall's Soft Scoop Vanilla Light Ice Cream Tub Dessert,Wall's Soft Scoop Vanilla Lig…1.8L,£2.60,14.4p per 100ml,
Walls Thick Sausage,Walls Thick Sausage500g,£2.19,£4.38 per kg,
Weight Watchers Balance Penne Bolognaise,Weight Watchers Balance Penne Bolognaise320g,£2.49,77.8p per 100g,Buy 2 for £4.50
Weight Watchers from Heinz Beef Lasagne Frozen Ready Meal ,Weight Watchers from Heinz Beef L…320g,£2.49,£7.78 per kg,Buy 2 for £4.50
Weight Watchers from Heinz Chicken & Lemon Risotto Frozen Ready Meal,Weight Watchers from Heinz Ch…320g,£2.49,£7.78 per kg,Buy 2 for £4.50
Weight Watchers from Heinz Chicken Curry Frozen Ready Meal,Weight Watchers from Heinz Chicke…320g,£2.49,£7.78 per kg,Buy 2 for £4.50
Weight Watchers from Heinz Salmon & Broccoli Melt Frozen Ready Meal,Weight Watchers from Heinz Salmon & Bro…320g,£2.49,£7.78 per kg,Buy 2 for £4.50
Young's 10 Flipper Dippers,Young's 10 Flipper Dippers250g,£1.75,£7.00 per kg,
Youngs 2 Cod Steaks In Butter Sauce,Youngs 2 Cod Steaks In Butter Sauce280g,£3.50,£12.50 per kg,
Young's 4 Breaded Cod Fillets ,Young's 4 Breaded Cod Fillets 400g,£4,£10.00 per kg,"Offer price £4, was £4.49"
Young's 4 Breaded Haddock Fillets ,Young's 4 Breaded Haddock Fillets 400g,£4,£10.00 per kg,"Offer price £4, was £4.49"
Young's 4 Fish Steaks In Butter Sauce,Young's 4 Fish Steaks In Butter Sauce4 x 140g,£3.50,£6.25 per kg,
Young's 4 Fish Steaks In Parsley Sauce,Young's 4 Fish Steaks In Parsley Sauce4 x 140g,£3.50,£6.25 per kg,
Young's 6 Omega 3 Fish Cakes ,Young's 6 Omega 3 Fish Cakes 300g,£1.75,£5.83 per kg,
Young's Admiral's Pie 300G,Young's Admiral's Pie 300G300g,£1.99,£6.63 per kg,
Young's Battered Calamari,Young's Battered Calamari250g,£3.50,£14.00 per kg,
Young's Breaded Scampi,Young's Breaded Scampi220g,£3,£13.64 per kg,"Offer price £3, was £3.75"
Young's Chip Shop 2 Extra Large Beer Batter Fillets,Young's Chip Shop 2 Extra Large Beer Batter Fillets300g,£3.25,£1.08 per 100g,
Young's Chip Shop 2 Extra Large Cod Fillets,Young's Chip Shop 2 Extra Large Cod Fillets300g,£4.75,£15.83 per kg,
Young's Chip Shop 2 Extra Large Fillets In Salt & Vinegar Batter,Young's Chip Shop 2 Extra Large Fille…300g,£3.25,£1.08 per 100g,
Young's Chip Shop 2 Extra Large Fish Cakes,Young's Chip Shop 2 Extra Large Fish Cakes210g,£1.50,£7.14 per kg,"Offer price £1.50, was £2.25"
Young's Chip Shop 4 Cod Fillets,Young's Chip Shop 4 Cod Fillets400g,£4,£10.00 per kg,"Offer price £4, was £4.95"
Young's Chip Shop 4 Haddock Fillets,Young's Chip Shop 4 Haddock Fillets400g,£4,£10.00 per kg,"Offer price £4, was £5.25"
Young's Chip Shop Omega 3 Fish Fillets ,Young's Chip Shop Omega 3 Fish Fillets 400g,£3.75,£9.38 per kg,
Young's Family Pack Chip Shop Scampi In Bubbly Batter ,Young's Family Pack Chip Shop S…400g,£4.55,£11.38 per kg,
Young's Gastro 2 Sicilian Lemon & Black Pepper Sole Fillets ,Young's Gastro 2 Sicilian Lemon & B…280g,£4.50,£16.07 per kg,
Young's Gastro 2 Sicilian Lemon & Parsley Cod Fillets,Young's Gastro 2 Sicilian Lem…270g,£4.50,£16.67 per kg,
Young'S Gastro 2 Smoked Haddock & Cheddar,Young'S Gastro 2 Smoked Haddock & Cheddar270g,£3.95,£14.63 per kg,
Young's Gastro Fish Bakes 2 Cheese & Leek Chunky Fish Portions ,Young's Gastro Fish Bakes 2 Cheese &…340g,£3.50,£10.29 per kg,
Young's Gastro Fish Bakes 2 Mediterranean Tomato Chunky Portions ,Young's Gastro Fish Bakes 2 Mediterra…340g,£3.50,£10.29 per kg,
Young's Gastro Lightly Dusted 2 Sea Salt & Black Pepper Basa Fillets,Young's Gastro Lightly Dusted 2 Sea Sal…310g,£3,£9.68 per kg,"Offer price £3, was £4"
Young's Gastro Signature Breaded 8 Chunky Fish Fingers,Young's Gastro Signature Breade…320g,£2.50,78.2p per 100g,"Offer price £2.50, was £3"
Young's Gastro Signature Breaded 8 Chunky Haddock Fish Fingers 320G,Young's Gastro Signature Br…320g,£4.25,£1.33 per 100g,
Young's Gastro Tempura Battered 2 Lemon & Herb Basa Fillets,Young's Gastro Tempura Battered 2…310g,£3,£9.68 per kg,"Offer price £3, was £4"
Young's Gastro Tempura Battered 8 Chunky Cod Fish Fingers ,Young's Gastro Tempura Battered 8…320g,£4.25,£13.28 per kg,
Young's Gastro Tempura Battered 8 Chunky Fish Fingers,Young's Gastro Tempura Batter…320g,£2.50,78.2p per 100g,"Offer price £2.50, was £3"
Youngs Gastro Tempura Fish,Youngs Gastro Tempura Fish270g,£4.75,£17.59 per kg,
Young's Gastro Wholetail Scampi ,Young's Gastro Wholetail Scampi 220g,£6,£2.73 per 100g,
Young'S Light 2 Large Cod Fillet ,Young'S Light 2 Large Cod Fillet 220g,£3,£13.64 per kg,
Young's Popcorn Scampi Bites,Young's Popcorn Scampi Bites190g,£1,£5.26 per kg,"Offer price £1, was £1.49"
Young's Salmon Fillet Dinner,Young's Salmon Fillet Dinner380g,£2.75,£7.24 per kg,
Young's Scampi ,Young's Scampi 400g,£4.50,£11.25 per kg,
Youngs Scottish Kipper Fillets,Youngs Scottish Kipper Fillets170g,£1.59,£9.35 per kg,
