name,Price Per Unit,Price Per Measure,Promotion
Morrisons Tomato Puree,Morrisons Tomato Puree200g,59p,£2.95 per kg,"Offer price 59p, was 79p"
Morrisons British Whole Chicken ,Morrisons Briti…1.4kg,£4.25,£3.04 per kg,Buy 3 for £10
Morrisons Chicken Breast Fillet ,Morrisons Chick…630g,£4.99,£7.92 per kg,
Morrisons Pears ,Morrisons Pears 1.2kg,£1.99,£1.66 per kg,
Morrisons Raspberries,Morrisons Raspberries250g,£2.99,£1.20 per 100g,
Savers Cherry Tomatoes,Savers Cherry Tomatoes250g,65p,26p per 100g,
Albert Bartlett Rooster Potatoes ,Albert Bartlett Rooster Potatoes 2kg,£2.25,£1.13 per kg,
Bistro Salad,Bistro Salad160g,£1.19,74.4p per 100g,
Carrot & Broccoli Florets,Carrot & Broccoli Florets320g,£1.49,46.6p per 100g,
Del Monte Cantaloupe Melon,Del Monte Cantaloupe Melon300g,£2.49,83p per 100g,
Del Monte Melon & Grape ,Del Monte Melon & Grape 320g,£2.49,77.8p per 100g,
Fyffes Pineapple,Fyffes Pineapple,99p,,
Genuine Coconut Organic Drinking Coconut,Genuine Coconut Organic Drinking Coconut,£1.99,,
Good 4 U Lentil & Sprout Mix,Good 4 U Lentil & Sprout Mix180g,£1.20,66.7p per 100g,
Good 4 U Super Sprouts,Good 4 U Super Sprouts60g,£1.20,£2.00 per 100g,
Linwoods Cold Flaxseed ,Linwoods Cold Flaxseed 200g,£2.50,£1.25 per 100g,
Linwoods Flaxseed & Chai Seeds,Linwoods Flaxseed & Chai Seeds200g,£3,£1.50 per 100g,
Love Me Tender Fruit Platter,Love Me Tender Fruit Platter350g,£2.99,85.4p per 100g,
Love Me Tender Mango And Watermelon,Love Me Tender Mango And Watermelon230g,£2.25,97.8p per 100g,
Love Me Tender Mango Fingers,Love Me Tender Mango Fingers410g,£3.25,79.3p per 100g,
Love Me Tender Melon Pineapple And Mango,Love Me Tender Melon Pineapple And Mango240g,£2.25,93.8p per 100g,
"Love Me Tender Pineapple, Apple & Grape","Love Me Tender Pineapple, Apple & Grape280g",£2.25,80.4p per 100g,
Morrisons 2 Sweetcorn Cobs             ,Morrisons 2 Sweetcorn Cobs             2 per pack,£1.39,69.5p each,Buy 2 for £2.50
Morrisons Almonds,Morrisons Almonds200g,£2.49,£1.25 per 100g,Buy 2 for £4
Morrisons Almonds          ,Morrisons Almonds          60g,99p,£1.65 per 100g,Buy 2 for £1.50
Morrisons Asparagus Bundle,Morrisons Asparagus Bundle,£2.99,,
Morrisons Baby Corn ,Morrisons Baby Corn 125g,£1.39,£11.12 per kg,Buy 2 for £2.50
Morrisons Baby Leaf Salad,Morrisons Baby Leaf Salad90g,85p,94.4p per 100g,
Morrisons Baby Leaf Salad,Morrisons Baby Leaf Salad60g,89p,£1.48 per 100g,Buy 2 for £1
Morrisons Baby Pearl Potatoes ,Morrisons Baby Pearl Potatoes 500g,99p,£1.98 per kg,"Offer price 99p, was £1.15"
Morrisons Baby Plum Tomatoes ,Morrisons Baby Plum Tomatoes 250g,89p,35.6p per 100g,
Morrisons Baby Portobello Mushrooms ,Morrisons Baby Portobello Mushrooms 200g,£1.19,£5.95 per kg,
Morrisons Baby Potatoes ,Morrisons Baby Potatoes 1kg,£1.19,£1.19 per kg,
Morrisons Baby Spinach ,Morrisons Baby Spinach 160g,99p,61.9p per 100g,
Morrisons Baking Potatoes ,Morrisons Baking Potatoes 4 per pack,62p,15.5p each,"Offer price 62p, was 69p"
Morrisons Baking Potatoes,Morrisons Baking Potatoes2.5kg,£1.59,63.6p per kg,"Offer price £1.59, was £1.99"
Morrisons Balsamic Dressing ,Morrisons Balsamic Dressing 175ml,£1.39,79.4p per 100ml,
Morrisons Beansprouts,Morrisons Beansprouts300g,99p,33p per 100g,
Morrisons Beautifully Wonky Courgette,Morrisons Beautifully Wonky Courgette,£2.25,,
"Morrisons Beetroot, Baby Spinach & Baby Kale Salad","Morrisons Beetroot, Baby Sp…100g",99p,99p per 100g,
Morrisons  Berry Medley ,Morrisons  Berry Medley 220g,£2.25,£10.23 per kg,
Morrisons Berry Selection,Morrisons Berry Selection300g,£3.15,£10.50 per kg,
Morrisons  Bistro Salad,Morrisons  Bistro Salad160g,99p,61.9p per 100g,"Offer price 99p, was £1.19"
Morrisons Bistro Salad With French Dressing ,Morrisons Bistro Salad With French Dressing 165g,£1.49,90.3p per 100g,
Morrisons Blackbean Stir Fry Sauce,Morrisons Blackbean Stir Fry Sauce170g,£1.09,64.1p per 100g,Buy 3 for £2.50
Morrisons Blackberries,Morrisons Blackberries150g,£2.29,£15.27 per kg,
Morrisons Bloom Bouquet,Morrisons Bloom Bouquet,£9.99,,
Morrisons Blueberries ,Morrisons Blueberries 300g,£3.19,£1.06 per 100g,
Morrisons Blueberries ,Morrisons Blueberries 150g,£2.15,£14.33 per kg,Buy 3 for the Price of 2
Morrisons  Blueberries ,Morrisons  Blueberries 450g,£3.99,£8.87 per kg,
Morrisons Braeburn Apples,Morrisons Braeburn Apples6 per pack,£1.69,28.2p each,
Morrisons Bramley Apples (minimum 3),Morrisons Bramley Apples (minimum 3)3 per pack,£1.99,66.3p each,
Morrisons Brazil Nuts,Morrisons Brazil Nuts60g,99p,£1.65 per 100g,Buy 2 for £1.50
Morrisons Brazil Nuts ,Morrisons Brazil Nuts 175g,£2.49,£14.23 per kg,Buy 2 for £4
Morrisons British Apples,Morrisons British Apples6 per pack,£1.69,28.2p each,
Morrisons British Apples & Pears (Minimum 7),Morrisons British Apples & Pears (Minimum 7),£2.79,,
Morrisons British Strawberries,Morrisons British Strawberries227g,£2.29,£1.01 per 100g,
Morrisons Broccoli,Morrisons Broccoli350g,69p,£1.97 per kg,
Morrisons Broccoli & Cauliflower Florets ,Morrisons Broccoli & Cauliflower Florets 375g,£1.59,£4.24 per kg,
Morrisons Broccoli Florets,Morrisons Broccoli Florets160g,£1.29,80.6p per 100g,
Morrisons Brown Onions ,Morrisons Brown Onions 4 per pack,£1.29,32.3p each,
Morrisons Brown Onions ,Morrisons Brown Onions 1kg,99p,99p per kg,
Morrisons Brussel Sprouts ,Morrisons Brussel Sprouts 300g,£1.49,£4.97 per kg,
Morrisons Bunched Beetroot,Morrisons Bunched Beetroot,£1.79,,
Morrisons Bunched Coriander,Morrisons Bunched Coriander100g,£1.39,13.9p per 10g,
Morrisons Butterhead Salad,Morrisons Butterhead Salad80g,99p,£1.24 per 100g,
Morrisons Butternut Squash,Morrisons Butternut Squash,£1.35,,
Morrisons Button Mushrooms,Morrisons Button Mushrooms200g,£1.19,£5.95 per kg,
Morrisons Caesar Dressing ,Morrisons Caesar Dressing 175ml,£1.39,79.4p per 100ml,
Morrisons Caesar Salad,Morrisons Caesar Salad200g,£1.49,74.5p per 100g,
Morrisons Carrot & Broccoli Florets,Morrisons Carrot & Broccoli Florets375g,£1.49,39.7p per 100g,
Morrisons Carrot & Peas,Morrisons Carrot & Peas300g,£1.09,36.3p per 100g,
Morrisons Carrot & Swede Mash ,Morrisons Carrot & Swede Mash 400g,£1.39,£3.48 per kg,
"Morrisons Carrot, Broccoli & Brussels Sprouts","Morrisons Carrot, Broccoli & Brussels Sprouts300g",£1.49,49.7p per 100g,
"Morrisons Carrot, Broccoli & Cauliflower","Morrisons Carrot, Broccoli & Cauliflower250g",99p,£3.96 per kg,
Morrisons Carrot Batons ,Morrisons Carrot Batons 325g,89p,£2.74 per kg,
Morrisons Carrots ,Morrisons Carrots 500g,30p,60p per kg,"Offer price 30p, was 35p"
Morrisons Carrots ,Morrisons Carrots 1kg,19p,19p per kg,"Offer price 19p, was 50p"
Morrisons Cashew Nuts,Morrisons Cashew Nuts250g,£4,£1.60 per 100g,
Morrisons Cashews,Morrisons Cashews180g,£2.49,£13.83 per kg,Buy 2 for £4
Morrisons Casserole Vegetables,Morrisons Casserole Vegetables600g,£1.49,24.8p per 100g,
Morrisons Celeriac ,Morrisons Celeriac 900g,£1.32,£1.47 per kg,
Morrisons Celery ,Morrisons Celery ,57p,,"Offer price 57p, was 65p"
Morrisons Celery Sticks,Morrisons Celery Sticks250g,85p,£3.40 per kg,
Morrisons Chantenay Carrots,Morrisons Chantenay Carrots500g,99p,£1.98 per kg,
Morrisons Cherries,Morrisons Cherries200g,£2.15,£10.75 per kg,
Morrisons Cherry Tomatoes  ,Morrisons Cherry Tomatoes  420g,£1.25,£2.98 per kg,
Morrisons Chestnut Mushrooms ,Morrisons Chestnut Mushrooms 250g,£1.19,£4.76 per kg,
Morrisons Chia Seeds ,Morrisons Chia Seeds 150g,£1.49,99.3p per 100g,
"Morrisons Chicken, Bacon And Sweet Corn Pasta Salad","Morrisons Chicken, Bacon And…260g",£1.99,76.5p per 100g,
Morrisons Chicory ,Morrisons Chicory 2 per pack,£1.49,74.5p each,
Morrisons Chinese Leaf ,Morrisons Chinese Leaf ,£1.35,,
Morrisons Chinese Stir Fry,Morrisons Chinese Stir Fry300g,£1.49,49.7p per 100g,Buy 3 for £2.50
Morrisons Chopped Iceberg Lettuce,Morrisons Chopped Iceberg Lettuce200g,99p,49.5p per 100g,
Morrisons Chow Mein Stir Fry Sauce,Morrisons Chow Mein Stir Fry Sauce170g,£1.09,64.1p per 100g,Buy 3 for £2.50
Morrisons Classic Fruit Salad,Morrisons Classic Fruit Salad220g,£2.25,£1.02 per 100g,
Morrisons Closed Cup Mushrooms ,Morrisons Closed Cup Mushrooms 300g,94p,£3.13 per kg,
Morrisons Colcannon Mash,Morrisons Colcannon Mash400g,99p,£2.48 per kg,
Morrisons Conference Pears,Morrisons Conference Pears4 per pack,£1.59,39.8p each,
Morrisons Corn Cobettes ,Morrisons Corn Cobettes 4 per pack,£1.39,34.8p each,Buy 2 for £2.50
Morrisons Counted Caesar Dressing ,Morrisons Counted Caesar Dressing 175ml,£1.39,79.4p per 100ml,
Morrisons Courgettes (min 2 pack),Morrisons Courgettes (min 2 pack),£1.39,,
Morrisons Cripps Red Apples,Morrisons Cripps Red Apples6 per pack,£1.99,33.2p each,
Morrisons Crispy Leaf Mix,Morrisons Crispy Leaf Mix200g,99p,49.5p per 100g,Italian Meal Deal For £8
Morrisons Crispy Potato Slices ,Morrisons Crispy Potato Slices 300g,£1.99,66.3p per 100g,Easy Chicken Dinner Meal Deal for £7
Morrisons Crispy Salad,Morrisons Crispy Salad70g,89p,£1.27 per 100g,Buy 2 for £1
Morrisons Crunchy Slaw Kit,Morrisons Crunchy Slaw Kit300g,£1.39,46.3p per 100g,
Morrisons Cucumber ,Morrisons Cucumber ,75p,,
Morrisons Dessert Apples ,Morrisons Dessert Apples 1.8kg,£2.99,£1.66 per kg,
Morrisons Diced Swede & Carrot ,Morrisons Diced Swede & Carrot 450g,99p,£2.20 per kg,
Morrisons Diced White Onion,Morrisons Diced White Onion400g,99p,24.8p per 100g,
Morrisons Diva Bouquet,Morrisons Diva Bouquet,£11,,
Morrisons Edamame & Broccoli Stir Fry,Morrisons Edamame & Broccoli Stir Fry270g,£1.49,55.2p per 100g,Buy 3 for £2.50
Morrisons Egg Noodles,Morrisons Egg Noodles275g,£1.49,54.2p per 100g,Buy 3 for £2.50
Morrisons Fennel ,Morrisons Fennel 250g,£1.25,£5.00 per kg,
Morrisons Figs,Morrisons Figs4 per pack,£1.99,49.8p each,
Morrisons Flat Parsley,Morrisons Flat Parsley100g,£1.39,£1.39 per 100g,
Morrisons Flax Seeds ,Morrisons Flax Seeds 150g,99p,66p per 100g,
Morrisons French Dressing,Morrisons French Dressing175ml,£1.39,79.4p per 100ml,
Morrisons Fresh Basil,Morrisons Fresh Basil30g,89p,29.7p per 10g,"Offer price 89p, was 99p"
Morrisons Fresh Chives,Morrisons Fresh Chives20g,99p,49.5p per 10g,
Morrisons Fresh Curly Parsley,Morrisons Fresh Curly Parsley30g,99p,33p per 10g,
Morrisons Fresh Dill,Morrisons Fresh Dill20g,99p,49.5p per 10g,
Morrisons Fresh Mint,Morrisons Fresh Mint30g,89p,29.7p per 10g,"Offer price 89p, was 99p"
Morrisons Fresh Rosemary ,Morrisons Fresh Rosemary 20g,89p,£4.45 per 100g,"Offer price 89p, was 99p"
Morrisons Fresh Sage,Morrisons Fresh Sage20g,99p,£49.50 per kg,
Morrisons Fresh Thyme,Morrisons Fresh Thyme20g,89p,44.5p per 10g,"Offer price 89p, was 99p"
Morrisons Garlic & Herb Dressing,Morrisons Garlic & Herb Dressing175ml,£1.39,79.4p per 100ml,
Morrisons Garlic Pack,Morrisons Garlic Pack4 per pack,99p,24.8p each,
Morrisons Garlic Stuffed Mushrooms,Morrisons Garlic Stuffed Mushrooms200g,£1.99,99.5p per 100g,
Morrisons Giant Garlic,Morrisons Giant Garlic,75p,,
Morrisons Ginger,Morrisons Ginger125g,£1.09,£8.72 per kg,
Morrisons Golden Delicious Apples ,Morrisons Golden Delicious Apples 6 per pack,£1.69,28.2p each,
Morrisons Granny Smith Apples,Morrisons Granny Smith Apples6 per pack,£1.69,28.2p each,
Morrisons Green Grapes,Morrisons Green Grapes170g,£1.15,67.6p per 100g,
Morrisons Hazelnuts,Morrisons Hazelnuts200g,£2.49,£1.25 per 100g,Buy 2 for £4
Morrisons Herb Dressed New Potatoes ,Morrisons Herb Dressed New Potatoes 300g,£2.20,£7.33 per kg,
Morrisons Herby Baby Potatoes,Morrisons Herby Baby Potatoes360g,£1.09,£3.03 per kg,
Morrisons Honey & Mustard Dressing ,Morrisons Honey & Mustard Dressing 175ml,£1.39,79.4p per 100ml,
Morrisons House Salad Bowl ,Morrisons House Salad Bowl 145g,£1.29,89p per 100g,
Morrisons Iceberg Lettuce,Morrisons Iceberg Lettuce,65p,,"Offer price 65p, was 69p"
Morrisons Italian Style Salad,Morrisons Italian Style Salad80g,99p,£1.24 per 100g,Italian Meal Deal For £8
Morrisons Jazz Apple,Morrisons Jazz Apple6 per pack,£1.59,26.5p each,"Offer price £1.59, was £1.89"
Morrisons Jumbo Salad Onions ,Morrisons Jumbo Salad Onions 110g,99p,£9.00 per kg,
Morrisons Just For Kids Mini Raisins ,Morrisons Just For Kids Mini Raisins 10 x 14g,99p,70.7p per 100g,Buy 2 for £1.50
Morrisons Katsu Style Stir Fry Sauce,Morrisons Katsu Style Stir Fry Sauce170g,£1.09,64.1p per 100g,Buy 3 for £2.50
Morrisons Kiwi,Morrisons Kiwi6 per pack,99p,16.5p each,
"Morrisons Kiwi, Melon & Strawberry","Morrisons Kiwi, Melon & Strawberry210g",£2.25,£10.71 per kg,
Morrisons Korean Style Sauce,Morrisons Korean Style Sauce170g,£1.09,64.1p per 100g,Buy 3 for £2.50
Morrisons Large Flat Mushrooms ,Morrisons Large Flat Mushrooms 250g,£1.19,£4.76 per kg,
Morrisons Large Mild Brown Onions ,Morrisons Large Mild Brown Onions 3 per pack,£1.69,56.3p each,
Morrisons Large Oranges,Morrisons Large Oranges4 per pack,£2.15,53.8p each,
Morrisons Lemongrass ,Morrisons Lemongrass 2 per pack,75p,37.5p each,
Morrisons Limes,Morrisons Limes4 per pack,99p,24.8p each,
Morrisons Little Gem Lettuce ,Morrisons Little Gem Lettuce 2 per pack,85p,42.5p each,"Offer price 85p, was 99p"
Morrisons Little Kitchen Kids Raisins & Strawberries,Morrisons Little Kitchen Kids…6 x 14g,99p,£1.18 per 100g,Buy 2 for £1.50
Morrisons Living Flat Leaf Parsley,Morrisons Living Flat Leaf Parsley,£1.49,,
Morrisons Living Mint,Morrisons Living Mint,£1.49,,
Morrisons Loose Coconut,Morrisons Loose Coconut,89p,,
Morrisons Loose Green Pepper ,Morrisons Loose Green Pepper ,49p,,
Morrisons Loose Orange Pepper,Morrisons Loose Orange Pepper,49p,,
Morrisons Loose Pomegranate,Morrisons Loose Pomegranate,£1.25,,
Morrisons Loose Red Grapefruit,Morrisons Loose Red Grapefruit,55p,,
Morrisons Loose Red Pepper ,Morrisons Loose Red Pepper ,49p,,
Morrisons Loose Yellow Pepper ,Morrisons Loose Yellow Pepper ,49p,,
Morrisons Mango ,Morrisons Mango 240g,£2.25,93.8p per 100g,
Morrisons Maris Piper Potatoes,Morrisons Maris Piper Potatoes2.5kg,£1.59,63.6p per kg,
Morrisons Market St Living Basil,Morrisons Market St Living Basil,£1.49,,
Morrisons Market St Living Chives,Morrisons Market St Living Chives,£1.49,,
Morrisons Market St Living Coriander,Morrisons Market St Living Coriander,£1.49,,
Morrisons Market St Living Dill,Morrisons Market St Living Dill,£1.49,,
Morrisons Market St Living Thyme,Morrisons Market St Living Thyme,£1.49,,
Morrisons Market Street Large Cucumber,Morrisons Market Street Large Cucumber,99p,,
Morrisons Mashed Potato,Morrisons Mashed Potato400g,99p,24.8p per 100g,
Morrisons Mediterranean Style Vegetables ,Morrisons Mediterranean Style Vegetables 400g,£1.79,£4.48 per kg,Easy Chicken Dinner Meal Deal for £7
Morrisons Medium Cauliflower ,Morrisons Medium Cauliflower ,99p,,
Morrisons Mini Cucumbers,Morrisons Mini Cucumbers200g,99p,£4.95 per kg,
Morrisons Mixed Chillies ,Morrisons Mixed Chillies 50g,69p,£13.80 per kg,
Morrisons Mixed Leaf,Morrisons Mixed Leaf100g,99p,99p per 100g,
Morrisons Mixed Nuts,Morrisons Mixed Nuts180g,£2.25,£12.50 per kg,Buy 2 for £4
Morrisons Mixed Pepper Stir Fry,Morrisons Mixed Pepper Stir Fry300g,£1.49,49.7p per 100g,Buy 3 for £2.50
Morrisons Mixed Radish,Morrisons Mixed Radish200g,79p,£3.95 per kg,
Morrisons Mulberry Bouquet,Morrisons Mulberry Bouquet,£5.99,,
Morrisons Mushroom Stir Fry,Morrisons Mushroom Stir Fry300g,£1.49,49.7p per 100g,Buy 3 for £2.50
Morrisons Natural Cooked Beetroot ,Morrisons Natural Cooked Beetroot 300g,85p,£2.83 per kg,
Morrisons Nectarines ,Morrisons Nectarines 4 per pack,£1.79,44.8p each,
Morrisons Olive Oil & Sea Salt Croutons ,Morrisons Olive Oil & Sea Salt Croutons 95g,£1,£1.05 per 100g,
Morrisons Onions ,Morrisons Onions 4kg,£2.99,74.8p per kg,
Morrisons Oranges,Morrisons Oranges5 per pack,£1.49,29.8p each,Buy 3 for the Price of 2
Morrisons Organic Blueberries ,Morrisons Organic Blueberries 125g,£2.29,£1.83 per 100g,Organic Berries - Buy 2 For £4
Morrisons Organic Broccoli,Morrisons Organic Broccoli300g,99p,£3.30 per kg,
Morrisons Organic Brown Onions,Morrisons Organic Brown Onions500g,99p,£1.98 per kg,
Morrisons Organic Carrots,Morrisons Organic Carrots600g,99p,£1.65 per kg,
Morrisons Organic Celery ,Morrisons Organic Celery ,£1.19,,
Morrisons Organic Courgettes ,Morrisons Organic Courgettes 2 per pack,£1.79,89.5p each,
Morrisons Organic Cucumber ,Morrisons Organic Cucumber ,£1.19,,
Morrisons Organic Fairtrade Bananas ,Morrisons Organic Fairtrade Bananas 5 per pack,£1.29,25.8p each,
Morrisons Organic Gala Apples ,Morrisons Organic Gala Apples 4 per pack,£1.99,49.8p each,
Morrisons Organic Garlic,Morrisons Organic Garlic3 per pack,99p,33p each,
Morrisons Organic Leeks ,Morrisons Organic Leeks 400g,£1.79,£4.48 per kg,
Morrisons Organic Lemons,Morrisons Organic Lemons3 per pack,£1.75,58.3p each,
Morrisons Organic Medium Cauliflower ,Morrisons Organic Medium Cauliflower ,£1.79,,
Morrisons Organic Mushrooms ,Morrisons Organic Mushrooms 250g,£1.19,£4.76 per kg,
Morrisons Organic Oranges ,Morrisons Organic Oranges 4 per pack,£1.99,49.8p each,
Morrisons Organic Pears,Morrisons Organic Pears3 per pack,£1.99,66.3p each,
Morrisons Organic Potatoes ,Morrisons Organic Potatoes 1.5kg,£1.65,£1.10 per kg,
Morrisons Organic Salad Potatoes ,Morrisons Organic Salad Potatoes 750g,£1.19,£1.59 per kg,
Morrisons Organic Spinach,Morrisons Organic Spinach100g,£1.49,£1.49 per 100g,
Morrisons Organic Spring Onions ,Morrisons Organic Spring Onions 120g,99p,£8.25 per kg,
Morrisons Organic Strawberries ,Morrisons Organic Strawberries 225g,£2.69,£1.20 per 100g,Organic Berries - Buy 2 For £4
 Morrisons Organic Twin Peppers , Morrisons Organic Twin Peppers 2 per pack,£1.59,79.5p each,
Morrisons Outdoor Daffodils,Morrisons Outdoor Daffodils,£1,,
Morrisons Pak Choi,Morrisons Pak Choi200g,£1.09,£5.45 per kg,
Morrisons Papaya,Morrisons Papaya,£1.79,,
Morrisons Parsnips ,Morrisons Parsnips 500g,19p,38p per kg,"Offer price 19p, was 69p"
Morrisons Passion Fruit,Morrisons Passion Fruit3 per pack,£1.25,41.7p each,
Morrisons Pears ,Morrisons Pears 1.2kg,£1.99,£1.66 per kg,
Morrisons Pea Shoots,Morrisons Pea Shoots60g,£1.19,£1.98 per 100g,
Morrisons Pecans,Morrisons Pecans175g,£2.49,£14.23 per kg,Buy 2 for £4
Morrisons Peeled Maris Piper Potatoes,Morrisons Peeled Maris Piper Potatoes600g,99p,16.5p per 100g,
Morrisons Peeled Sprouts,Morrisons Peeled Sprouts200g,£1.49,£7.45 per kg,
Morrisons Physalis ,Morrisons Physalis 100g,99p,£9.90 per kg,
Morrisons Pickled Beetroot ,Morrisons Pickled Beetroot 250g,79p,£3.16 per kg,
Morrisons Pineapple ,Morrisons Pineapple 300g,£2.25,75p per 100g,
Morrisons Pineapple ,Morrisons Pineapple 130g,99p,76.2p per 100g,
Morrisons Pineapple Fingers,Morrisons Pineapple Fingers500g,£2.99,59.8p per 100g,
Morrisons Pineapple Snack Bag ,Morrisons Pineapple Snack Bag 70g,49p,70p per 100g,Buy 3 for £1
Morrisons Pine Nuts ,Morrisons Pine Nuts 100g,£3.75,£3.75 per 100g,
Morrisons Pink Lady Apples,Morrisons Pink Lady Apples4 per pack,£2.15,53.8p each,Buy 3 for the Price of 2
Morrisons Pistachios,Morrisons Pistachios175g,£2.49,£14.23 per kg,Buy 2 for £4
Morrisons Plum Punnet,Morrisons Plum Punnet1kg,£2.19,£2.19 per kg,
Morrisons Plums,Morrisons Plums400g,99p,£2.48 per kg,
Morrisons Pomegranate,Morrisons Pomegranate80g,£1.15,£1.44 per 100g,
Morrisons Pomegranate,Morrisons Pomegranate200g,£2.25,£1.13 per 100g,
Morrisons  Potato & Egg Salad,Morrisons  Potato & Egg Salad275g,£1.99,72.4p per 100g,
Morrisons Potato Croquettes ,Morrisons Potato Croquettes 250g,£1.99,£7.96 per kg,
Morrisons Potato Wedges,Morrisons Potato Wedges500g,£1.49,29.8p per 100g,
Morrisons Protein Noodles,Morrisons Protein Noodles275g,£1.49,54.2p per 100g,Buy 3 for £2.50
Morrisons Prunes,Morrisons Prunes250g,£1.99,79.6p per 100g,
Morrisons Pumpkin Seeds,Morrisons Pumpkin Seeds150g,99p,66p per 100g,
Morrisons Purple Aubergine,Morrisons Purple Aubergine,85p,,
Morrisons Radish ,Morrisons Radish 200g,59p,£2.95 per kg,
Morrisons Rainbow Dyed Lilies,Morrisons Rainbow Dyed Lilies,£6.99,,
Morrisons Rainbow Roses,Morrisons Rainbow Roses,£9.99,,
Morrisons Raspberries ,Morrisons Raspberries 150g,£2.15,£14.33 per kg,Buy 3 for the Price of 2
Morrisons Raspberries,Morrisons Raspberries250g,£2.99,£1.20 per 100g,
Morrisons Ready To Eat Avocado,Morrisons Ready To Eat Avocado,99p,,
Morrisons Ready to Eat Avocados Min,Morrisons Ready to Eat Avocados Min2 per pack,£1.69,84.5p each,
Morrisons Ready To Eat Corn on the Cob ,Morrisons Ready To Eat Corn on the Cob 2 per pack,£1.75,87.5p each,
Morrisons Ready To Eat Kiwi Fruit,Morrisons Ready To Eat Kiwi Fruit4 per pack,£1.19,29.8p each,"Offer price £1.19, was £1.49"
Morrisons Ready To Eat Loose Mango,Morrisons Ready To Eat Loose Mango,85p,,
Morrisons Ready To Eat Plums,Morrisons Ready To Eat Plums,£1.79,,
Morrisons Ready To Eat Qtee Pears ,Morrisons Ready To Eat Qtee Pears 4 per pack,£1.79,44.8p each,
Morrisons Ready To Eat White Flesh Nectarines,Morrisons Ready To Eat White Flesh Nectarines4 per pack,£2.25,56.3p each,
Morrisons Ready to Eat Yellow Flesh Nectarines,Morrisons Ready to Eat Yellow Flesh Nectarines4 per pack,£2.25,56.3p each,
Morrisons Red Cabbage 450-1350g,Morrisons Red Cabbage 450-1350g,65p,,
Morrisons Red Chillies ,Morrisons Red Chillies 50g,59p,£11.80 per kg,
Morrisons Red Grapes ,Morrisons Red Grapes 170g,£1.15,67.6p per 100g,
Morrisons Red Onions ,Morrisons Red Onions 1kg,99p,99p per kg,
Morrisons Red Peppers,Morrisons Red Peppers3 per pack,£1.80,60p each,
Morrisons Red Potatoes ,Morrisons Red Potatoes 2.5kg,£1.89,75.6p per kg,
Morrisons Redskin Peanuts   ,Morrisons Redskin Peanuts   400g,£1.59,39.8p per 100g,Buy 2 for £2.50
Morrisons Rhubarb ,Morrisons Rhubarb 400g,£2.69,£6.73 per kg,
Morrisons Rice Noodles,Morrisons Rice Noodles225g,£1.49,66.2p per 100g,Buy 3 for £2.50
Morrisons Ripe & Ready Conference Pears,Morrisons Ripe & Ready Conference Pears4 per pack,£1.89,47.3p each,Buy 3 for the Price of 2
Morrisons Ripe & Ready To Eat Mango,Morrisons Ripe & Ready To Eat Mango2 per pack,£1.69,84.5p each,
Morrisons Ripe And Ready Bananas,Morrisons Ripe And Ready Bananas5 per pack,99p,19.8p each,
Morrisons Ripen At Home Bananas,Morrisons Ripen At Home Bananas5 per pack,99p,19.8p each,
Morrisons Roasted & Salted Cashew & Peanuts,Morrisons Roasted & Salted Cashew & Peanuts65g,99p,£1.52 per 100g,Buy 2 for £1.50
Morrisons Roasted Monkey Nuts ,Morrisons Roasted Monkey Nuts 200g,99p,49.5p per 100g,Buy 2 for £1.50
Morrisons Rocket & Baby Leaf Salad,Morrisons Rocket & Baby Leaf Salad60g,89p,£1.48 per 100g,Buy 2 for £1
Morrisons Romaine Lettuce Hearts ,Morrisons Romaine Lettuce Hearts 2 per pack,£1.09,54.5p each,
Morrisons Round Lettuce ,Morrisons Round Lettuce ,58p,,"Offer price 58p, was 69p"
Morrisons Royal Gala Apples,Morrisons Royal Gala Apples6 per pack,£1.69,28.2p each,
Morrisons Salad Cress ,Morrisons Salad Cress ,39p,,
Morrisons Salad Onions (minimum 100g),Morrisons Salad Onions (minimum 100g),50p,,
Morrisons Salad Tomatoes,Morrisons Salad Tomatoes,99p,,
Morrisons Salted Pistachios,Morrisons Salted Pistachios260g,£3.15,£1.21 per 100g,
Morrisons Samphire,Morrisons Samphire70g,£1.25,£17.86 per kg,
Morrisons Savers Avocado,Morrisons Savers Avocado3 per pack,99p,33p each,
Morrisons Savers Easy Peelers,Morrisons Savers Easy Peelers600g,99p,16.5p per 100g,
Morrisons Savers Green Beans,Morrisons Savers Green Beans200g,77p,38.5p per 100g,
Morrisons Savers Salad Peppers,Morrisons Savers Salad Peppers3 per pack,£1.35,45p each,
Morrisons Savoy Cabbage,Morrisons Savoy Cabbage,19p,,"Offer price 19p, was 65p"
Morrisons Scotch Bonnet Chillies ,Morrisons Scotch Bonnet Chillies 50g,99p,£19.80 per kg,
Morrisons Seedless Black Grapes,Morrisons Seedless Black Grapes400g,£1.69,£4.23 per kg,"Offer price £1.69, was £1.99"
Morrisons Seedless Grape Selection,Morrisons Seedless Grape Selection800g,£2.75,£3.44 per kg,
Morrisons Seedless Grape Selection,Morrisons Seedless Grape Selection400g,£1.99,49.8p per 100g,Buy 3 for the Price of 2
Morrisons Seedless Green Grapes,Morrisons Seedless Green Grapes400g,£1.99,£4.98 per kg,Buy 3 for the Price of 2
Morrisons Seedless Red Grapes,Morrisons Seedless Red Grapes400g,£1.99,49.8p per 100g,Buy 3 for the Price of 2
Morrisons Shallots ,Morrisons Shallots 300g,99p,£3.30 per kg,
Morrisons Shredded Iceberg Lettuce,Morrisons Shredded Iceberg Lettuce80g,59p,73.8p per 100g,
Morrisons Singapore Rice Noodles,Morrisons Singapore Rice Noodles275g,£1.49,54.2p per 100g,Buy 3 for £2.50
Morrisons Sliced Curly Kale,Morrisons Sliced Curly Kale150g,79p,52.7p per 100g,
Morrisons Sliced Greens ,Morrisons Sliced Greens 300g,£1.29,£4.30 per kg,
Morrisons Sliced Leeks,Morrisons Sliced Leeks175g,99p,56.6p per 100g,
Morrisons Sliced Mushrooms ,Morrisons Sliced Mushrooms 250g,£1.19,£4.76 per kg,
Morrisons Small Sweet Apples,Morrisons Small Sweet Apples8 per pack,£1.45,18.1p each,
Morrisons Snack Apple & Grape Bag,Morrisons Snack Apple & Grape Bag80g,49p,61.3p per 100g,Buy 3 for £1
Morrisons Snack Apple Bag ,Morrisons Snack Apple Bag 80g,49p,61.3p per 100g,Buy 3 for £1
Morrisons Snack Size Bananas,Morrisons Snack Size Bananas6 per pack,99p,16.5p each,
Morrisons Soft Figs ,Morrisons Soft Figs 200g,£1.99,99.5p per 100g,
Morrisons Spinach,Morrisons Spinach450g,£2.25,50p per 100g,
Morrisons Spinach,Morrisons Spinach450g,£2.25,50p per 100g,
"Morrisons Spinach, Rocket & Ruby Red Chard","Morrisons Spinach, Rocket & Ruby Red Chard100g",99p,99p per 100g,"Offer price 99p, was £1.19"
Morrisons Spring Greens ,Morrisons Spring Greens 500g,79p,£1.58 per kg,
Morrisons Strawberries,Morrisons Strawberries350g,£2.29,£6.54 per kg,Buy 3 for the Price of 2
Morrisons Strawberries ,Morrisons Strawberries 600g,£2.99,49.8p per 100g,
"Morrisons Strawberry Mango, Raspberry & Apple ",Morrisons Strawberry Mang…210g,£2.25,£1.07 per 100g,
Morrisons Stringless Beans ,Morrisons Stringless Beans 180g,£1.39,£7.72 per kg,Buy 2 for £2.50
Morrisons Sugar Snap Peas ,Morrisons Sugar Snap Peas 150g,£1.39,£9.27 per kg,Buy 2 for £2.50
Morrisons Sunflower Seeds ,Morrisons Sunflower Seeds 150g,99p,66p per 100g,
Morrisons Sweet & Crispy Salad Bowl ,Morrisons Sweet & Crispy Salad Bowl 190g,£1.19,62.6p per 100g,
Morrisons Sweet & Crunchy Salad,Morrisons Sweet & Crunchy Salad160g,69p,43.1p per 100g,
Morrisons Sweet And Sour Stir Fry Sauce,Morrisons Sweet And Sour Stir Fry Sauce170g,£1.09,64.1p per 100g,Buy 3 for £2.50
Morrisons Sweet Chilli Stir Fry Sauce,Morrisons Sweet Chilli Stir Fry Sauce170g,£1.09,64.1p per 100g,Buy 3 for £2.50
Morrisons Sweetclem Easy Peelers,Morrisons Sweetclem Easy Peelers600g,£1.49,£2.48 per kg,Buy 3 for the Price of 2
Morrisons Sweetheart Cabbage,Morrisons Sweetheart Cabbage,62p,,
Morrisons Sweet Pears ,Morrisons Sweet Pears 4 per pack,99p,24.8p each,
Morrisons Sweet Potatoes ,Morrisons Sweet Potatoes 1kg,£1.09,£1.09 per kg,"Offer price £1.09, was £1.19"
Morrisons Sweet Potato Mash,Morrisons Sweet Potato Mash300g,£1.99,£6.63 per kg,
Morrisons Tangerines ,Morrisons Tangerines 600g,£1.49,£2.48 per kg,
Morrisons Tango Box ,Morrisons Tango Box 1kg,£2.99,£2.99 per kg,
Morrisons Teriyaki Stir Fry Sauce,Morrisons Teriyaki Stir Fry Sauce170g,£1.09,64.1p per 100g,Buy 3 for £2.50
Morrisons The Best Asparagus Tips,Morrisons The Best Asparagus Tips125g,£1.99,£1.59 per 100g,
Morrisons The Best Baking Potatoes ,Morrisons The Best Baking Potatoes 700g,£1.49,£2.13 per kg,
Morrisons The Best Blood Oranges,Morrisons The Best Blood Oranges4 per pack,£1.99,49.8p each,
Morrisons The Best Bloom And Rose,Morrisons The Best Bloom And Rose,£15,,
Morrisons The Best Blueberries,Morrisons The Best Blueberries150g,£2.49,£16.60 per kg,Buy 2 for £4
Morrisons The Best Chocolate & Fruit Nut Mix,Morrisons The Best Chocolate & Fruit Nut Mix225g,£2.99,£1.33 per 100g,
Morrisons The Best Kalettes,Morrisons The Best Kalettes200g,£1.29,64.5p per 100g,
Morrisons The Best Large Vine Tomatoes,Morrisons The Best Large Vine Tomatoes420g,£1.89,£4.50 per kg,
Morrisons The Best Loose Passion Fruit,Morrisons The Best Loose Passion Fruit,79p,,Buy 3 for £2
Morrisons The Best Mash Potatoes ,Morrisons The Best Mash Potatoes 450g,£1.99,£4.42 per kg,
Morrisons The Best  Medjool Dates ,Morrisons The Best  Medjool Dates 165g,£2.65,£1.61 per 100g,
Morrisons The Best Pears ,Morrisons The Best Pears 4 per pack,£1.99,49.8p each,
Morrisons The Best Pea Shoots Purple Raddish & Garlic Chives,Morrisons The Best Pea Shoots Purpl…60g,£1.49,£2.48 per 100g,
Morrisons The Best Piccolo Tomatoes ,Morrisons The Best Piccolo Tomatoes 220g,£1.79,£8.14 per kg,
Morrisons The Best Plums,Morrisons The Best Plums4 per pack,£1.99,49.8p each,
Morrisons The Best Raspberries ,Morrisons The Best Raspberries 150g,£2.49,£16.60 per kg,Buy 2 for £4
Morrisons The Best Roasted Almonds,Morrisons The Best Roasted Almonds60g,£1.25,£2.08 per 100g,Buy 2 for £2
Morrisons The Best Roasted Cashews ,Morrisons The Best Roasted Cashews 60g,£1.25,£2.08 per 100g,Buy 2 for £2
Morrisons The Best Roasted Cashews,Morrisons The Best Roasted Cashews150g,£2.65,£1.77 per 100g,
Morrisons The Best Roasted Nut Mix ,Morrisons The Best Roasted Nut Mix 180g,£2.99,£1.66 per 100g,
Morrisons The Best Salad Potatoes,Morrisons The Best Salad Potatoes750g,£1.39,£1.85 per kg,
Morrisons The Best Seedless Sable Grapes,Morrisons The Best Seedless Sable Grapes400g,£1.99,£4.98 per kg,
Morrisons The Best Shallots ,Morrisons The Best Shallots 300g,99p,£3.30 per kg,
Morrisons The Best Smitten Apples,Morrisons The Best Smitten Apples6 per pack,£1.99,33.2p each,
Morrisons The Best Strawberries,Morrisons The Best Strawberries227g,£2.75,£1.21 per 100g,Buy 2 for £4
Morrisons The Best Sugardrop Tomatoes,Morrisons The Best Sugardrop Tomatoes220g,£1.79,£8.14 per kg,
Morrisons The Best Sweet Baby Peppers,Morrisons The Best Sweet Baby Peppers250g,£1.89,75.6p per 100g,
Morrisons The Best Sweetclems With Leaf ,Morrisons The Best Sweetclems With Leaf 750g,£1.99,£2.65 per kg,
Morrisons The Best Sweet Fiery Baby Beetroot ,Morrisons The Best Sweet Fiery Baby Beetroot 150g,£1.49,£9.93 per kg,
Morrisons The Best Sweet Gem Lettuce ,Morrisons The Best Sweet Gem Lettuce 2 per pack,£1.39,69.5p each,
Morrisons The Best Sweet Juniper And Black Pepper Beetroot,Morrisons The Best Sweet Juniper…150g,£1.49,99.3p per 100g,
Morrisons The Best  Sweet Pointed Peppers ,Morrisons The Best  Sweet Pointed Peppers ,£1.35,,
Morrisons The Best Tenderstem Broccoli,Morrisons The Best Tenderstem Broccoli200g,£1.99,£9.95 per kg,
Morrisons The Best White Potatoes,Morrisons The Best White Potatoes2kg,99p,49.5p per kg,"Offer price 99p, was £1.99"
Morrisons The Best Woodland Mushrooms,Morrisons The Best Woodland Mushrooms150g,£1.49,£9.93 per kg,
Morrisons Trail Mix,Morrisons Trail Mix200g,£1.49,74.5p per 100g,
Morrisons Trimmed Beans ,Morrisons Trimmed Beans 170g,£1.39,£8.18 per kg,Buy 2 for £2.50
Morrisons Trimmed Leeks ,Morrisons Trimmed Leeks 500g,£1.29,£2.58 per kg,"Offer price £1.29, was £1.49"
Morrisons Trimmed Mangetout ,Morrisons Trimmed Mangetout 155g,£1.39,£8.97 per kg,Buy 2 for £2.50
Morrisons Trimmed Salad Onions ,Morrisons Trimmed Salad Onions 125g,89p,£7.12 per kg,
Morrisons Unwaxed Lemons ,Morrisons Unwaxed Lemons 4 per pack,£1.15,28.8p each,
Morrisons Vegetable Selection With Babycorn,Morrisons Vegetable Selection With Babycorn225g,£1.49,66.2p per 100g,
Morrisons Vegetable Soup Kit,Morrisons Vegetable Soup Kit500g,99p,£1.98 per kg,
Morrisons Vegetable Stir Fry,Morrisons Vegetable Stir Fry570g,£1.49,26.1p per 100g,
Morrisons Vibrant Bouquet,Morrisons Vibrant Bouquet,£5.99,,
Morrisons Vine Ripe Cherry Tomatoes ,Morrisons Vine Ripe Cherry Tomatoes 225g,£1.35,£6.00 per kg,
Morrisons Vine Ripened Large Tomatoes,Morrisons Vine Ripened Large Tomatoes,£1.49,,
Morrisons Vine Ripened Medium Tomatoes Minimum 7 ,Morrisons Vine Ripened Medi…,£1.39,,
Morrisons Walnuts,Morrisons Walnuts180g,£2.49,£13.83 per kg,Buy 2 for £4
Morrisons Watercress,Morrisons Watercress70g,£1.19,£1.70 per 100g,
"Morrisons Watercress, Spinach & Rocket","Morrisons Watercress, Spinach & Rocket60g",99p,£1.65 per 100g,
Morrisons Watermelon ,Morrisons Watermelon 300g,£2.25,75p per 100g,
Morrisons Watermelon Fans,Morrisons Watermelon Fans95g,49p,51.6p per 100g,Buy 3 for £1
Morrisons Watermelon Portion,Morrisons Watermelon Portion,£1.49,,
Morrisons Watermelon Wedges,Morrisons Watermelon Wedges550g,£2.99,54.4p per 100g,
Morrisons White Cabbage,Morrisons White Cabbage,65p,,
Morrisons  White Potatoes,Morrisons  White Potatoes2.5kg,£1.25,50p per kg,"Offer price £1.25, was £1.29"
Morrisons Whole Cantaloupe Melon ,Morrisons Whole Cantaloupe Melon ,£1.89,,
Morrisons Wholefoods Pumpkin Seeds ,Morrisons Wholefoods Pumpkin Seeds 300g,£3.29,£1.10 per 100g,
Morrisons Whole Galia Melon ,Morrisons Whole Galia Melon ,£1.89,,
Morrisons Whole Honeydew Melon,Morrisons Whole Honeydew Melon,£1.79,,
Morrisons Whole Swede ,Morrisons Whole Swede ,79p,,
Morrisons Whole Watermelon ,Morrisons Whole Watermelon ,£3.49,,
Morrisons Wild Rocket ,Morrisons Wild Rocket 60g,99p,£16.50 per kg,
Morrisons Winter Broth With Pearl Barley,Morrisons Winter Broth With Pearl Barley600g,£1.59,£2.65 per kg,
Morrisons Winter Fruit Bowl,Morrisons Winter Fruit Bowl400g,£2.99,74.8p per 100g,
Morrisons Wonky Apples Minimum,Morrisons Wonky Apples Minimum5 per pack,75p,15p each,
Morrisons Wonky Asparagus ,Morrisons Wonky Asparagus 150g,89p,£5.93 per kg,
Morrisons Wonky Berry Mix,Morrisons Wonky Berry Mix1kg,£2.99,£2.99 per kg,
Morrisons  Wonky Blueberries,Morrisons  Wonky Blueberries125g,99p,79.2p per 100g,
Morrisons Wonky Carrots,Morrisons Wonky Carrots1kg,40p,40p per kg,
Morrisons Wonky Dates,Morrisons Wonky Dates500g,£2.49,49.8p per 100g,
Morrisons Wonky Green Grapes ,Morrisons Wonky Green Grapes 500g,£1.49,£2.98 per kg,
Morrisons Wonky Lemons ,Morrisons Wonky Lemons 4 per pack,55p,13.8p each,
Morrisons Wonky Mixed Nuts ,Morrisons Wonky Mixed Nuts 200g,99p,£4.95 per kg,
Morrisons Wonky Onions,Morrisons Wonky Onions1kg,55p,55p per kg,
Morrisons Wonky Parsnips,Morrisons Wonky Parsnips500g,50p,£1.00 per kg,
Morrisons Wonky Pears (min 4),Morrisons Wonky Pears (min 4),70p,,
Morrisons Wonky Potatoes,Morrisons Wonky Potatoes2.5kg,£1.19,47.6p per kg,
Morrisons Wonky Potatoes,Morrisons Wonky Potatoes1kg,95p,95p per kg,
Morrisons Wonky Raspberries,Morrisons Wonky Raspberries150g,£1.79,£1.19 per 100g,
Morrisons Wonky Red Grapes ,Morrisons Wonky Red Grapes 500g,£1.49,£2.98 per kg,
Morrisons Wonky Ripen At Home Mangos ,Morrisons Wonky Ripen At Home Mangos 1kg,£1.99,£1.99 per kg,
Morrisons Wonky Strawberries,Morrisons Wonky Strawberries227g,£1.49,£6.56 per kg,
Morrisons Wonky Sweet Potatoes,Morrisons Wonky Sweet Potatoes500g,69p,£1.38 per kg,
Morrisons Yellow Plums Punnet,Morrisons Yellow Plums Punnet400g,£1.99,£4.98 per kg,
Savers Cherry Tomatoes,Savers Cherry Tomatoes250g,65p,26p per 100g,
Savers Oranges,Savers Oranges5 per pack,80p,16p each,
Soft Pitted Dates,Soft Pitted Dates200g,£1.99,99.5p per 100g,
