name,Price Per Unit,Price Per Measure,Promotion
Anadin Extra,Anadin Extra16 per pack,£1.80,11.3p each,"Offer price £1.80, was £2.19"
Canesten Thrush Combi Internal & External Cream,Canesten Thrush C…,£13.00,,
Centrum Immunity & Cell Protection Tablets,Centrum Immunit…60 per pack,£7.50,12.5p each,
"NiQuitin Clear Patch - Step 1 21mg, 14 Nicotine Patches - Stop Smoking Aid",NiQuitin Clear Patc…14 per pack,£20.00,£1.43 each,
Berocca Energy Food Supplement Orange Effervescent Tablets,Berocca Energ…15 per pack,£4.25,28.3p each,"Offer price £4.25, was £5"
Clarityn Allergy Tablets 10mg Loratadine Allergy and Hayfever Relief,Clarityn Allergy Tabl…30 per pack,£5.20,17.4p each,"Offer price £5.20, was £10.40"
Anadin Paracetamol      ,Anadin Paracetamol      16 per pack,£1.50,9.4p each,
Canescool Soothing Cream Gel,Canescool Soo…15g,£6.00,£40.00 per 100g,
Centrum Advance Tablets,Centrum A…30 per pack,£4.50,15p each,
"NiQuitin Clear Patch -Step 1 21mg, 7 Nicotine Patches - Stop Smoking Aid",NiQuitin Clear Patc…7 per pack,£14.00,£2.00 each,
Canestest Self-Test for Vaginal Infections,Canestest Self-Test for…,£7.50,,
Centrum Advance 50+ Multivitamins,Centrum Advance 5…30 per pack,£4.50,15p each,
Scholl Cracked Heel Cream,Scholl Cracked Heel Cream60ml,£5.00,£8.33 per 100ml,
CanesOasis Cystitis Relief 4g Granules for Oral Solution Cranberry Flavour,CanesOasis Cystitis…6 per pack,£5.65,94.2p each,
Rennie Sugar-Free Heartburn & Indigestion Chewable Tablets,Rennie Sugar-Free…24 per pack,£2.20,9.2p each,
Centrum Advance For Men,Centrum A…30 per pack,£6.50,21.7p each,
Anadin Joint Pain Tablets 200mg,Anadin Joint Pa…16 per pack,£2.20,13.8p each,
 Canesbalance Bacterial Vaginosis Vaginal Gel, Canesbalance Bac…7 per pack,£14.00,£2.00 each,
Niquitin Minis Mint 1.5Mg 100 Lozenges,Niquitin Minis Mint…,£22.00,,
Rennie Orange Heartburn & Indigestion Chewable Tablets,Rennie Orange H…24 per pack,£2.20,9.2p each,
Carex Antibacterial Moisture Plus Handwash,Carex Antibacte…250ml,£1.20,48p per 100ml,
Colgate Cavity Protection Toothpaste,Colgate Cavity Prot…75ml,£1.50,£2.00 per 100ml,
Radox  Feel Awake for Men Shower Gel,Radox  Feel Awake f…250ml,£1.00,40p per 100ml,
Niquitin Minis Mint 4Mg 100 Lozenges,Niquitin Minis Mint 4Mg 100 Lozenges100 per pack,£19.80,19.8p each,
Centrum Men 50 Plus MultiVitamins,Centrum Men 50 Plus MultiVitamins30 per pack,£5.00,16.7p each,"Offer price £5, was £6.50"
Canesten Thrush Combi Soft Gel Pessary & External Cream,Canesten Thrush Combi…100g,£16.00,£16.00 per 100g,
"NiQuitin Mini Mint Nicotine Lozenges -4mg, 60 Minis - Stop Smoking Aid",NiQuitin Mini Mint Nicotine L…60 per pack,£16.00,26.7p each,
Rennie Spearmint Heartburn & Indigestion Chewable Tablets,Rennie Spearmint Heartb…72 per pack,£5.45,7.6p each,
Beconase Hayfever Relief Nasal Spray - Non-drowsy - 100 Sprays,Beconase Hayfever Relief Nasal Spra…100ml,£6,£6.00 per 100ml,
Centrum Women 50 Plus MultiVitamins,Centrum Women 50 Plus MultiVitamins30 per pack,£5,16.7p each,"Offer price £5, was £6.50"
Panadol Extra Soluble,Panadol Extra Soluble24 per pack,£5.25,21.9p each,
Voltarol Back & Muscle Pain Relief Gel,Voltarol Back & Muscle Pain Relief Gel100g,£15,£15.00 per 100g,
Voltarol Joint Pain Relief Gel,Voltarol Joint Pain Relief Gel50g,£11,£22.00 per 100g,
Voltarol Pain-Eze Emugel,Voltarol Pain-Eze Emugel100g,£11,£11.00 per 100g,"Offer price £11, was £13"
4 Head Headache Treatment  ,4 Head Headache Treatment  3.6g,£3.50,£97.22 per 100g,"Offer price £3.50, was £4.50"
Abidec Kid Multivitamin Syrup - Food Supplement Suitable for Kids Aged 1-5 ,Abidec Kid Multivitamin Syrup - Food Suppleme…150ml,£4.50,£3.00 per 100ml,
Adonis Hazelnut Crunch & Cocoa High Protein Keto Bar,Adonis Hazelnut Crunch & Coco…45g,£1.70,£3.77 per 100g,"Offer price £1.70, was £2"
Adonis Peanut Butter & Cocoa High Protein Keto Bar ,Adonis Peanut Butter & Cocoa…45g,£1.70,£3.77 per 100g,"Offer price £1.70, was £2"
Alka-Seltzer Original Aspirin Pain Relief Soluble Tablets,Alka-Seltzer Original Aspirin Pai…,£2,,
Allevia 120mg Tablets ,Allevia 120mg Tablets 15 per pack,£6,40p each,
Allevia 120mg Tablets,Allevia 120mg Tablets30 per pack,£10.50,35p each,
Always Discreet Boutique Incontinence Pants Medium,Always Discreet Boutique In…9 per pack,£8,88.9p each,"Offer price £8, was £9"
Always Discreet Boutique Incontinence Pants Plus Large Black 8 pack,Always Discreet Boutique Incontinence P…8 per pack,£8,£1.00 each,"Offer price £8, was £9"
Always Discreet Boutique Incontinence Pants Plus Medium Peach 9 pack,Always Discreet Boutique Incontinence P…9 per pack,£8,88.9p each,"Offer price £8, was £9"
Always Discreet For Sensitive Bladder Long Plus Pads Value Pack,Always Discreet For Sensitive Bladder…16 per pack,£4.70,29.4p each,Buy 2 for £9
Always Discreet Incontinence Liners Long For Sensitive Bladder 20 pack,Always Discreet Incontinence…20 per pack,£2.25,11.3p each,Buy 2 for £4
Always Discreet Incontinence Liners Normal For Sensitive Bladder 24 pack,Always Discreet Incontinence Li…24 per pack,£2.25,9.4p each,Buy 2 for £4
Always Discreet Incontinence Pads+ Long for Sensitive Bladder 10 pack,Always Discreet Incontinence…10 per pack,£2.75,27.5p each,Buy 2 for £5
Always Discreet Incontinence Pads+ Long For Sensitive Bladder 20 pack,Always Discreet Incontinence…20 per pack,£4.70,23.5p each,Buy 2 for £9
Always Discreet Incontinence Pads+ Long Plus Sensitive Bladder 8 pack,Always Discreet Incontinence…8 per pack,£2.75,34.4p each,Buy 2 for £5
Always Discreet Incontinence Pads Normal for Sensitive Bladder 12 pack,Always Discreet Incontinence…12 per pack,£2.75,22.9p each,Buy 2 for £5
Always Discreet Incontinence Pads Normal For Sensitive Bladder 24 pack,Always Discreet Incontinence…24 per pack,£4.70,19.6p each,Buy 2 for £9
Always Discreet Incontinence Pads Small for Sensitive Bladder 20 pack,Always Discreet Incontinence…20 per pack,£2.75,13.8p each,Buy 2 for £5
Always Discreet Incontinence Pants Plus Black,Always Discreet Incontine…9 per pack,£8,88.9p each,"Offer price £8, was £8.75"
Always Discreet Underwear Boutique Incontinence Pants Plus Large 8 pack,Always Discreet Underwear Bou…8 per pack,£8,£1.00 each,"Offer price £8, was £9"
Always Discreet Underwear Incontinence Pants Normal Large 10 pack,Always Discreet Underwear I…10 per pack,£9,90p each,
Always Discreet Underwear Incontinence Pants Normal Medium 12 pack,Always Discreet Underwear I…12 per pack,£9,75p each,
Always Discreet Underwear Incontinence Pants Plus Large 8 pack,Always Discreet Underwear Incontine…8 per pack,£9,£1.13 each,
Always Discreet Underwear Incontinence Pants Plus M 9 pack,Always Discreet Underwear Inconti…9 per pack,£9,£1.00 each,
Always Discreet Underwear Incontinence Pants Plus XL 7 pack,Always Discreet Underwear Inconti…7 per pack,£9,£1.29 each,
Anadin Extra,Anadin Extra16 per pack,£1.80,11.3p each,"Offer price £1.80, was £2.19"
Anadin Extra Soluble 12 Soluble Tablets,Anadin Extra Soluble 12 Soluble Tablets,£3.50,,
Anadin Joint Pain Tablets 200mg,Anadin Joint Pain Tablets 200mg16 per pack,£2.20,13.8p each,
Anadin Original Caplets,Anadin Original Caplets16 per pack,£1.65,10.3p each,
Anadin Paracetamol      ,Anadin Paracetamol      16 per pack,£1.50,9.4p each,
Anadin Ultra Gel Caps,Anadin Ultra Gel Caps16 per pack,£3,18.8p each,
Andrews Original Salts,Andrews Original Salts150g,£5,£3.33 per 100g,
Anusol Haemorrhoid Treatment Cream,Anusol Haemorrhoid Treatment Cream23g,£4.30,£18.70 per 100g,
Anusol Natural Cream,Anusol Natural Cream30g,£7,£23.33 per 100g,
Anusol Soothing Relief Ointment ,Anusol Soothing Relief Ointment 15g,£6.20,£41.33 per 100g,
Anusol Soothing Relief Suppositories,Anusol Soothing Relief Suppositories12 per pack,£6.80,56.7p each,
Anusol Suppositories,Anusol Suppositories12 per pack,£4.50,37.5p each,
Aveeno Dermexa Daily Emollient Body Wash ,Aveeno Dermexa Daily Emollient Body Wash 300ml,£11,£3.67 per 100ml,
Aveeno Dermexa Daily Emollient Cream ,Aveeno Dermexa Daily Emollient Cream 200ml,£10.50,£5.25 per 100ml,
Balance Activ Bv Pessaries  ,Balance Activ Bv Pessaries  7 per pack,£8.20,£1.17 each,"Offer price £8.20, was £10.20"
Balance Active BV Gel,Balance Active BV Gel7 per pack,£8,£1.14 each,
Barebells Salt Peanut Protein Bar,Barebells Salt Peanut Protein Bar55g,£2.50,£4.55 per 100g,
Bassetts 12-18 Years Multi Vitamins Orange & Passionfruit ,Bassetts 12-18 Years Multi Vitami…30 per pack,£6.25,20.8p each,
Bassetts 3-6 Multi Vitamins & Omega 3 Blackcurrant & Apple,Bassetts 3-6 Multi Vitamins & Ome…30 per pack,£5.75,19.2p each,
Bassetts 3-6 Multivitamin Strawberry ,Bassetts 3-6 Multivitamin Strawberry 30 per pack,£4.49,15p each,
Bassetts 7-11 Multivitamin Raspberry,Bassetts 7-11 Multivitamin Raspberry30 per pack,£5.75,19.2p each,
Bassetts Adult Multi Vitamin Raspberry & Pomegranate,Bassetts Adult Multi Vitamin…30 per pack,£6,20p each,
Bassetts Adult Multi Vitamins Raspberry & Pomegranate Flavour,Bassetts Adult Multi Vitamins Raspb…60 per pack,£10,16.7p each,
Bassetts Vitamins Immune Support 7-11 Years Orange Flavour 30 Chewies,Bassetts Vitamins Immune Supp…,£5.25,,
Bazuka Extra Strength Gel,Bazuka Extra Strength Gel6g,£7.50,£125.00 per 100g,"Offer price £7.50, was £10"
Bazuka Sub - Zero,Bazuka Sub - Zero50ml,£15,£30.00 per 100ml,
Bazuka Treatment Gel,Bazuka Treatment Gel6g,£4.70,£78.33 per 100g,"Offer price £4.70, was £6"
"Becocleanse Nasal Spray - Daily Hygiene, Runny Nose & Allergy Prevention","Becocleanse Nasal Spray - Daily Hygiene, Ru…135ml",£8,£5.93 per 100ml,
Becodefence Allergy Defence Nasal Spray - Non-drowsy - 120 sprays,Becodefence Allergy Defence Nasal Spr…20ml,£10,£50.00 per 100ml,
Becodefence Plus Allergy Defence Nasal Spray - Non-drowsy - 120 sprays,Becodefence Plus Allergy Defence Nasal Sp…20ml,£12,£60.00 per 100ml,
Beconase Hayfever Relief Nasal Spray - Non-drowsy - 100 Sprays,Beconase Hayfever Relief Nasal Spra…100ml,£6,£6.00 per 100ml,
Beechams All-in-One Tablets,Beechams All-in-One Tablets16 per pack,£4,25p each,
Beechams Breathe Clear Hot Honey & Lemon Sachets,Beechams Breathe Clear Hot…10 per pack,£3.50,35p each,
Beechams Flu Plus Caplets,Beechams Flu Plus Caplets16 per pack,£3.85,24.1p each,
Beechams Powder Sachets,Beechams Powder Sachets10 per pack,£2.60,26p each,
Beechams Ultra All In One Capsules,Beechams Ultra All In One Capsules16 per pack,£5.75,35.9p each,
Bell's Healthcare Children's Cough Relief,Bell's Healthcare Children's Cough Relief200ml,£1.90,95p per 100ml,
Benacort Steroid Nasal Spray,Benacort Steroid Nasal Spray10ml,£6.50,£65.00 per 100ml,"Offer price £6.50, was £10"
Benadryl Allergy Natural Relief Spray,Benadryl Allergy Natural Relief Spray15ml,£6,£40.00 per 100ml,
Benadryl Allergy Relief,Benadryl Allergy Relief12 per pack,£4.75,39.6p each,
Benadryl Allergy Relief 24 Capsules,Benadryl Allergy Relief 24 Capsules24 per pack,£7.20,30p each,"Offer price £7.20, was £9"
Benadryl For Children Allergy Solution,Benadryl For Children Allergy Solution70ml,£6,£8.57 per 100ml,
Benadryl One a Day Relief,Benadryl One a Day Relief14 per pack,£6.50,46.4p each,
Benadryl One A Day Tablets ,Benadryl One A Day Tablets 30 per pack,£6.50,21.7p each,"Offer price £6.50, was £10"
Benylin Chesty Coughs Non-Drowsy Liquid,Benylin Chesty Coughs Non-Drowsy Liquid150ml,£5,£3.33 per 100ml,
Benylin Childrens Cough Syrup Apple,Benylin Childrens Cough Syrup Apple125ml,£4,£3.20 per 100ml,
Benylin Dry & Tickly Cough Syrup,Benylin Dry & Tickly Cough Syrup300ml,£8.90,£2.97 per 100ml,
Benylin Herbal Chesty Cough Sugar Free,Benylin Herbal Chesty Cough Sugar Free100ml,£6.50,£6.50 per 100ml,
Benylin Menthol Max,Benylin Menthol Max150ml,£5,£3.33 per 100ml,
Benylin Mucus Cough Honey & Lemon,Benylin Mucus Cough Honey & Lemon150ml,£5,£3.33 per 100ml,
Benylin Mucus Cough Max Honey & Lemon Syrup ,Benylin Mucus Cough Max Honey & Lemon Syrup 300ml,£8.90,£2.97 per 100ml,
Bepanthen Tattoo Intense Care Ointment,Bepanthen Tattoo Intense Care Ointment50g,£6.50,£13.00 per 100g,
Berocca Boost + Guarana Acerola Cherry 10 Effervescent Tablets,Berocca Boost + Guarana Acerola Che…10 per pack,£4.50,45p each,"Offer price £4.50, was £6"
Berocca Energy Food Supplement Blackcurrant Effervescent Tablets,Berocca Energy Food Supplement Blackc…15 per pack,£4.25,28.3p each,"Offer price £4.25, was £5"
Berocca Energy Food Supplement Blackcurrant Effervescent Tablets,Berocca Energy Food Supplement Blackc…45 per pack,£13.65,30.3p each,
Berocca Energy Food Supplement Mango Effervescent Tablets,Berocca Energy Food Supplement Ma…15 per pack,£4.25,28.3p each,"Offer price £4.25, was £5"
Berocca Energy Food Supplement Mango Effervescent Tablets,Berocca Energy Food Supplement Ma…45 per pack,£13.65,30.3p each,
Berocca Energy Food Supplement Mixed Berry Effervescent Tablets,Berocca Energy Food Supplement Mixed…15 per pack,£4.25,28.3p each,"Offer price £4.25, was £5"
Berocca Energy Food Supplement Orange Effervescent Tablets,Berocca Energy Food Supplement Or…15 per pack,£4.25,28.3p each,"Offer price £4.25, was £5"
Berocca Immuno - Energy & Immune Support 15 Tablets,Berocca Immuno - Energy & Imm…15 per pack,£7.50,50p each,
Berocca Orange Effervescent Energy Vitamin Tablets,Berocca Orange Effervescent…45 per pack,£13.65,30.3p each,
BetterYou B-Complete Oral Spray,BetterYou B-Complete Oral Spray25ml,£14.95,£59.80 per 100ml,
BetterYou Children's Health Daily Oral Spray,BetterYou Children's Health Daily Oral Spray25ml,£15.15,£6.06 per 10ml,
BetterYou Conception Daily Oral Spray,BetterYou Conception Daily Oral Spray25ml,£15.15,£6.06 per 10ml,
BetterYou D1000 Vegan Vitamin D Oral Spray  ,BetterYou D1000 Vegan Vitamin D Oral Spray  15ml,£9.95,£66.33 per 100ml,
BetterYou D400 Kid's Vitamin D Daily Oral Spray 3yrs+ ,BetterYou D400 Kid's Vitamin D…15ml,£6.50,£43.33 per 100ml,
BetterYou D400 Kid's Vitamin D Daily Oral Spray under 3yrs,BetterYou D400 Kid's Vitamin D Da…15ml,£6,£40.00 per 100ml,
Betteryou Dlux 1000 Vitamin D Daily Oral Spray,Betteryou Dlux 1000 Vitam…15ml,£7,£4.67 per 10ml,
Betteryou Dlux 3000 Vitamin D Oral Spray,Betteryou Dlux 3000 Vitamin D Oral Spray15ml,£8,£5.33 per 10ml,
"BetterYou Hair, Skin & Nails Daily Oral Spray","BetterYou Hair, Skin & Nails Daily Oral Spray25ml",£20.25,£8.10 per 10ml,
BetterYou Immune Health Daily Oral Spray,BetterYou Immune Health Daily Oral Spray50ml,£12.50,£25.00 per 100ml,
BetterYou Iron 10 Daily Oral Spray ,BetterYou Iron 10 Daily Oral Spray 25ml,£14.95,£59.80 per 100ml,
Betteryou Iron Daily Oral Spray,Betteryou Iron Daily Oral Spray25ml,£10,£4.00 per 10ml,
BetterYou Magnesium Oil Body Spray,BetterYou Magnesium Oil Body Spray100ml,£12.50,£12.50 per 100ml,
BetterYou Magnesium Sleep Lotion,BetterYou Magnesium Sleep Lotion180ml,£9.95,£5.53 per 100ml,
Betteryou Multivitamin Daily Oral Spray,Betteryou Multivitamin Daily Oral Spray25ml,£10,£4.00 per 10ml,
BetterYou Pregnancy Daily Oral Spray,BetterYou Pregnancy Daily Oral Spray25ml,£15.15,£6.06 per 10ml,
BetterYou Vitamin D & K2 Daily Oral Spray  ,BetterYou Vitamin D & K2 Daily Oral Spray  12ml,£9.95,£82.92 per 100ml,
Bio-Kult Advanced Multi Action Formulation,Bio-Kult Advanced Multi Action Formulation30 per pack,£10.50,35p each,
Bio-Synergy Beauty From Within Gummies,Bio-Synergy Beauty From Within Gummies60 per pack,£26.30,43.8p each,
Bio-Synergy Body Perfect Fat Burner Capsules,Bio-Synergy Body Perfect Fat Burner Capsules60 per pack,£20,33.3p each,
Bio-Synergy Body Perfect Gummies,Bio-Synergy Body Perfect Gummies60 per pack,£26.30,43.8p each,
Bio-Synergy Chocolate Whey Better Protein Powder,Bio-Synergy Chocolate Whey…750g,£38.50,£5.13 per 100g,
Bio-Synergy Green Tea and Green Coffee Tea Capsules,Bio-Synergy Green Tea and Gre…90 per pack,£22,24.4p each,
Bio-Synergy Strawberry Whey Better Protein Powder,Bio-Synergy Strawberry Whey…750g,£38.50,£5.13 per 100g,
Bio-Synergy Vanilla Whey Better Protein Powder,Bio-Synergy Vanilla Whey Better Protein Powder750g,£38.50,£5.13 per 100g,
Bio-Synergy Whey Hey Brazilian Coffee Protein Powder,Bio-Synergy Whey Hey Brazilia…908g,£30,£3.30 per 100g,
Bio-Synergy Whey Hey Coconut Protein Powder,Bio-Synergy Whey Hey Coconut Protein Powder908g,£30,£3.30 per 100g,
Bio360 OptiGUT-C (15 Billion Bacteria) Powder from Natures Aid,Bio360 OptiGUT-C (15 Billion Bacter…120g,£15,£12.50 per 100g,
Bio360 Pro-100 Ultra Capsules from Natures Aid,Bio360 Pro-100 Ultra Caps…30 per pack,£45,£1.50 each,
Bioglan Active Curcumin,Bioglan Active Curcumin30 per pack,£24.99,83.3p each,
Bioglan Active Magnesium Tablets,Bioglan Active Magnesium Tablets120 per pack,£16.99,14.2p each,
Bioglan Beauty Collagen Tablets,Bioglan Beauty Collagen Tablets90 per pack,£22.99,25.5p each,
Bioglan Biotic Balance Dark Chocballs ,Bioglan Biotic Balance Dark Chocballs 75g,£14,£1.87 per 10g,
Bioglan Biotic Balance Gummies,Bioglan Biotic Balance Gummies30 per pack,£13.75,45.8p each,
Bioglan Biotic Balance Kid's Milk Chocballs  ,Bioglan Biotic Balance Kid's Milk Chocballs  75g,£9.50,£1.27 per 10g,
Bioglan Biotic Balance Ultimate Flora Capsules ,Bioglan Biotic Balance Ultimate Flora Capsules 30 per pack,£20,66.7p each,
Bioglan Curcumin Gummies,Bioglan Curcumin Gummies30 per pack,£13.75,45.8p each,
Bioglan Smart Kid's Brain Formula Omega-3 Capsules ,Bioglan Smart Kid's Brain For…30 per pack,£9.99,33.3p each,
Bioglan SmartKids Vitagummies Happy Tummies  ,Bioglan SmartKids Vitagum…30 per pack,£7,23.3p each,
Bioglan SmartKids Vitagummies Iron ,Bioglan SmartKids Vitagummies Iron 30 per pack,£7,23.3p each,
Bioglan SmartKids Vitagummies Vitamin D  ,Bioglan SmartKids Vitagummies Vitamin D  30 per pack,£7,23.3p each,
"Bioglan VitaGummies for Adults, Womens Multivitamins",Bioglan VitaGummies for Adult…60 per pack,£9.99,16.7p each,
Bio Kult Infantis,Bio Kult Infantis16 per pack,£13,81.3p each,
Biona Organic Date Syrup ,Biona Organic Date Syrup 350g,£3.70,£1.06 per 100g,
Biona Organic Kimchi,Biona Organic Kimchi350g,£4,£1.14 per 100g,
Biona Organic Sauerkraut ,Biona Organic Sauerkraut 360g,£2,55.6p per 100g,
Biona Organic Seitan Pieces,Biona Organic Seitan Pieces350g,£3.50,£1.00 per 100g,
Biona Organic Tempeh ,Biona Organic Tempeh 400g,£3,75p per 100g,
Biona Peanut Butter,Biona Peanut Butter250g,£3,£1.20 per 100g,
Biona Spelt Fusilli Wholegrain,Biona Spelt Fusilli Wholegrain500g,£2.50,50p per 100g,
Biona Spelt Spaghetti Wholegrain,Biona Spelt Spaghetti Wholegrain500g,£2.50,50p per 100g,
Blistex Lipcare Intensive Moisuriser ,Blistex Lipcare Intensive Moisuriser 5g,£2.50,£50.00 per 100g,
Blistex Lip Infusions Hydration Spf 15,Blistex Lip Infusions Hydration Spf 153.7g,£3,£81.08 per 100g,
Bonjela Adult Sugar Free Oral Pain Relieving Gel,Bonjela Adult Sugar Free Oral Pain Relieving Gel15g,£5,£33.33 per 100g,
Bonjela Cool Mint Adult Gel        ,Bonjela Cool Mint Adult Gel        15g,£5.50,£36.67 per 100g,
Bonjela Junior Oral Gel,Bonjela Junior Oral Gel15g,£4,£26.67 per 100g,
Bounce Caramel Protein Ball ,Bounce Caramel Protein Ball 40g,£2.10,£5.25 per 100g,
Bounce Choc Brownie Protein Ball,Bounce Choc Brownie Protein Ball40g,£2.10,£5.25 per 100g,
Bounce Hazelnut Protein Ball,Bounce Hazelnut Protein Ball40g,£2.10,£5.25 per 100g,
Brave Ape Blueberry & Cinnamon Instant Keto Porridge,Brave Ape Blueberry & Cinnamo…240g,£5.75,£2.40 per 100g,
Brave Crunchy Chickpeas BBQ,Brave Crunchy Chickpeas BBQ115g,£2,£1.74 per 100g,
Brave Crunchy Chickpeas Cookies & Cream,Brave Crunchy Chickpeas Cookies & Cream100g,£2.40,£2.40 per 100g,
Brave Crunchy Chickpeas Dark Chocolate,Brave Crunchy Chickpeas Dark Chocolate100g,£2.40,£2.40 per 100g,
Brave Crunchy Chickpeas Sea Salt,Brave Crunchy Chickpeas Sea Salt115g,£2,£1.74 per 100g,
Breathe Right Nasal Strip Tan Large ,Breathe Right Nasal Strip Tan Large 10 per pack,£4,40p each,
Bronchostop Cough Pastilles - 10 On-the-Go Cough Pastilles,Bronchostop Cough Pastilles - 10…10 per pack,£4,40p each,
Bronchostop Cough Syrup - Traditionally Used to Relieve Any Type of Cough,Bronchostop Cough Syrup - Traditionally Use…120ml,£6,£5.00 per 100ml,
Bronchostop Cough Syrup - Traditionally Used to Relieve Any Type of Cough,Bronchostop Cough Syrup - Traditionally Use…200ml,£9,£4.50 per 100ml,
Bronchostop Junior Cough Syrup,Bronchostop Junior Cough Syrup120ml,£6,£5.00 per 100ml,
Bronchostop Junior From 1 Year Cough Syrup 200Ml,Bronchostop Junior From 1 Year Cough Syrup 200Ml200ml,£9,£4.50 per 100ml,
Burt's Bees Beeswax Lip Balm,Burt's Bees Beeswax Lip Balm4.25g,£4,£9.41 per 10g,
Burt's Bees Ultra Conditioning Lip Balm,Burt's Bees Ultra Conditioning Lip Balm4.25g,£3.50,£8.24 per 10g,
Buscomint Peppermint Oil 0.2Ml 24 Soft Gel Capsules,Buscomint Peppermint Oil 0.2M…,£7.50,,
Buscopan IBS Relief,Buscopan IBS Relief20 per pack,£3.99,20p each,
Buttercup Original Cough Syrup,Buttercup Original Cough Syrup200ml,£5.99,£3.00 per 100ml,
Cadbury Delights Hazelnut,Cadbury Delights Hazelnut5 x 110g,£1.35,24.5p per 100g,
Cadbury Delights Orange,Cadbury Delights Orange5 x 110g,£1.35,24.5p per 100g,
Cadbury Delights Salted Caramel,Cadbury Delights Salted Caramel5 x 110g,£1.35,24.5p per 100g,
Calcough Childrens Syrup  Blackcurrant,Calcough Childrens Syrup  Blackcurrant125ml,£4.50,£3.60 per 100ml,
Calpol 2+ Months Infant Strawberry Liquid Paracetamol,Calpol 2+ Months Infant Straw…100ml,£3.50,£3.50 per 100ml,
Calpol 6+ Sugar Free Strawberry Liquid Paracetamol,Calpol 6+ Sugar Free Strawb…80ml,£3.50,£4.38 per 100ml,
Calpol 6+ Years Sugar Free Strawberry Fastmelts Paracetamol,Calpol 6+ Years Sugar Free Strawb…12 per pack,£4,33.3p each,
Calpol 6+ Years Sugar Free Strawberry Paracetamol Sachets,Calpol 6+ Years Sugar Free Strawb…12 x 5ml,£4,£6.67 per 100ml,
Calpol Infant 2+ Months Sugar Free Strawberry Liquid,Calpol Infant 2+ Months Sugar…100ml,£3.50,£3.50 per 100ml,
Calpol Nasal Drops      ,Calpol Nasal Drops      10ml,£3.50,£35.00 per 100ml,
Calpol Saline Nasal Spray,Calpol Saline Nasal Spray15ml,£4.25,£28.33 per 100ml,
Calpol Sugar Free Infant Sachets,Calpol Sugar Free Infant Sachets12 x 5ml,£4,£6.67 per 100ml,
Calpol Vapour Plug Nightlight 3 Refill Pads,Calpol Vapour Plug Nightlight 3 Refill Pads3 per pack,£7.50,£2.50 each,
Calpol Vapour Plug Refill Pads,Calpol Vapour Plug Refill Pads5 per pack,£7,£1.40 each,
Calprofen Ibuprofen,Calprofen Ibuprofen100ml,£4.25,£4.25 per 100ml,
 Canesbalance Bacterial Vaginosis Vaginal Gel, Canesbalance Bacterial Vaginosis Vaginal Gel7 per pack,£14,£2.00 each,
Canesbalance Bacterial Vaginosis Vaginal Pessaries,Canesbalance Bacterial Vagi…7 per pack,£14,£2.00 each,
Canescool Soothing Cream Gel,Canescool Soothing Cream Gel15g,£6,£40.00 per 100g,
CanesOasis Cystitis Relief 4g Granules for Oral Solution Cranberry Flavour,CanesOasis Cystitis Relief 4g G…6 per pack,£5.65,94.2p each,
Canesten Dual Action Athlete's Foot 1% w/w Cream,Canesten Dual Action Athlet…30g,£5,£16.67 per 100g,
Canesten Thrush Combi Internal & External Cream,Canesten Thrush Combi Internal & External Cream,£13,,
Canesten Thrush Combi Pessary & External Cream,Canesten Thrush Combi Pessary & External Cream10g,£14,£140.00 per 100g,
Canesten Thrush Combi Soft Gel Pessary & External Cream,Canesten Thrush Combi Soft Gel…100g,£16,£16.00 per 100g,
Canestest Self-Test for Vaginal Infections,Canestest Self-Test for Vaginal Infections,£7.50,,
CANNACOFFEE Original CBD Coffee Pods,CANNACOFFEE Original CBD Coffee Pods10 per pack,£7.50,75p each,
Cannaray Cbd Bright Days Oil Drops,Cannaray Cbd Bright Days Oil Drops10ml,£18,£18.00 per 10ml,
Cannaray Cbd Gummies,Cannaray Cbd Gummies30 per pack,£18,60p each,
Cannaray Cbd Night Time Oil Drops,Cannaray Cbd Night Time Oil Drops10ml,£18,£18.00 per 10ml,
Captain Kombucha Ginger Lemon ,Captain Kombucha Ginger Lemon 400ml,£2.50,62.5p per 100ml,
Captain Kombucha Legendary Bubbly Drink Californian Raspberry 400Ml,Captain Kombucha Legendary…400ml,£2.50,62.5p per 100ml,
Captain Kombucha Legendary Bubbly Drink Original,Captain Kombucha Legendary…400ml,£2.50,62.5p per 100ml,
Carbzone Low Carb Dark Chocolate 70%,Carbzone Low Carb Dark Chocolate 70%100g,£2.85,£2.85 per 100g,
Carbzone Low Carb Milk Chocolate,Carbzone Low Carb Milk Chocolate100g,£3,£3.00 per 100g,
Carbzone Low Carb Organic Almond Flour ,Carbzone Low Carb Organic Almond Flour 500g,£12,£24.00 per kg,
Care Senna Tablets 20 Tablets,Care Senna Tablets 20 Tablets,£1.50,,
Carex Antibacterial Hand Gel Aloe Vera,Carex Antibacterial Hand Gel Aloe Vera50ml,£1,£2.00 per 100ml,"Offer price £1, was £1.25"
Carex Antibacterial Love Hearts Hand Gel,Carex Antibacterial Love Hearts Hand Gel50ml,£1,£2.00 per 100ml,"Offer price £1, was £1.25"
Centrum Advance 50+ Multivitamins,Centrum Advance 50+ Multivitamins30 per pack,£4.50,15p each,
Centrum Advance For Men,Centrum Advance For Men30 per pack,£6.50,21.7p each,
Centrum Advance For Women,Centrum Advance For Women30 per pack,£6.50,21.7p each,
Centrum Advance Tablets,Centrum Advance Tablets30 per pack,£4.50,15p each,
Centrum Immunity & Cell Protection Tablets,Centrum Immunity & Cell Protection Tablets60 per pack,£7.50,12.5p each,
Centrum Men 50 Plus MultiVitamins,Centrum Men 50 Plus MultiVitamins30 per pack,£5,16.7p each,"Offer price £5, was £6.50"
Centrum Multi Gummies Mixed 30 Gummies,Centrum Multi Gummies Mixed 30 Gummies,£6.50,,
Centrum Performance Tablets,Centrum Performance Tablets30 per pack,£6.50,21.7p each,
Centrum Women 50 Plus MultiVitamins,Centrum Women 50 Plus MultiVitamins30 per pack,£5,16.7p each,"Offer price £5, was £6.50"
Centrum Women 60 Tablets Multivitamin Multimineral Food Supplement,Centrum Women 60 Tablets Mu…,£13,,
Cetraben Oatmeal Cream,Cetraben Oatmeal Cream190g,£9,£4.74 per 100g,
Cl-Ear Olive Oil Ear Drops ,Cl-Ear Olive Oil Ear Drops 15ml,£3,£20.00 per 100ml,
Clarityn Allergy 1mg/ml Syrup Mixed Berries Flavour,Clarityn Allergy 1mg/ml Syrup…60ml,£4.40,£7.33 per 100ml,"Offer price £4.40, was £5"
Clarityn Allergy Tablets 10mg Loratadine Allergy and Hayfever Relief,Clarityn Allergy Tablets 10mg Loratadin…14 per pack,£5.85,41.8p each,
Clarityn Allergy Tablets 10mg Loratadine Allergy and Hayfever Relief,Clarityn Allergy Tablets 10mg Loratadin…30 per pack,£5.20,17.4p each,"Offer price £5.20, was £10.40"
Cleanmarine For Kids,Cleanmarine For Kids60 per pack,£12,20p each,
Cleanmarine MenoMin Menopause Supplement Capsules ,Cleanmarine MenoMin Menopau…60 per pack,£24,40p each,
Cleanmarine Women's Hormone Regulator Supplement Capsules ,Cleanmarine Women's Hormone Regul…60 per pack,£23,38.3p each,
Clearblue Digital Pregnancy Test Single,Clearblue Digital Pregnancy Test Single,£10,,
Clearblue Pregnancy Test Combo Pack Double Check + Date,Clearblue Pregnancy Test Combo…,£6,,
Clearblue Pregnancy Test Digital Ultra Early Digital Tests,Clearblue Pregnancy Test Digital…2 per pack,£16.99,£8.50 each,
Clearblue Pregnancy Test Early Detection Test,Clearblue Pregnancy Test Early Detection Test2 per pack,£11,£5.50 each,
Clearblue Pregnancy Test Rapid Detection 2 Tests,Clearblue Pregnancy Test Rapid Detection 2 Tests,£8.50,,
Clearblue Visual & Digital Sticks Pregnancy Test,Clearblue Visual & Digital Sticks Pregnancy Test3 per pack,£18.99,£6.33 each,
Clear Ear Express Ear Drops,Clear Ear Express Ear Drops12ml,£4.50,£37.50 per 100ml,
Clear Ear Pain Relief Ear Drops,Clear Ear Pain Relief Ear Drops,£9,,
Colgate Sensitive Instant Relief Enamel Repair Toothpaste,Colgate Sensitive Instant Relief…75ml,£2.50,£3.33 per 100ml,
Colgate Sensitive Instant Relief Multi Protection Toothpaste,Colgate Sensitive Instant Relief Mu…75ml,£2.50,£3.33 per 100ml,
Colgate Sensitive Instant Relief Repair & Prevent Toothpaste,Colgate Sensitive Instant Relief Re…75ml,£2.50,£3.33 per 100ml,
Colpermin IBS Relief Capsules 20 Sustained Release Capsules              ,Colpermin IBS Relief Capsules 20 Sustained…20 per pack,£6.20,31p each,
Compeed Blister Plasters Medium,Compeed Blister Plasters Medium6 per pack,£5,83.3p each,
Compeed Blister Plasters Mixed,Compeed Blister Plasters Mixed6 per pack,£6,£1.00 each,
Compeed Blister Plasters Mixed Sizes ,Compeed Blister Plasters Mixed Sizes 5 per pack,£5.50,£1.10 each,
Compeed Cold Sore Patch,Compeed Cold Sore Patch15 per pack,£6,40p each,
Complan Meal Replacement Chocolate ,Complan Meal Replacement Chocolate 4 x 55g,£4.25,£1.93 per 100g,
Complan Meal Replacement Strawberry ,Complan Meal Replacement Strawberry 4 x 55g,£4.75,£2.16 per 100g,
Covonia Berry Blast Lozenges  ,Covonia Berry Blast Lozenges  51g,£1.35,£2.65 per 100g,
Covonia Chesty Cough Mixture ,Covonia Chesty Cough Mixture 300ml,£7,£2.33 per 100ml,
Covonia Chesty Cough Mixture,Covonia Chesty Cough Mixture150ml,£4.75,£3.17 per 100ml,
Covonia Chesty Sugar Free,Covonia Chesty Sugar Free150ml,£5,£3.33 per 100ml,
Covonia Dry & Tickly Cough Linctus,Covonia Dry & Tickly Cough Linctus150ml,£4.75,£3.17 per 100ml,
Covonia Lozenges Sugar Free,Covonia Lozenges Sugar Free30g,£1.35,£4.50 per 100g,
Cura-Heat Pain Relief Heat Patch Acute Back Pain Max Size,Cura-Heat Pain Relief Heat Patch…2 per pack,£4.50,£2.25 each,
Cura - Heat Pain Relief Heat Patch Neck & Shoulders,Cura - Heat Pain Relief Heat…3 per pack,£5.20,£1.73 each,
Cura Heat Pads,Cura Heat Pads3 per pack,£3.50,£1.17 each,
Cussons Antibacterial Carex Protects Moisture Plus Hand Gel,Cussons Antibacterial Carex Prote…50ml,£1,£2.00 per 100ml,"Offer price £1, was £1.25"
Cuticura Cucumber Hand Gel,Cuticura Cucumber Hand Gel100ml,£1,£1.00 per 100ml,"Offer price £1, was £2"
Daktarin Dual Action Active Spray ,Daktarin Dual Action Active Spray 100g,£4.75,£4.75 per 100g,
Daktarin Dual Action Cream,Daktarin Dual Action Cream15g,£3.50,£23.33 per 100g,
Deep Blue Covid19 Antigen Covid Test,Deep Blue Covid19 Antigen Covid Test,£1.99,,
Deep Freeze Gel                   ,Deep Freeze Gel                   100g,£4.75,£4.75 per 100g,
Deep Freeze Patch,Deep Freeze Patch,£5.75,,
Deep Freeze Spray  ,Deep Freeze Spray  150ml,£4,£2.67 per 100ml,
Deep Heat Max Strength Gel,Deep Heat Max Strength Gel35g,£5,£14.29 per 100g,
Deep Heat Muscle Massage Roll On ,Deep Heat Muscle Massage Roll On 50ml,£5,£10.00 per 100ml,
Deep Heat Relief Gel                   ,Deep Heat Relief Gel                   50g,£4.50,£9.00 per 100g,
Deep Heat Rub              ,Deep Heat Rub              67g,£3,£4.48 per 100g,
Deep Heat Spray ,Deep Heat Spray 150ml,£4,£2.67 per 100ml,
Deep Heat Warming Belt 2 Warming Belts,Deep Heat Warming Belt 2 Warming Belts2 per pack,£7.50,£3.75 each,
Deep Heat Well Patch       ,Deep Heat Well Patch       4 per pack,£6,£1.50 each,
Deep Relief Actiflex Patch,Deep Relief Actiflex Patch4 per pack,£6,£1.50 each,
Dettol Anti-Septic Liquid ,Dettol Anti-Septic Liquid 250ml,£2.50,£1.00 per 100ml,
Dextro Energy Orange     ,Dextro Energy Orange     ,75p,,
Dulcoease 100Mg Capsules 60S,Dulcoease 100Mg Capsules 60S,£9,,
Dulcolax 5mg Adult Pico Liquid ,Dulcolax 5mg Adult Pico Liquid 100ml,£4,£4.00 per 100ml,
Dulcolax 5Mg Gastro - Resistant Tablets 20S,Dulcolax 5Mg Gastro - Resistant Tablets 20S,£3,,
Durex Extra Safe Thick Condoms,Durex Extra Safe Thick Condoms20 per pack,£13.50,67.6p each,"Offer price £13.50, was £14.99"
Durex Extra Safe Thick Condoms,Durex Extra Safe Thick Condoms12 per pack,£10.99,91.6p each,
Durex Extra Safe Thick Condoms,Durex Extra Safe Thick Condoms6 per pack,£6.49,£1.08 each,
Durex Intense Delight Vibrating Bullet,Durex Intense Delight Vibrating Bullet,£7.50,,"Offer price £7.50, was £10"
Durex Intense Vibrations Ring,Durex Intense Vibrations Ring,£5,,
Durex Lubricant Feel,Durex Lubricant Feel50ml,£4,£8.00 per 100ml,"Offer price £4, was £4.50"
Durex Mutual Climax Condoms ,Durex Mutual Climax Condoms 12 per pack,£13.50,£1.13 each,"Offer price £13.50, was £15"
Durex Naturals Extra Sensitive Intimate Gel,Durex Naturals Extra Sensitive Intimate Gel100ml,£8,£8.00 per 100ml,"Offer price £8, was £10"
Durex Naturals Water Based Pure Lubricant Gel,Durex Naturals Water Based Pure Lubricant Gel100ml,£8,£8.00 per 100ml,"Offer price £8, was £10"
Durex Originals Close Fit Condoms,Durex Originals Close Fit Condoms12 per pack,£7.50,62.5p each,
Durex Play Feel Pleasure Gel,Durex Play Feel Pleasure Gel100ml,£8,£8.00 per 100ml,
Durex Play Massage 2-in-1 Aloe Vera Lubricant Gel,Durex Play Massage 2-in-1 A…200ml,£8.50,£4.25 per 100ml,
Durex Play Silicone Based Perfect Glide Lubricant Gel,Durex Play Silicone Based Perfect Glide Lubricant Gel50ml,£10.50,£21.00 per 100ml,
Durex Play Water Based Strawberry Lubricant Gel,Durex Play Water Based Strawberry Lubricant Gel100ml,£8,£8.00 per 100ml,
Durex Play Water Based Tingling Lubricant Gel,Durex Play Water Based Tingling Lubricant Gel100ml,£8,£8.00 per 100ml,
Durex Pleasure Me Condoms,Durex Pleasure Me Condoms20 per pack,£13.50,67.5p each,"Offer price £13.50, was £15"
Durex Pleasure Me Ribbed and Dotted Condoms,Durex Pleasure Me Ribbed and Dotted Condoms12 per pack,£10.99,91.6p each,
Durex Real Feel Non Latex Condoms,Durex Real Feel Non Latex Condoms12 per pack,£13.50,£1.13 each,"Offer price £13.50, was £15"
Durex Reel Feel Condoms,Durex Reel Feel Condoms18 per pack,£20,£1.11 each,
Durex Thin Feel Condoms ,Durex Thin Feel Condoms 20 per pack,£13.50,67.6p each,"Offer price £13.50, was £14.99"
Durex Thin Feel Condoms ,Durex Thin Feel Condoms 12 per pack,£10.99,91.6p each,
Durex Thin Feel Condoms  ,Durex Thin Feel Condoms  6 per pack,£6.49,£1.08 each,
Durex Thin Feel Condoms,Durex Thin Feel Condoms12 per pack,£13,£1.08 each,
Durex Thin Feel Extra Lubricated Condoms,Durex Thin Feel Extra Lubricated Condoms12 per pack,£11.50,95.5p each,"Offer price £11.50, was £13"
Durex Thin Feel XL Wide Condoms,Durex Thin Feel XL Wide Condoms12 per pack,£13,£1.08 each,
E45 Eczema Repair Cream,E45 Eczema Repair Cream50ml,£21,£42.00 per 100ml,
E45 Lotion ,E45 Lotion 500ml,£9.50,£1.90 per 100ml,
Earex Advance Ear Drops ,Earex Advance Ear Drops 12ml,£5,£41.67 per 100ml,
Elastoplast Disney Frozen Plasters,Elastoplast Disney Frozen Plasters,£3,,
Elastoplast Elastic Fabric Roll Plaster 2.5cm X 3m,Elastoplast Elastic Fabric Roll Plaster 2.5cm X 3m,£3.25,,
Elastoplast Fabric Plasters ,Elastoplast Fabric Plasters 40 per pack,£3,7.5p each,
"Elastoplast Hypoallergenic Plasters, Sensitive Skin ","Elastoplast Hypoallergenic Plasters, Sensitive Skin 20 per pack",£2.70,13.5p each,
Elastoplast Paw Patrol,Elastoplast Paw Patrol20 per pack,£3,15p each,
"Elastoplast Water Resistant  Plasters, All-Purpose",Elastoplast Water Resistant…40 per pack,£3,7.5p each,
Eucalyptus Oil ,Eucalyptus Oil 10ml,£2.50,£2.50 per 10ml,
Eurax Cream                       ,Eurax Cream                       30g,£3.50,£11.67 per 100g,
Feather & Down Magnesium Sleep Salts ,Feather & Down Magnesium Sleep Salts 500g,£8,£1.60 per 100g,
Feather & Down Pillow Spray,Feather & Down Pillow Spray100ml,£7,£7.00 per 100ml,
Feather & Down Pillow Spray Duo ,Feather & Down Pillow Spray Duo 2 x 50ml,£8,£8.00 per 100ml,
Feminax Express Ibuprofen Lysine 342mg Tablets,Feminax Express Ibuprofen…16 per pack,£4.50,28.1p each,
Feroglobin Capsules,Feroglobin Capsules30 per pack,£5,16.7p each,
Feroglobin Liquid   ,Feroglobin Liquid   200ml,£4.25,£2.13 per 100ml,
Fishermans Friend Original,Fishermans Friend Original3 x 25g,£2.30,£3.07 per 100g,
Flarin Joint & Muscular Pain Relief 200Mg Ibuprofen Soft Capsules,Flarin Joint & Muscular Pain Relief 2…12 per pack,£5.25,43.8p each,
Floradix Floravital Liquid Iron and Vitamin Gluten Free Formula,Floradix Floravital Liquid Iron and V…250ml,£12,£4.80 per 100ml,
Floradix Kindervital Kid's Fruity Liquid calcium and Vitamin Formula 3yrs+,Floradix Kindervital Kid's Fruity Liquid ca…250ml,£10,£4.00 per 100ml,
Floradix Kindervital Kid's Liquid Calcium and Vitamin Formula 3yrs+,Floradix Kindervital Kid's Liquid Calci…500ml,£17.20,£3.44 per 100ml,
Floradix Liquid Iron and Vitamin Formula ,Floradix Liquid Iron and Vitamin Formula 250ml,£12,£4.80 per 100ml,
Floradix Liquid Iron and Vitamin Formula,Floradix Liquid Iron and Vitamin Formula500ml,£18,£3.60 per 100ml,
Floradix Magnesium Liquid Formula,Floradix Magnesium Liquid Formula250ml,£9,£3.60 per 100ml,
Fulfil Chocolate Brownie Vitamin & Protein Bar ,Fulfil Chocolate Brownie Vitamin & Protein Bar 55g,£2.70,£4.91 per 100g,
Fulfil Chocolate Hazelnut Whip Vitamin & Protein Cereal Bar,Fulfil Chocolate Hazelnut Whip Vi…55g,£2.70,£4.91 per 100g,
Fulfil Chocolate Peanut Butter Protein Bar,Fulfil Chocolate Peanut Butter Protein Bar,£2.70,,
Fulfil Chocolate Salted Caramel Vitamin & Protein Bar,Fulfil Chocolate Salted Caram…55g,£2.70,£4.91 per 100g,
Fulfil White Chocolate Peanut & Caramel ProteinBar,Fulfil White Chocolate Pean…,£2.70,,
Full Marks Solution         ,Full Marks Solution         100ml,£5.25,£5.25 per 100ml,
Full Marks Solution 5 Minute Treatment 4 Treatments,Full Marks Solution 5 Minute…200ml,£12,£6.00 per 100ml,
Fybogel Chews,Fybogel Chews30 per pack,£10,33.3p each,
"Fybogel Hi - Fibre Orange Flavour, 30 Sachets","Fybogel Hi - Fibre Orange Flavour, 30 Sachets",£7.50,,
Fybogel Hi Fibre Orange    ,Fybogel Hi Fibre Orange    10 per pack,£4.10,41p each,
Galphar Ibuprofen 200mg Caplets,Galphar Ibuprofen 200mg Caplets16 per pack,45p,2.8p each,
Galpharm Aspirin 75mg Gastro-Resistant 28 Tablets,Galpharm Aspirin 75mg Gastr…,£1.50,,
Galpharm Esomeprazole Tablets,Galpharm Esomeprazole Tablets14 per pack,£9,64.3p each,
Galpharm Ibuprofen Capsules ,Galpharm Ibuprofen Capsules 16 per pack,80p,5p each,
Galpharm Ibuprofen Soft Liquid Capsules,Galpharm Ibuprofen Soft Liquid Capsules16 per pack,£2,12.5p each,
Galpharm Nicotine Replace 2mg Gum Peppermint Flavour ,Galpharm Nicotine Replace 2mg…96 per pack,£9,9.4p each,
Galpharm Nicotine Replace 2mg Lozenges,Galpharm Nicotine Replace 2mg Lozenges36 per pack,£4,11.1p each,
Galpharm Nicotine Replace 4mg Gum Peppermint Flavour ,Galpharm Nicotine Replace 4mg…96 per pack,£9,9.4p each,
Galpharm Rehydration Sachets,Galpharm Rehydration Sachets6 per pack,£2,33.3p each,
Gavinatura Heartburn & Indigestion Relief Tablets,Gavinatura Heartburn & Indigestion Relief Tablets14 per pack,£9,64.3p each,
Gaviscon Advance Double Strength Heartburn & Indigestion Aniseed Flavour,Gaviscon Advance Double Strengt…300ml,£11.50,£3.83 per 100ml,
Gaviscon Advance Peppermint ,Gaviscon Advance Peppermint 300ml,£11.50,£3.83 per 100ml,
Gaviscon Advance Tablets,Gaviscon Advance Tablets24 per pack,£7.50,31.3p each,
Gaviscon Double Action Aniseed ,Gaviscon Double Action Aniseed 300ml,£9.75,£3.25 per 100ml,
Gaviscon Double Action Heartburn & Indigestion Liquid Mint Flavour,Gaviscon Double Action Heartburn & Indi…300ml,£9.75,£3.25 per 100ml,
Gaviscon Double Action Heartburn & Indigestion Liquid Mint Flavour,Gaviscon Double Action Heartburn & Indi…150ml,£6,£4.00 per 100ml,
Gaviscon Double Action Heartburn & Indigestion Mint Flavour Tablets,Gaviscon Double Action Heartburn & Indi…48 per pack,£9.50,19.8p each,
Gaviscon Double Action Heartburn & Indigestion Mint Flavour Tablets,Gaviscon Double Action Heartburn & Indi…24 per pack,£6,25p each,
Gaviscon Double Action Heartburn & Indigestion Mint Flavour Tablets,Gaviscon Double Action Heartburn & Indi…12 per pack,£3.75,31.3p each,
Gaviscon Double Action Heartburn & Indigestion Mint Flavour Tablets,Gaviscon Double Action Heartburn & Indi…8 per pack,£2.75,34.4p each,
Gaviscon Double Action Heartburn & Indigestion Mixed Berries Tablets,Gaviscon Double Action Heartburn & Indi…24 per pack,£6,25p each,
Gaviscon Double Action Liquid Aniseed,Gaviscon Double Action Liquid Aniseed600ml,£14,£2.33 per 100ml,
Gaviscon Double Action Liquid Heartburn & Indigestion Relief Mint Flavour,Gaviscon Double Action Liquid H…600ml,£12.50,£2.08 per 100ml,
Gaviscon Double Action Liquid Mixed Berry,Gaviscon Double Action Liquid Mixed Berry150ml,£6,£4.00 per 100ml,
Gaviscon Double Action Liquid Mixed Berry,Gaviscon Double Action Liquid Mixed Berry300ml,£9.75,£3.25 per 100ml,
Gaviscon Double Action Mixed Berry Tablets,Gaviscon Double Action Mixed Berry Tablets12 per pack,£3.75,31.3p each,
Gaviscon Double Action Tablets Mixed Berry ,Gaviscon Double Action Tablets Mixed Berry 48 per pack,£9.50,19.8p each,
Gaviscon Heartburn & Indigestion Peppermint Flavour,Gaviscon Heartburn & Indigest…600ml,£11,£1.83 per 100ml,
Gaviscon Heartburn & Indigestion Relief Peppermint Flavour Tablets,Gaviscon Heartburn & Indige…48 per pack,£7,14.6p each,
Gaviscon Heartburn & Indigestion Relief Tablets Peppermint Flavour Tablets,Gaviscon Heartburn & Indigestio…24 per pack,£4,16.7p each,
Gaviscon Liquid Aniseed,Gaviscon Liquid Aniseed200ml,£5.75,£2.88 per 100ml,
Gaviscon Liquid Heartburn & Indigestion Relief Aniseed Flavour,Gaviscon Liquid Heartburn & Indiges…600ml,£11,£1.83 per 100ml,
Gaviscon Liquid Peppermint,Gaviscon Liquid Peppermint200ml,£5.75,£2.88 per 100ml,
Germolene Dual Action Antiseptic Cream,Germolene Dual Action Antiseptic Cream55g,£3,£5.45 per 100g,
"Germoloids Haemorrhoid Suppositories, Piles Treatment with Anaesthetic ",Germoloids Haemorrhoid Suppos…24 per pack,£6.30,26.3p each,
Germoloids Triple Action Cream,Germoloids Triple Action Cream55g,£6.50,£1.18 per 10g,
Getein Covid Test 5 pack,Getein Covid Test 5 pack,£7.99,,
Get More Vits Multivitamin Berry Chewing Gum,Get More Vits Multivitamin Berry Chewing Gum10 per pack,£1.25,12.5p each,
Get More Vits Multivitamin Peppermint Chewing Gum ,Get More Vits Multivitamin Peppermint Chewing Gum 10 per pack,£1.25,12.5p each,
Glycerin Suppository ,Glycerin Suppository 12 per pack,£2.50,20.8p each,
Green Origins Superboost Coffee & Vanilla Plant Protein Powder,Green Origins Superboost Coffee & V…125g,£10,£8.00 per 100g,
Green Origins Superboost Strawberry & Acerola Plant Protein Powder,Green Origins Superboost Strawberry & A…125g,£10,£8.00 per 100g,
Green Origins Superboost Superberries Plant Protein Powder,Green Origins Superboost Superber…125g,£10,£8.00 per 100g,
Grenade Oreo Protein Bar,Grenade Oreo Protein Bar60g,£2.20,£3.67 per 100g,"Offer price £2.20, was £2.85"
Grenade Protein Bar Birthday Cake ,Grenade Protein Bar Birthday Cake 60g,£2.20,£3.67 per 100g,"Offer price £2.20, was £2.85"
Grenade Protein Bar Caramel Chaos,Grenade Protein Bar Caramel Chaos60g,£2.20,£3.67 per 100g,"Offer price £2.20, was £2.85"
Grenade Protein Bar Chocolate Chip Cookie Dough,Grenade Protein Bar Choco…60g,£2.20,£3.67 per 100g,"Offer price £2.20, was £2.85"
Grenade Protein Bar Chocolate Chip Salted Caramel ,Grenade Protein Bar Chocola…60g,£2.20,£3.67 per 100g,"Offer price £2.20, was £2.85"
Grenade Protein Bar Fudged Up ,Grenade Protein Bar Fudged Up 60g,£2.20,£3.67 per 100g,"Offer price £2.20, was £2.85"
Grenade Protein Bar Jaffa Quake,Grenade Protein Bar Jaffa Quake60g,£2.20,£3.67 per 100g,"Offer price £2.20, was £2.85"
Grenade Protein Bar Lemon Cheesecake,Grenade Protein Bar Lemon Cheesecake60g,£2.20,£3.67 per 100g,"Offer price £2.20, was £2.85"
Grenade Protein Bar Peanut Nutter,Grenade Protein Bar Peanut Nutter60g,£2.20,£3.67 per 100g,"Offer price £2.20, was £2.85"
Grenade Protein Bar White Chocolate Cookie,Grenade Protein Bar White Chocolate Cookie60g,£2.20,£3.67 per 100g,"Offer price £2.20, was £2.85"
Grenade Protein Bar White Chocolate Salted Peanut,Grenade Protein Bar White C…60g,£2.20,£3.67 per 100g,"Offer price £2.20, was £2.85"
Guardium Acid Reflux Control Gastro Resistant Tablets,Guardium Acid Reflux Control…7 per pack,£6,85.7p each,"Offer price £6, was £7"
Guardium Acid Reflux Control Gastro Resistant Tablets,Guardium Acid Reflux Control…14 per pack,£12,85.7p each,
Haemorrhoid Relief Ointment ,Haemorrhoid Relief Ointment 25g,£3.50,£14.00 per 100g,
Haliborange Adult Calm Cherry Gummies,Haliborange Adult Calm Cherry Gummies30 per pack,£11.65,38.8p each,
Haliborange Adult Gut Health Strawberry,Haliborange Adult Gut Health Strawberry30 per pack,£11,36.7p each,
Haliborange Adult High Strength Immune Support Orange Gummies 1000IU,Haliborange Adult High Strength Immune…45 per pack,£11.65,25.9p each,
Haliborange Adult Immune Vitamins ,Haliborange Adult Immune Vitamins 30 per pack,£11,36.7p each,
Haliborange Adult Multi Vitamin ,Haliborange Adult Multi Vitamin 30 per pack,£11,36.7p each,
Haliborange Adult Multivitamin Energy & Immune Support Orange Gummies ,Haliborange Adult Multivitami…30 per pack,£11.65,38.8p each,
Haliborange Adult's Beauty Collagen Pineapple Gummies ,Haliborange Adult's Beauty Coll…30 per pack,£11.65,38.8p each,
Haliborange Adult's Gut Health Digestion Support Strawberry Gummies ,Haliborange Adult's Gut Health Digestio…30 per pack,£11.65,38.8p each,
Haliborange Adult's Immune Support Lime Gummies  ,Haliborange Adult's Immune…30 per pack,£11.65,38.8p each,
Haliborange Adult Vitamin D ,Haliborange Adult Vitamin D 45 per pack,£11,24.4p each,
Haliborange Calcium & Vit D Softies 30's Strawberry,Haliborange Calcium & Vit D Softies 30's Strawberry30 per pack,£5.50,18.3p each,
Haliborange Kids Iron & Vit C Strawberry Flavour Softie ,Haliborange Kids Iron & Vit C S…30 per pack,£6,20p each,
Haliborange  Kid's Softies Calcium & Vitamin D Strawberry Gummies 3-12yrs ,Haliborange  Kid's Softies Calc…60 per pack,£9.50,15.8p each,
Haliborange Kid's Softies Calcium & Vitamin D Strawberry Gummies 3-7yrs,Haliborange Kid's Softies Cal…30 per pack,£5.50,18.3p each,
Haliborange Kid's Softies Iron + Vitamin C  Strawberry Gummies 3-12yrs,Haliborange Kid's Softies Iro…30 per pack,£6.40,21.3p each,
Haliborange Kid's Softies Multivitamin Orange Gummies 3-12yrs,Haliborange Kid's Softies Multivita…30 per pack,£4.50,15p each,
Haliborange Kid's Softies Vegan Multivitamins Blueberry Gummies 3-12yrs,Haliborange Kid's Softies Veg…30 per pack,£6.05,20.2p each,
Haliborange Kids Vitamin D Softies 30s,Haliborange Kids Vitamin D Softies 30s30 per pack,£5.50,18.3p each,
Haliborange Mr Happy Softies 30's Strawberry,Haliborange Mr Happy Softies 30's Strawberry30 per pack,£5,16.7p each,
Haliborange Multivitamin  Softies 30's Strawberry,Haliborange Multivitamin  Softies 30's Strawberry30 per pack,£5,16.7p each,
Haliborange Multivitamin  Softies 60's Strawberry,Haliborange Multivitamin  Softies 60's Strawberry,£10,,
Haliborange Omega 3 Softies 30's Orange,Haliborange Omega 3 Softies 30's Orange30 per pack,£5.50,18.3p each,
Haliborange Omega 3 Softies 60's Orange,Haliborange Omega 3 Softies 60's Orange,£10,,
Haliborange Omega 3 Teen Softies 30's Orange,Haliborange Omega 3 Teen Softies 30's Orange30 per pack,£6,20p each,
Haliborange Vitamin D Softies,Haliborange Vitamin D Softies30 per pack,£5.55,18.5p each,
"Haliborange Whole Family Vitamin A, C & D Orange Chewable Tablets ","Haliborange Whole Family Vitamin A, C &…120 per pack",£8.05,6.7p each,
Halls Cherry Flavour Menthol Action Sugar Free Throat Sweet,Halls Cherry Flavour Menthol Acti…32g,75p,£2.34 per 100g,
Halls Extra Strong Menthol Action Throat Sweet,Halls Extra Strong Mentho…33.5g,75p,£2.24 per 100g,
Halls Original Sugar Free Throat Sweet,Halls Original Sugar Free Throat Sweet32g,75p,£2.34 per 100g,
Halls Soothers Blackcurrant Throat Sweet,Halls Soothers Blackcurrant Throat Sweet45g,75p,£1.67 per 100g,
Halls Soothers Cherry,Halls Soothers Cherry10 per pack,75p,7.5p each,
Halls Soothers Throat Sweet Variety Pack 4 Pack,Halls Soothers Throat Sweet Variety Pack 4 Pack180g,£2.25,£1.25 per 100g,
HayMax Organic Pollen Balm,HayMax Organic Pollen Balm5ml,£2.50,£50.00 per 100ml,
Health & Her Menopause Multi Nutrient Support,Health & Her Menopause Multi Nutrient Support,£15,,"Offer price £15, was £20"
Health & Her Perimenopause Mind+ Multi Nutrient Support,Health & Her Perimenopause Mind…30 per pack,£13.50,45p each,"Offer price £13.50, was £20"
Health & Her Perimenopause Multi Nutrient Support,Health & Her Perimenopause…,£15,,"Offer price £15, was £20"
Health & Her Sleep+ Multi Nutrient Support,Health & Her Sleep+ Multi Nutrient Support30 per pack,£15,50p each,"Offer price £15, was £20"
Hedrin Treat And Go Mousse,Hedrin Treat And Go Mousse100ml,£6.50,£6.50 per 100ml,
Hell Energy Drink Classic,Hell Energy Drink Classic250ml,70p,28p per 100ml,
HIGH5 Berry Electrolyte Sports Drink Tablets ,HIGH5 Berry Electrolyte Sports Drink Tablets 20 per pack,£6.99,35p each,
HIGH5 Berry Energy Gel Multipack ,HIGH5 Berry Energy Gel Multipack 6 x 44g,£7.95,£3.01 per 100g,
HIGH5 Citrus Electrolyte Sports Drink Tablets ,HIGH5 Citrus Electrolyte Sports Drink Tablets 20 per pack,£6.99,35p each,
HIGH5 Citrus Energy Drink Powder,HIGH5 Citrus Energy Drink Powder1kg,£18,£1.80 per 100g,
HIGH5 Energy Gel Taster Pack ,HIGH5 Energy Gel Taster Pack 8 per pack,£11.95,£1.49 each,
HIGH5 Orange Energy Gel Multipack ,HIGH5 Orange Energy Gel Multipack 6 x 44g,£7.95,£3.01 per 100g,
HIGH5 Raspberry Caffeine Energy Gel ,HIGH5 Raspberry Caffeine Energy Gel 40g,£2.30,£5.75 per 100g,
HIGH5 Tropical Electrolyte Sports Drink Tablets ,HIGH5 Tropical Electrolyte Sports Drink Tablets 20 per pack,£6.99,35p each,
HIGH5 ZERO Blackcurrant Electrolyte Sports Drink Tablets ,HIGH5 ZERO Blackcurrant Electroly…20 per pack,£7.65,38.3p each,
HIGH5 ZERO Strawberry & Kiwi Electrolyte Sports Drink Tablets ,HIGH5 ZERO Strawberry & Kiwi Electr…20 per pack,£7.65,38.3p each,
"Higher Nature Everyday Essentials Complete Omegas 3, 6, 7 & 9 Capsules ",Higher Nature Everyday Essent…90 per pack,£24,26.7p each,
Higher Nature Everyday Essentials High Strength B Complex Vitamin Capsules ,Higher Nature Everyday Essentia…90 per pack,£20,22.2p each,
Higher Nature Everyday Essentials Magnesium Effervescent Tablets 200mg,Higher Nature Everyday Essent…20 per pack,£6,30p each,
Higher Nature Everyday Essentials Multivitamin Effervescent Tablets 200mg,Higher Nature Everyday Essentia…20 per pack,£6,30p each,
Higher Nature Everyday Essentials Super Magnesium Capsules 300mg,Higher Nature Everyday Esse…90 per pack,£19,21.1p each,
Higher Nature Everyday Essentials Vitamin C Effervescent Tablets 1000mg,Higher Nature Everyday Essent…20 per pack,£4.50,22.5p each,
Higher Nature Everyday Essentials Vitamin D3 Capsules 2000iu,Higher Nature Everyday Essentials V…120 per pack,£12,10p each,
Higher Nature Immune Effervescent,Higher Nature Immune Effervescent20 per pack,£6.50,32.5p each,
Higher Nature Kid's Growing Bones Strawberry Chewable Tablets 3yrs+,Higher Nature Kid's Growing…90 per pack,£20,22.2p each,
Higher Nature Super Potency Fish Oil,Higher Nature Super Potency Fish Oil90 per pack,£35,38.9p each,
Hri Clear Complexion Tablets,Hri Clear Complexion Tablets60 per pack,£5.50,9.2p each,
Hri Coldcare Tablets,Hri Coldcare Tablets30 per pack,£2,6.7p each,
Hri Good Mood Tablets,Hri Good Mood Tablets30 per pack,£9,30p each,
Hri Milk Thistle Tablets,Hri Milk Thistle Tablets30 per pack,£13,43.3p each,
HRI Water Balance Tablets    ,HRI Water Balance Tablets    60 per pack,£4.50,7.5p each,
Imodium Instants Loperamide Hydrochloride ,Imodium Instants Loperamide Hydrochloride 12 per pack,£6.50,54.2p each,
Imodium Instants Tablets,Imodium Instants Tablets6 per pack,£3.80,63.3p each,
Imodium Original Capsules,Imodium Original Capsules12 per pack,£5.50,45.8p each,
Imodium Original Capsules 2mg,Imodium Original Capsules 2mg6 per pack,£3.30,55p each,
Imodium Plus Comfort Tablets,Imodium Plus Comfort Tablets6 per pack,£4.50,75p each,
Ineos Anti Bacterial Sterile Sanitiser For Hands,Ineos Anti Bacterial Sterile Sanitiser For Hands500ml,£4.35,87p per 100ml,
Ineos Sanitiser Spray For Hands,Ineos Sanitiser Spray For Hands100ml,£2.40,£2.40 per 100ml,
Jakemans Honey & Lemon,Jakemans Honey & Lemon73g,99p,£1.36 per 100g,
Jakemans Throat & Chest,Jakemans Throat & Chest73g,99p,£1.36 per 100g,
Jellyworks Superhero Plasters,Jellyworks Superhero Plasters16 per pack,£1.20,7.5p each,
John West On The Go Tuna Indian Rice Pot Biryani Curry,John West On The Go Tuna Indian…120g,£1.99,£1.66 per 100g,
John West On The Go Tuna Thai Noodle Pot Green Curry,John West On The Go Tuna Thai…120g,£1.99,£1.66 per 100g,
John West Pink Salmon,John West Pink Salmon3 x 80g,£4.25,£1.77 per 100g,
Jungle Formula Insect Repellent Maximum Aerosol,Jungle Formula Insect Rep…125ml,£10,£8.00 per 100ml,
Jungle Formula Maximum Insect Repellent Pump with DEET,Jungle Formula Maximum Insect R…90ml,£10,£111.11 per litre,
Jungle Formula Outdoor & Camping Insect Repellent Factor,Jungle Formula Outdoor & Campin…90ml,£8,£88.89 per litre,
Kalms Day,Kalms Day84 per pack,£4,4.8p each,
Kalms Lavender One-A-Day 14 Capsules,Kalms Lavender One-A-Day 14 Capsules,£6.50,,
Kalms Night            ,Kalms Night            50 per pack,£4,8p each,
Kalms Night (One A Night ),Kalms Night (One A Night )21 per pack,£5,23.8p each,
Keia Nourishing Lip Balm ,Keia Nourishing Lip Balm 10ml,£2.75,£2.75 per 10ml,
Keia Soothing Pillow Mist ,Keia Soothing Pillow Mist 100ml,£3.99,£3.99 per 100ml,
Kleenex Hygiene Kids Mask 5Pk,Kleenex Hygiene Kids Mask 5Pk,£4,,
Knect Personal Water Based Lubricant,Knect Personal Water Based Lubricant75ml,£4.49,£5.99 per 100ml,
Kool'N'Soothe Soft Gel Sheets,Kool'N'Soothe Soft Gel Sheets,£2.60,,
Lanacane Anti-Itch Cream,Lanacane Anti-Itch Cream30g,£4,£13.33 per 100g,
Lavender Oil,Lavender Oil10ml,£2.50,£2.50 per 10ml,
Lemsip Cold & Flu Lemon Sachets,Lemsip Cold & Flu Lemon Sachets10 per pack,£4,40p each,
Lemsip Cough For Mucus ,Lemsip Cough For Mucus 180ml,£8,£4.44 per 100ml,
Lemsip First Action Spray,Lemsip First Action Spray20ml,£7,£35.00 per 100ml,
Lemsip Max All In 1 Capsules,Lemsip Max All In 1 Capsules8 per pack,£2.50,31.3p each,
Lemsip Max Cold & Flu Capsules,Lemsip Max Cold & Flu Capsules16 per pack,£4.25,26.6p each,
Lemsip Max Cold & Flu Lemon Powder for Oral Solution 10 Sachets,Lemsip Max Cold & Flu Lemon Powder fo…10 per pack,£5,50p each,
Lemsip Max Day & Night Cold & Flu Relief Capsules,Lemsip Max Day & Night Cold & Flu Relief Capsules16 per pack,£5.25,32.8p each,
Lemsip Max Infusions Honey & Ginger Sachets,Lemsip Max Infusions Honey & Ginger Sachets10 per pack,£5,50p each,
Lemsip Wild Berry & Hot Orange Hot Drink Max All In One ,Lemsip Wild Berry & Hot Orange…8 per pack,£5.50,68.8p each,
Lift Glucose Tablets Orange,Lift Glucose Tablets Orange10 per pack,99p,9.9p each,Buy 2 for £1.50
Lift Glucose Tablets Raspberry,Lift Glucose Tablets Raspberry10 per pack,99p,9.9p each,Buy 2 for £1.50
Lift Raspberry Fast-Acting Glucose ,Lift Raspberry Fast-Acting Glucose 50 per pack,£2.50,5p each,"Offer price £2.50, was £3.50"
lights by TENA Incontinence Liners,lights by TENA Incontinence Liners24 per pack,£1.90,7.9p each,"Offer price £1.90, was £2.25"
lights by TENA Incontinence Liners Duo,lights by TENA Incontinence Liners Duo48 per pack,£3.75,7.8p each,
lights by TENA Light Incontinence Liners,lights by TENA Light Incontinence Liners28 per pack,£1.90,6.8p each,"Offer price £1.90, was £2.25"
lights by TENA Long Incontinence Liners,lights by TENA Long Incontinence Liners,£1.90,,"Offer price £1.90, was £2.25"
Lockets Honey & Lemon Cough Sweet Lozenges,Lockets Honey & Lemon Cough Sweet Lozenges41g,69p,£1.68 per 100g,
Lyclear Shampoo Head Lice Treatment + Head Lice Comb,Lyclear Shampoo Head Lice Tre…200ml,£12,£6.00 per 100ml,
Ma Baker Giant Bar Apple ,Ma Baker Giant Bar Apple 90g,89p,98.9p per 100g,
Ma Baker Giant Bar Cherry ,Ma Baker Giant Bar Cherry 90g,89p,98.9p per 100g,
Ma Baker Raspberry Flapjacks Sugar'D Out 4 Pack,Ma Baker Raspberry Flapja…4 x 50g,£2.60,13p per 10g,
Ma Baker Sugar'D Out Apricot Flapjacks 4 Pack,Ma Baker Sugar'D Out Apricot Flapjacks 4 Pack4 x 50g,£2.60,13p per 10g,
MacuShield Supplement by Eye Experts Original Formula Capsules ,MacuShield Supplement by Eye Experts…30 per pack,£19,63.3p each,
Mates Skyn Original Condoms,Mates Skyn Original Condoms10 per pack,£8,80p each,"Offer price £8, was £10"
Maximuscle Banana Fudge Plant Max Protein Powder ,Maximuscle Banana Fudge Pla…480g,£21.60,£4.50 per 100g,
Maximuscle Caramel Millionaires Protein Bar,Maximuscle Caramel Millionaires Protein Bar45g,£2.20,£4.89 per 100g,
Maximuscle Chocolate Max Whey Protein Powder ,Maximuscle Chocolate Max…420g,£20,£4.76 per 100g,
Maximuscle Cinnamon Swirl Protein Bar,Maximuscle Cinnamon Swirl Protein Bar45g,£2.20,£4.89 per 100g,
Maximuscle Cookies & Cream Protein Bar,Maximuscle Cookies & Cream Protein Bar45g,£2.20,£4.89 per 100g,
Maximuscle New York Vanilla Cheesecake Protein Bar,Maximuscle New York Vanilla…45g,£2.20,£4.89 per 100g,
Maximuscle Raspberry Coconut Protein Bar,Maximuscle Raspberry Coconut Protein Bar45g,£2.20,£4.89 per 100g,
Maximuscle Salted Caramel Protein Bar,Maximuscle Salted Caramel Protein Bar45g,£2.20,£4.89 per 100g,
Maximuscle Strawberry Max Whey Protein Powder ,Maximuscle Strawberry Max…480g,£20,£4.17 per 100g,
Maximuscle Vanilla Ice Cream Protein Milk,Maximuscle Vanilla Ice Cream Protein Milk330ml,£3,90.9p per 100ml,
Maximuscle Vanilla Max Whey Protein Powder ,Maximuscle Vanilla Max Whey Protein Powder 420g,£20,£4.76 per 100g,
Medahuman Energy ,Medahuman Energy 250ml,£2,80p per 100ml,"Offer price £2, was £2.50"
Medahuman Glow,Medahuman Glow250ml,£2,80p per 100ml,"Offer price £2, was £2.50"
Medahuman Night,Medahuman Night250ml,£2,80p per 100ml,"Offer price £2, was £2.50"
Medahuman Recover ,Medahuman Recover 250ml,£2,80p per 100ml,"Offer price £2, was £2.50"
Medahuman Relax ,Medahuman Relax 250ml,£2,80p per 100ml,"Offer price £2, was £2.50"
Mentholatum Ibuprofen Gel,Mentholatum Ibuprofen Gel35g,£1.85,£5.29 per 100g,
Migraine Kool'n'Soothe Migraine Soft Gel Sheet,Migraine Kool'n'Soothe Migraine Soft Gel Sheet4 per pack,£3.30,82.5p each,
Morrisons 12 Comfort Pads Normal,Morrisons 12 Comfort Pads Normal12 per pack,£1.65,13.8p each,
Morrisons 5cm Fixing Bandage  ,Morrisons 5cm Fixing Bandage  ,80p,,
Morrisons A-Z Multi Vitamins    ,Morrisons A-Z Multi Vitamins    60 per pack,£3.25,5.4p each,
Morrisons Acute Diarrhoea Relief Caps,Morrisons Acute Diarrhoea Relief Caps6 per pack,£1.25,20.8p each,
Morrisons Acute Diarrhoea Relief Caps,Morrisons Acute Diarrhoea Relief Caps6 per pack,£1.35,22.5p each,
Morrisons Adult Multivitamin Gummies Raspberry,Morrisons Adult Multivita…60 per pack,£5,8.3p each,
Morrisons Adult Vitamin C Immune Gummies Orange,Morrisons Adult Vitamin C Immune Gummies Orange60 per pack,£5,8.3p each,
Morrisons Ankle Support Medium       ,Morrisons Ankle Support Medium       ,£3.50,,
Morrisons Antiseptic Wipes ,Morrisons Antiseptic Wipes 10 per pack,£1,10p each,
Morrisons Aqueous Cream,Morrisons Aqueous Cream500g,£5,£1.00 per 100g,
Morrisons Bite & Sting Cream,Morrisons Bite & Sting Cream10g,£3,£30.00 per 100g,
Morrisons Blister Plasters ,Morrisons Blister Plasters 5 per pack,£2.25,45p each,
Morrisons Brightening Eye Drops,Morrisons Brightening Eye Drops10ml,£2.50,£2.50 per 10ml,
Morrisons Bronchial Balsam,Morrisons Bronchial Balsam300ml,£2.50,83.3p per 100ml,
Morrisons Calamine Lotion,Morrisons Calamine Lotion200ml,£2.40,£1.20 per 100ml,
Morrisons Calcium And Vitamin D,Morrisons Calcium And Vitamin D120 per pack,£3,2.5p each,
Morrisons Chesty Cough,Morrisons Chesty Cough300ml,£2.50,83.3p per 100ml,
Morrisons Chewable Vitamin C 200Mg Orange Flavour,Morrisons Chewable Vitamin…60 per pack,£2,3.3p each,
Morrisons Chocolate Whey Powder,Morrisons Chocolate Whey Powder400g,£7.50,£1.88 per 100g,
Morrisons Clear Plasters    ,Morrisons Clear Plasters    40 per pack,£1.20,3p each,
Morrisons Cod Liver Oil & Multivitamins ,Morrisons Cod Liver Oil & Multivitamins 60 per pack,£3,5p each,
Morrisons Cod Liver Oil 500 Mg ,Morrisons Cod Liver Oil 500 Mg 120 per pack,£3.50,2.9p each,
Morrisons Cold Sore Cream,Morrisons Cold Sore Cream2g,£3.50,£175.00 per 100g,
Morrisons Comfort Liners,Morrisons Comfort Liners24 per pack,£1.65,6.9p each,
Morrisons Comfort Liners Long,Morrisons Comfort Liners Long20 per pack,£1.65,8.3p each,
Morrisons Comfort Pads Extra,Morrisons Comfort Pads Extra10 per pack,£1.65,16.5p each,
Morrisons Comfort Pads Extra Plus,Morrisons Comfort Pads Extra Plus8 per pack,£1.65,20.6p each,
Morrisons Comfort Pants Large,Morrisons Comfort Pants Large10 per pack,£6.25,62.5p each,
Morrisons Comfort Pants Medium,Morrisons Comfort Pants Medium12 per pack,£6.25,52.1p each,
Morrisons Comfort Pants Super Protection Large,Morrisons Comfort Pants Super Protection Large12 per pack,£8,66.7p each,
Morrisons Comfort Pants Super Protection Medium,Morrisons Comfort Pants Super Protection Medium12 per pack,£8,66.7p each,
Morrisons Contact Lens Solution,Morrisons Contact Lens Solution250ml,£4,£1.60 per 100ml,
Morrisons Corn Removal Plasters 5'S,Morrisons Corn Removal Plasters 5'S,£3.50,,
Morrisons Cracked Heal Balm,Morrisons Cracked Heal Balm56g,£3,£5.36 per 100g,
Morrisons Cystitis Relief Sachets,Morrisons Cystitis Relief Sachets6 per pack,£1.50,25p each,
Morrisons Dark Skin Tone Plasters,Morrisons Dark Skin Tone Plasters40 per pack,£1.20,3p each,
Morrisons Dry Eye Drops,Morrisons Dry Eye Drops10ml,£2.50,£2.50 per 10ml,
Morrisons Dry Eye Mist,Morrisons Dry Eye Mist15ml,£6,£4.00 per 10ml,
Morrisons Dry Tickly Cough,Morrisons Dry Tickly Cough300ml,£2.50,83.3p per 100ml,
Morrisons Dual Action Blackcurrant Lozenges ,Morrisons Dual Action Blackcurrant Lozenges 36 per pack,£3,8.3p each,
Morrisons Dual Action Lozenges Honey & Lemon ,Morrisons Dual Action Lozenges Honey & Lemon 36 per pack,£3,8.3p each,
Morrisons Elastic Tubular Bandage ,Morrisons Elastic Tubular Bandage 1m,£2.25,£2.25 per 1m,
Morrisons Elastic Tubular Bandage Size D 75mm x 1m,Morrisons Elastic Tubular B…,£2.25,,
Morrisons Energise Effervescent Vitamins,Morrisons Energise Effervescent Vitamins20 per pack,£1.35,6.8p each,
Morrisons Express Pain Relief,Morrisons Express Pain Relief16 per pack,£2.89,18.1p each,
Morrisons Extra Tough Plasters,Morrisons Extra Tough Plasters20 per pack,£1.20,6p each,
Morrisons Eye Wash,Morrisons Eye Wash300ml,£4,£1.33 per 100ml,
Morrisons Fabric Dressing Strips ,Morrisons Fabric Dressing Strips 10 per pack,£1.49,14.9p each,
Morrisons Fabric Strapping ,Morrisons Fabric Strapping 3m,£2.25,75p per 1m,
Morrisons First Aid Spray,Morrisons First Aid Spray100ml,£2,£2.00 per 100ml,
Morrisons Flexi-Tip Thermometer,Morrisons Flexi-Tip Thermometer,£7.50,,
Morrisons Folic Acid,Morrisons Folic Acid180 per pack,£2.50,1.4p each,
Morrisons Foot Care Blister Plasters 5Pk,Morrisons Foot Care Blister Plasters 5Pk5 per pack,£3,60p each,
Morrisons Glucosamine & Chrondroitin,Morrisons Glucosamine & Chrondroitin30 per pack,£4,13.3p each,
Morrisons Glucosamine Sulphate 500 Mg ,Morrisons Glucosamine Sulphate 500 Mg 30 per pack,£2.50,8.3p each,
Morrisons Hayfever And Allergy Relief Tablets,Morrisons Hayfever And Allergy Relief Tablets14 per pack,£2.15,15.4p each,
Morrisons Heartburn & Indigestion Liquid,Morrisons Heartburn & Indigestion Liquid200ml,£2.65,£1.33 per 100ml,
Morrisons Herbals Echinacea Tablets,Morrisons Herbals Echinacea Tablets30 per pack,£3.50,11.7p each,
Morrisons Herbals St John's Wort Tablets,Morrisons Herbals St John's Wort Tablets30 per pack,£3.50,11.7p each,
Morrisons High Strength Cod Liver Oil 1000 Mg ,Morrisons High Strength Cod Liver Oil 1000 Mg 60 per pack,£3.75,6.3p each,
Morrisons High Strength Evening Primrose Oil 1000 Mg,Morrisons High Strength Eveni…30 per pack,£3,10p each,
Morrisons High Strength Glucosamine Vitamins ,Morrisons High Strength Glucosamine Vitamins 30 per pack,£4,13.3p each,
Morrisons High Strength Vitamin D Vitamins ,Morrisons High Strength Vitamin D Vitamins 90 per pack,£3.25,3.6p each,Winter Immune Booster Bundle for £8
Morrisons Hydrocolloid Dressings,Morrisons Hydrocolloid Dressings5 per pack,£2.60,52p each,
Morrisons Hydrocolloid Plasters ,Morrisons Hydrocolloid Plasters 16 per pack,£2.25,14.1p each,
Morrisons Ibuprofen 200mg Caplets,Morrisons Ibuprofen 200mg Caplets16 per pack,45p,2.8p each,
Morrisons Ibuprofen 200mg Tablets,Morrisons Ibuprofen 200mg Tablets16 per pack,45p,2.8p each,
Morrisons Ibuprofen Caplets,Morrisons Ibuprofen Caplets16 per pack,45p,2.8p each,
Morrisons Incontinence Pads Male,Morrisons Incontinence Pads Male10 per pack,£3,30p each,
Morrisons In Shape Chocolate Meal Replacement Drink,Morrisons In Shape Chocolate…348g,£5.50,£1.58 per 100g,
Morrisons In Shape Strawberry Meal Replacement Drink,Morrisons In Shape Strawberry…348g,£5.50,£1.58 per 100g,
Morrisons In Shape Vanilla Meal Replacement Drink,Morrisons In Shape Vanilla Meal Replacement Drink348g,£5.50,£1.58 per 100g,
Morrisons Iron 14 Mg ,Morrisons Iron 14 Mg 120 per pack,£2.50,2.1p each,
Morrisons Irritated Eye Drops,Morrisons Irritated Eye Drops10ml,£3.50,£3.50 per 10ml,
Morrisons Junior Paracetamol Suspension,Morrisons Junior Paracetamol Suspension100ml,£2.15,£2.15 per 100ml,
Morrisons Kids Chewable Multivitamins,Morrisons Kids Chewable Multivitamins90 per pack,£3,3.3p each,
Morrisons Kids Multivitamin & Omega Gummies Orange,Morrisons Kids Multivitamin…60 per pack,£5,8.3p each,
Morrisons Kids Multivitamin Gummies Strawberry,Morrisons Kids Multivitam…60 per pack,£5,8.3p each,
Morrisons Kids Vitamin C Immune Gummies Blackcurrant,Morrisons Kids Vitamin C Immu…60 per pack,£5,8.3p each,
Morrisons Knee Support Large,Morrisons Knee Support Large,£4.50,,
Morrisons Laxative Tablets,Morrisons Laxative Tablets20 per pack,£2.65,13.3p each,
Morrisons Lens Wipes 26 Pack,Morrisons Lens Wipes 26 Pack,£1.35,,
Morrisons Light Skin Tone Plasters,Morrisons Light Skin Tone Plasters40 per pack,£1.20,3p each,
Morrisons Long Lasting Pain Relief Ibuprofen Capsules,Morrisons Long Lasting Pain R…8 per pack,£2,25p each,
Morrisons Magnesium 375 Mg  ,Morrisons Magnesium 375 Mg  45 per pack,£3,6.7p each,
Morrisons Maxi Night Comfort Pads ,Morrisons Maxi Night Comfort Pads 6 per pack,£1.65,27.5p each,
Morrisons Max Strength Cold & Flu Day & Night Capsules,Morrisons Max Strength Cold & F…16 per pack,£2.50,15.6p each,
Morrisons Max Strength Cold & Flu Relief All In One Capsules,Morrisons Max Strength Cold & Flu R…16 per pack,£3,18.8p each,
Morrisons Max Strength Cold & Flu Relief Capsules,Morrisons Max Strength Cold & Flu Relief Capsules16 per pack,£2.50,15.6p each,
Morrisons Max Strength Cold & Flu Relief Sachets,Morrisons Max Strength Cold & Flu Relief Sachets10 per pack,£3.30,33p each,
Morrisons Max Strength Congestion Relief Capsules,Morrisons Max Strength Cong…12 per pack,£2.15,17.9p each,
Morrisons Medium Skin Tone Plasters,Morrisons Medium Skin Tone Plasters40 per pack,£1.20,3p each,
Morrisons Menopause Vitamins ,Morrisons Menopause Vitamins 30 per pack,£3.25,10.8p each,
Morrisons Men's A - Z 50+ Vitamins ,Morrisons Men's A - Z 50+ Vitamins 30 per pack,£3.50,11.7p each,
Morrisons Men'S Health Vitamins ,Morrisons Men'S Health Vitamins 30 per pack,£3.50,11.7p each,
Morrisons Microporous Tape ,Morrisons Microporous Tape ,£1.29,,
Morrisons Moleskin Roll,Morrisons Moleskin Roll,£3.70,,
Morrisons Morrisons Max Strength Lemon Cold & Flu Relief Sachets,Morrisons Morrisons Max Strength Lemo…10 per pack,£3,30p each,
Morrisons Multi Vitamins    ,Morrisons Multi Vitamins    60 per pack,£1,1.7p each,
Morrisons Multi Vitamins & Iron ,Morrisons Multi Vitamins & Iron 180 per pack,£3.50,1.9p each,
Morrisons Nasal Decongestant Spray,Morrisons Nasal Decongestant Spray15ml,£1.90,£12.67 per 100ml,
Morrisons Nicotine Replacement Lozenges 2Mg,Morrisons Nicotine Repl…72 per pack,£7,9.7p each,
Morrisons Nicotine Replacement Lozenges 4Mg,Morrisons Nicotine Repl…72 per pack,£7,9.7p each,
Morrisons Non-Adherent Dressing Pads,Morrisons Non-Adherent Dressing Pads5 per pack,£1.29,25.8p each,
Morrisons One-A-Day Hayfever & Allergy Relief Cetirizine Tablets,Morrisons One-A-Day Hayfever & Allerg…30 per pack,£2.89,9.6p each,
Morrisons One-A-Day Hayfever & Allergy Relief Tablets Loratadine,Morrisons One-A-Day Hayfever & Allerg…30 per pack,£2.89,9.6p each,
Morrisons One-a-Day Hay Fever Relief Tablets,Morrisons One-a-Day Hay Fever Relief Tablets14 per pack,£2.15,15.4p each,
Morrisons Orange Antacid Tablets,Morrisons Orange Antacid Tablets48 per pack,£2.69,5.6p each,
Morrisons Orange Flavour Chewable Vitamin C 1000 Mg,Morrisons Orange Flavour Chew…60 per pack,£3.50,5.8p each,Winter Immune Booster Bundle for £8
Morrisons Organic Muesli ,Morrisons Organic Muesli 500g,£2.50,50p per 100g,
Morrisons Organic Quinoa Flakes ,Morrisons Organic Quinoa Flakes 500g,£4.50,90p per 100g,
Morrisons Paracetamol 500 Mg Caplets,Morrisons Paracetamol 500 Mg Caplets16 per pack,39p,2.4p each,
Morrisons Paracetamol 500Mg Capsules,Morrisons Paracetamol 500Mg Capsules16 per pack,99p,6.2p each,
Morrisons Paracetamol 6+ Suspension,Morrisons Paracetamol 6+ Suspension80ml,£2.05,£2.56 per 100ml,
Morrisons Paracetamol Plus Caplets,Morrisons Paracetamol Plus Caplets16 per pack,£1,6.3p each,
Morrisons Peach Ethical Spectacle Spray & Cloth,Morrisons Peach Ethical Spectacle Spray & Cloth50ml,£2,£4.00 per 100ml,
Morrisons Peppermint Antacid Tablets,Morrisons Peppermint Antacid Tablets48 per pack,£2.69,5.6p each,
Morrisons Pregnancy Test Kits,Morrisons Pregnancy Test Kits2 per pack,£3.50,£1.75 each,
Morrisons Saline Solution,Morrisons Saline Solution360ml,£2,55.6p per 100ml,
Morrisons Self Adhesive Dressing ,Morrisons Self Adhesive Dressing 5 per pack,£1.49,29.8p each,
Morrisons Silicone Plasters,Morrisons Silicone Plasters12 per pack,£2,16.7p each,
"Morrisons Skin, Hair & Nails Vitamins ","Morrisons Skin, Hair & Nails Vitamins 30 per pack",£3.25,10.8p each,
Morrisons Sterile Cuts & Graze Plasters ,Morrisons Sterile Cuts & Graze Plasters 5 per pack,£1.49,29.8p each,
Morrisons Support Bandage  ,Morrisons Support Bandage  ,£3,,
Morrisons Tired Eye Drops,Morrisons Tired Eye Drops10ml,£2.50,£25.00 per 100ml,
Morrisons Travel First Aid Kit,Morrisons Travel First Aid Kit,£7.35,,
"Morrisons Vegan Omega 3,6 & 9","Morrisons Vegan Omega 3,6 & 930 per pack",£3,10p each,
Morrisons Vitamin B Complex ,Morrisons Vitamin B Complex 120 per pack,£2.50,2.1p each,Winter Immune Booster Bundle for £8
Morrisons Vitamin C & Zinc,Morrisons Vitamin C & Zinc60 per pack,£2.25,3.8p each,
Morrisons Vitamin C And Zinc Effervescent Vitamins,Morrisons Vitamin C And Zinc Effervescent Vitamins20 per pack,£1.35,6.8p each,
Morrisons Vitamin C Effervescent Vitamins,Morrisons Vitamin C Effervescent Vitamins20 per pack,£1.35,6.8p each,
Morrisons Vitamin E 400Iu ,Morrisons Vitamin E 400Iu 30 per pack,£2,6.7p each,
Morrisons Washproof Plasters    ,Morrisons Washproof Plasters    40 per pack,£1.20,3p each,
Morrisons Women's A - Z 50+ Vitamins ,Morrisons Women's A - Z 50+ Vitamins 30 per pack,£3.50,11.7p each,
Morrisons Women'S Health Vitamins ,Morrisons Women'S Health Vitamins 30 per pack,£3.50,11.7p each,
Motusol Pain Relief Gel 1.16% W/W 30g,Motusol Pain Relief Gel 1.16% W/W 30g30g,£4.79,£15.97 per 100g,
Motusol Pain Relief Gel 1.16% W/W 50g,Motusol Pain Relief Gel 1.16% W/W 50g50g,£5.50,£1.10 per 10g,"Offer price £5.50, was £6.79"
Motusol Pain Relief Gel 2.32% W/W 50g,Motusol Pain Relief Gel 2.32% W/W 50g50g,£7,£1.40 per 10g,"Offer price £7, was £8.99"
Musclefood High Protein Bar Cookies & Cream ,Musclefood High Protein Bar Cookies & Cream 45g,£1.50,£3.33 per 100g,
Musclefood High Protein Bar Salted Caramel ,Musclefood High Protein Bar Salted Caramel 45g,£1.50,£3.33 per 100g,
Myprotein Clear Whey Isolate Orange & Mango,Myprotein Clear Whey Isolate Orange & Mango261g,£15,£5.75 per 100g,
Myprotein Clear Whey Isolate Peach Tea,Myprotein Clear Whey Isolate Peach Tea244g,£15,£6.15 per 100g,
Myprotein Gooey Filled Cookie Double Choc & Caramel,Myprotein Gooey Filled Cookie…75g,£2.50,£3.33 per 100g,
Myprotein Layered Treat Without The Cheat Choc Sundae,Myprotein Layered Treat Witho…60g,£2.50,£4.17 per 100g,
Myprotein Layered Treat Without The Cheat Peanut Butter,Myprotein Layered Treat Without…60g,£2.50,£4.17 per 100g,
Nasacort Nasal Spray,Nasacort Nasal Spray15ml,£6,£4.00 per 10ml,
Natures Aid 100% MCT Oil Premium Coconut Oil ,Natures Aid 100% MCT Oil Premium Coconut Oil 500ml,£19,£3.80 per 100ml,
Natures Aid 100% MCT Oil Premium Coconut Oil Supplement Capsules ,Natures Aid 100% MCT Oil Premium Coco…120 per pack,£22.70,18.9p each,
Natures Aid Advanced Acidophilus Complex Supplement Capsules ,Natures Aid Advanced Acidophilus Co…60 per pack,£9,15p each,
"Natures Aid Calcium, Magnesium & Vitamin D3 Tablets ","Natures Aid Calcium, Magnesiu…90 per pack",£6,6.7p each,
"Natures Aid Calcium, Magnesium & Zinc Supplement Tablets","Natures Aid Calcium, Magnesium…90 per pack",£8,8.9p each,
Natures Aid Chewable Vitamin C Supplement Capsules 500mg ,Natures Aid Chewable Vitamin C Su…50 per pack,£5.20,10.4p each,
Natures Aid Collagen Beauty Formula Supplement Capsules ,Natures Aid Collagen Beauty For…90 per pack,£20,22.2p each,
"Natures Aid Complete EFA Omega's 3,6 & 9 Soft Gel Capsules ",Natures Aid Complete EFA Omega's…90 per pack,£13,14.4p each,
Natures Aid Cranberry Supplement Tablets 5000mg ,Natures Aid Cranberry Suppl…30 per pack,£5,16.7p each,
Natures Aid Evening Primrose Oil Soft Gel Capsules 1000mg,Natures Aid Evening Primrose Oil…,£12.50,£12.50 each,
Natures Aid Evening Primrose Oil Soft Gel Capsules 1000mg,Natures Aid Evening Primrose Oil…90 per pack,£15,16.7p each,
"Natures Aid Ginger, Turmeric & Bromlelain Supplement Tablets ","Natures Aid Ginger, Turmeric & Brom…60 per pack",£8,13.3p each,
Natures Aid  Ginkgo Biloba Supplement Tablets 6000mg,Natures Aid  Ginkgo Biloba Su…90 per pack,£10,11.1p each,
Natures Aid Glucosamine MSM & Chondroitin ,Natures Aid Glucosamine MSM & Chondroitin 90 per pack,£15,16.7p each,
Natures Aid High Strength Co-Enzyme Q10 Supplement Soft Gels 100mg,Natures Aid High Strength C…90 per pack,£41,45.6p each,
Natures Aid High Strength Vitamin D3 Tablets 1000iu ,Natures Aid High Strength Vitamin D3 Tablets 1000iu 90 per pack,£6.50,7.2p each,
Natures Aid Infant's & Kid's Iron Mini Drops 10mg 3mnths - 5yrs ,Natures Aid Infant's & Kid's Iron Min…50ml,£8.30,£16.60 per 100ml,
Natures Aid Low Acid Vitamin C Tablets 1000mg ,Natures Aid Low Acid Vitamin C Tablets 1000mg 90 per pack,£8,8.9p each,
Natures Aid Magnesium Citrate Supplement Capsules 119mg,Natures Aid Magnesium Citrate S…60 per pack,£8.95,14.9p each,
Natures Aid Maximum Strength Vitamin D3 Tablets 5000iu ,Natures Aid Maximum Strength Vi…60 per pack,£10,16.7p each,
Natures Aid Microbiotics Pro-30 Max Super Strength Supplement Capsules ,Natures Aid Microbiotics Pro…30 per pack,£17,56.7p each,
Natures Aid Mini Drops DHA Omega-3 for Infants & Children,Natures Aid Mini Drops DHA Omega…50ml,£10,£20.00 per 100ml,
Natures Aid Mini Drops Immune Plus for Infants & Children,Natures Aid Mini Drops Immune Plu…,£8.95,£8.95 each,
Natures Aid Mini Drops Vitamin C Sprinkles,Natures Aid Mini Drops Vitamin C Sprinkles90g,£7.25,£8.06 per 100g,
Natures Aid PremEeze Agnus Castus Capsules 400mg,Natures Aid PremEeze Agnus…60 per pack,£10,16.7p each,
Natures Aid Probiotic Complex Supplement Capsules ,Natures Aid Probiotic Compl…60 per pack,£11.79,19.6p each,
Natures Aid Sea Buckthorn Oil Omega-7 Soft Gel Supplement Capsules 500mg ,Natures Aid Sea Buckthorn Oil O…60 per pack,£16.50,27.5p each,
Natures Aid Superfoods Tumeric Supplement Capsules 8200mg,Natures Aid Superfoods Tumeric Su…30 per pack,£9.95,33.2p each,
Natures Aid Super Strength Omega-3 Fish Oil Softgels,Natures Aid Super Strength Om…60 per pack,£12,20p each,
Natures Aid Super Strength Vitamin D3 Tablets 4000iu ,Natures Aid Super Strength Vi…60 per pack,£9.30,15.5p each,
Natures Aid Ubiquinol reduced Co-Q-10 Soft Gels 50mg ,Natures Aid Ubiquinol reduced…30 per pack,£16,53.3p each,
Natures Aid Ucalm 300mg T St John's Wort Extract Tablets ,Natures Aid Ucalm 300mg T St John…60 per pack,£9.99,16.7p each,
Natures Aid Vegetarian Flaxseed Oil 1000mg Capsules,Natures Aid Vegetarian Flaxse…90 per pack,£9,10p each,
Natures Aid Vitamin B12 Supplement Tablets 1000ug ,Natures Aid Vitamin B12 Sup…90 per pack,£8.50,9.4p each,
Natures Aid Vitamin B Complex 50 + C Supplement Tablets ,Natures Aid Vitamin B Complex 5…30 per pack,£5.50,18.3p each,
Natures Aid Vitamin E Supplement Soft Gels 400iu ,Natures Aid Vitamin E Suppl…60 per pack,£12,20p each,
Natures Aid Zinc + C Supplement Lozenges ,Natures Aid Zinc + C Supplement Lozenges 30 per pack,£4,13.3p each,
Naturya Flaxseed Apple & Cinnamon,Naturya Flaxseed Apple & Cinnamon240g,£4.80,£2.00 per 100g,
Naturya Flaxseed Mix Berry,Naturya Flaxseed Mix Berry240g,£4.80,£2.00 per 100g,
Naturya Under Skin Vanilla,Naturya Under Skin Vanilla140g,£7.99,£5.71 per 100g,
Nelsons Arnica Cream,Nelsons Arnica Cream30g,£3.75,£12.50 per 100g,
Nexba Elder Lemon Kombucha ,Nexba Elder Lemon Kombucha 1L,£2.75,£2.75 per litre,
Nexba Mango Kombucha ,Nexba Mango Kombucha 330ml,£1.50,45.5p per 100ml,
Nexium Heartburn Remedies 14 Tablets ,Nexium Heartburn Remedies 14 Tablets 14 per pack,£13,92.9p each,
Nexium Heartburn Remedies 7 Tablets ,Nexium Heartburn Remedies 7 Tablets 7 per pack,£6,85.7p each,
Nicorette 15mg Inhalator (Stop Smoking Aid),Nicorette 15mg Inhalator (Stop Smoking Aid)20 per pack,£23,£1.15 each,
Nicorette Cools 2mg Lozenge- Icy Mint (Stop Smoking Aid),Nicorette Cools 2mg Lozenge- Ic…80 per pack,£18,22.5p each,
Nicorette Cools 4mg Lozenge- Icy Mint (Stop Smoking Aid),Nicorette Cools 4mg Lozenge- Ic…,£18,,
Nicorette Gum Original Flavour 4Mg,Nicorette Gum Original Flavour 4Mg210 per pack,£24,11.4p each,
Nicorette Icy White 2mg Gum (Stop Smoking Aid),Nicorette Icy White 2mg Gum (Stop Smoking Aid)105 per pack,£15.50,14.8p each,
Nicorette Icy White 2mg Gum (Stop Smoking Aid),Nicorette Icy White 2mg Gum (Stop Smoking Aid),£24,,
Nicorette Icy White 4mg Gum (Stop Smoking Aid),Nicorette Icy White 4mg Gum (Stop Smoking Aid)105 per pack,£15.49,14.8p each,
Nicorette Invisi 25mg Patch (Stop Smoking Aid),Nicorette Invisi 25mg Patch (Stop Smoking Aid)7 per pack,£14,£2.00 each,
Nicorette Nasal Spray,Nicorette Nasal Spray10ml,£23,£23.00 per 10ml,
Nicorette Original 2mg  Gum (Stop Smoking Aid),Nicorette Original 2mg  Gum (Stop Smoking Aid)210 per pack,£24,11.4p each,
Nicorette Original 4mg Gum (Stop Smoking Aid),Nicorette Original 4mg Gum (Stop Smoking Aid)105 per pack,£10,9.5p each,
Nicorette Original Nicotine Gum Sugar Free 2mg,Nicorette Original Nicotine Gum Sugar Free 2mg105 per pack,£15.49,14.8p each,
Nicorette QuickMist Cool Berry Mouthspray  (Stop Smoking Aid),Nicorette QuickMist Cool Berry Mout…150ml,£20,£13.33 per 100ml,
Nicorette QuickMist Mouthspray Freshmint (Stop Smoking Aid),Nicorette QuickMist Mouthspray Fr…,£20,,
Nicorette QuickMist Mouthspray Freshmint (Stop Smoking Aid),Nicorette QuickMist Mouthspray Fr…2 per pack,£29,£14.50 each,
Nicorette Quickmist Smarttrack Mouthspray + App 150 Sprays,Nicorette Quickmist Smarttrack Mo…150 per pack,£17,11.3p each,
Nicotinell 1MG Lozenge 204S,Nicotinell 1MG Lozenge 204S,£20,,
Nicotinell 24 Hour Patch 21 Mg  ,Nicotinell 24 Hour Patch 21 Mg  7 per pack,£9,£1.28 each,"Offer price £9, was £12"
Nicotinell 2mg Lozenge 204'S,Nicotinell 2mg Lozenge 204'S,£20,,
Nicotinell Fruit Nicotine Gum 2mg,Nicotinell Fruit Nicotine Gum 2mg96 per pack,£13,13.5p each,
Nicotinell Lozenge Mint 1 Mg,Nicotinell Lozenge Mint 1 Mg144 per pack,£17.50,12.2p each,
Nicotinell Mint Lozenge 2 Mg      ,Nicotinell Mint Lozenge 2 Mg      144 per pack,£17.50,12.2p each,
Nicotinell Mint Nicotine Gum 2mg,Nicotinell Mint Nicotine Gum 2mg96 per pack,£13,13.5p each,
Nicotinell Mint Nicotine Lozenge 1mg,Nicotinell Mint Nicotine Lozenge 1mg96 per pack,£11,11.4p each,"Offer price £11, was £13"
Nicotinell Mint Nicotine Lozenge 2mg,Nicotinell Mint Nicotine Lozenge 2mg96 per pack,£11,11.4p each,"Offer price £11, was £13"
"NiQuitin Clear Patch - Step 1 21mg, 14 Nicotine Patches - Stop Smoking Aid",NiQuitin Clear Patch - Step 1 2…14 per pack,£20,£1.43 each,
"NiQuitin Clear Patch -Step 1 21mg, 7 Nicotine Patches - Stop Smoking Aid",NiQuitin Clear Patch -Step 1 21…7 per pack,£14,£2.00 each,
"NiQuitin Clear Patch - Step 2 14mg, 7 Nicotine Patches - Stop Smoking Aid",NiQuitin Clear Patch - Step 2 1…7 per pack,£14,£2.00 each,
"NiQuitin Mini Mint Nicotine Lozenges -1.5mg, 60 Minis - Stop Smoking Aid",NiQuitin Mini Mint Nicotine Lozenges -1.5mg…3 x 20 per pack,£16,26.7p each,
"NiQuitin Mini Mint Nicotine Lozenges -4mg, 60 Minis - Stop Smoking Aid",NiQuitin Mini Mint Nicotine Lozenges -4mg…60 per pack,£16,26.7p each,
Niquitin Minis Mint 1.5Mg 100 Lozenges,Niquitin Minis Mint 1.5Mg 100 Lozenges,£22,,
Niquitin Minis Mint 4Mg 100 Lozenges,Niquitin Minis Mint 4Mg 100 Lozenges100 per pack,£19.80,19.8p each,
"NiQuitin Mint Lozenge - 4mg, 72 Nicotine Lozenges -Stop Smoking Aid",NiQuitin Mint Lozenge - 4mg…72 per pack,£10,13.9p each,
Nivea Hydro Care Lip Balm With Spf 15,Nivea Hydro Care Lip Balm With Spf 154.8g,£2,£41.67 per 100g,
Nivea Original Care Lip Balm,Nivea Original Care Lip Balm4.8g,£2.35,£48.96 per 100g,
Nordic Spirit Mocha Strong,Nordic Spirit Mocha Strong,£5.50,,
Nudie Cheese & Onion Cauliflower Crisps,Nudie Cheese & Onion Cauliflower Crisps,£2,,
Nudie Katsu Cauliflower Crisps,Nudie Katsu Cauliflower Crisps22g,£1,£4.55 per 100g,
Nurofen Express 256mg Pain Relief Tablets Ibuprofen,Nurofen Express 256mg Pain Re…16 per pack,£4,25p each,
Nurofen Express Ibuprofen Caplets 256mg,Nurofen Express Ibuprofen Caplets 256mg12 per pack,£3,25p each,
Nurofen Express Pain Relief 200mg Liquid Capsules Ibuprofen,Nurofen Express Pain Relief 200mg…16 per pack,£4,25p each,
Nurofen Express Pain Relief 200mg Liquid Capsules Ibuprofen,Nurofen Express Pain Relief 200mg…10 per pack,£3,30p each,
Nurofen Express Pain Relief 200mg Liquid Capsules Ibuprofen,Nurofen Express Pain Relief 200mg…6 per pack,£2,33.3p each,
Nurofen for Children Orange Oral Suspension 3mths to 9yrs Ibuprofen,Nurofen for Children Orange Oral Suspen…100ml,£3.85,£3.85 per 100ml,
Nurofen for Children Strawberry Oral Suspension 3mths to 9yrs,Nurofen for Children Strawberry Ora…100ml,£3.85,£3.85 per 100ml,
Nurofen Joint & Back Pain Relief Max Strength 10% Gel Ibuprofen,Nurofen Joint & Back Pain Relief Max…40g,£7.50,£18.75 per 100g,
Nurofen Joint & Muscular Pain Relief 200Mg Medicated Plasters,Nurofen Joint & Muscular Pain Relie…2 per pack,£8,£4.00 each,
Nurofen Meltlets Self-Dissolving Pain Relief Tablets Lemon 200mg Ibuprofen,Nurofen Meltlets Self-Dissolvin…12 per pack,£4,33.3p each,
Nurofen Migraine Pain Ibuprofen Caplets 342mg,Nurofen Migraine Pain Ibuprofen Caplets 342mg12 per pack,£3.20,26.7p each,
Nurofen Pain Relief 200mg Soft Capsules Ibuprofen,Nurofen Pain Relief 200mg S…16 per pack,£4,25p each,
Nurofen Pain Relief 200mg Tablets Ibuprofen,Nurofen Pain Relief 200mg Tablets Ibuprofen16 per pack,£2,12.5p each,
Nurofen Pain Relief 256mg Caplets Ibuprofen,Nurofen Pain Relief 256mg Caplets Ibuprofen16 per pack,£3.50,21.9p each,
Nuromol Dual Action Pain Relief,Nuromol Dual Action Pain Relief12 per pack,£4,33.3p each,
Nuromol Dual Action Pain Relief,Nuromol Dual Action Pain Relief16 per pack,£5,31.3p each,
Nuromol Dual Action Pain Relief 6 Tablets,Nuromol Dual Action Pain Relief 6 Tablets6 per pack,£2.50,41.7p each,
Nutrigums Apple Cider Vinegar Gummies,Nutrigums Apple Cider Vinegar Gummies60 per pack,£5.60,9.3p each,"Offer price £5.60, was £8"
Nutrigums Hair Vitamin Complex Gummies Cherry Flavour Gummies,Nutrigums Hair Vitamin Complex Gumm…60 per pack,£8,13.3p each,
Nutrigums Immune Support Gummies Blueberry Flavour Gummies,Nutrigums Immune Suppor…60 per pack,£5.60,9.3p each,"Offer price £5.60, was £8"
Nutrigums Turmeric Black Pepper & Ginger Gummies ,Nutrigums Turmeric Black Pepper & Ginger Gummies 60 per pack,£5.60,9.3p each,"Offer price £5.60, was £8"
Nutrigums Vitamin C Gummies Orange Flavour Gummies,Nutrigums Vitamin C Gummies…60 per pack,£6,10p each,"Offer price £6, was £8"
Nutrigums Vitamin D3 Gummies Lemon Flavour Gummies,Nutrigums Vitamin D3 Gummie…60 per pack,£6,10p each,"Offer price £6, was £8"
Nytol Herbal - Traditional Herbal Remedy Used for Sleeplessness Relief ,Nytol Herbal - Traditional Herbal Remedy…30 per pack,£4,13.3p each,
Nytol Herbal Simply Sleep & Calm Elixir,Nytol Herbal Simply Sleep & Calm Elixir100ml,£5.20,£5.20 per 100ml,
Nytol Simply Sleep Herbal One A Night Tablets,Nytol Simply Sleep Herbal One A Night Tablets21 per pack,£5.20,24.8p each,"Offer price £5.20, was £6"
Ocean's Halo Sea Salt Seaweed Snack,Ocean's Halo Sea Salt Seaweed Snack4g,80p,£20.00 per 100g,
Odor Eaters Deodorising Ultra Comfort Insoles Shoe Care,Odor Eaters Deodorising Ultra C…,£3.80,,
Odor Eaters Foot & Shoe Spray,Odor Eaters Foot & Shoe Spray,£4,,
Oilatum Bath Formula,Oilatum Bath Formula150ml,£5.25,£3.50 per 100ml,
Olbas For Children Decongestant Oil ,Olbas For Children Decongestant Oil 12ml,£4.50,£3.75 per 10ml,
Olbas Inhaler Nasal Stick,Olbas Inhaler Nasal Stick,£2.50,,
Olbas Menthol Pastilles,Olbas Menthol Pastilles45g,£3,£6.67 per 100g,
Olbas Oil Decongestant ,Olbas Oil Decongestant 30ml,£7,£2.33 per 10ml,
One Nutrition Revive & Go Immunity Capsules,One Nutrition Revive & Go Immunity Capsules30 per pack,£22.45,74.8p each,
One Nutrition Vegan Complete Capsules,One Nutrition Vegan Complete Capsules30 per pack,£22.45,74.8p each,
One Nutrition Vitamin B12-Max Oral Spray,One Nutrition Vitamin B12-Max Oral Spray30ml,£13.30,£44.33 per 100ml,
One Nutrition Vitamin D3 Max Oral Spray,One Nutrition Vitamin D3 Max Oral Spray30ml,£13.30,£44.33 per 100ml,
Opticlear Lens Wipes       ,Opticlear Lens Wipes       26 per pack,£1.50,5.8p each,
Optimum Nutrition Chocolate Brownie Protein Crisp Bar,Optimum Nutrition Chocolate B…65g,£1.90,£2.93 per 100g,"Offer price £1.90, was £2.50"
Optimum Nutrition Fruit & Nut Protein Crisp Bar,Optimum Nutrition Fruit & Nut Protein Crisp Bar70g,£1.90,£2.71 per 100g,"Offer price £1.90, was £2.50"
Optimum Nutrition Gold Bcaa Raspberry & Pomegranate,Optimum Nutrition Gold Bcaa R…266g,£22,£8.27 per 100g,"Offer price £22, was £28"
Optimum Nutrition Gold Standard 100% Plant Vanilla,Optimum Nutrition Gold Stan…684g,£14,£2.05 per 100g,
Optimum Nutrition Gold Standard 100% Whey Delicious Strawberry,Optimum Nutrition Gold Standard 100…900g,£30,£3.34 per 100g,"Offer price £30, was £33"
Optimum Nutrition Gold Standard 100% Whey Double Rich Chocolate,Optimum Nutrition Gold Standard 100%…899g,£24,£2.67 per 100g,"Offer price £24, was £33"
Optimum Nutrition Gold Standard 100% Whey Vanilla Ice Cream,Optimum Nutrition Gold Standard 1…900g,£30,£3.34 per 100g,"Offer price £30, was £33"
Optimum Nutrition Gold Standard Pre-Workout Fruit Punch,Optimum Nutrition Gold Standard…330g,£24,£7.27 per 100g,"Offer price £24, was £26"
Optimum Nutrition Plant Protein Bar Chocolate Mint,Optimum Nutrition Plant Pro…60g,£1.90,£3.17 per 100g,"Offer price £1.90, was £2.50"
Optimum Nutrition Plant Protein Bar Chocolate Sea Salt,Optimum Nutrition Plant Protein…60g,£1.90,£3.17 per 100g,"Offer price £1.90, was £2.50"
Optimum Nutrition Whipped Protein Bar Chocolate Caramel,Optimum Nutrition Whipped Prote…60g,£1.90,£3.17 per 100g,"Offer price £1.90, was £2.50"
Optrex Actimist 2In1 Eye Spray,Optrex Actimist 2In1 Eye Spray10ml,£13,£130.00 per 100ml,
Optrex Actimist Double Action Tired And Strained Eyes,Optrex Actimist Double Action…10ml,£16,£160.00 per 100ml,
Optrex Actimist Eye Spray,Optrex Actimist Eye Spray10ml,£13,£130.00 per 100ml,
Optrex Double Action Dry Eye Drops,Optrex Double Action Dry Eye Drops10ml,£10,£100.00 per 100ml,
Optrex Eyedew Dazzling Eye Drops,Optrex Eyedew Dazzling Eye Drops10ml,£5,£50.00 per 100ml,
Optrex Hayfever Relief Eye Drops ,Optrex Hayfever Relief Eye Drops 10ml,£6,£60.00 per 100ml,
Optrex Intensive Dry Eye Drops ,Optrex Intensive Dry Eye Drops 10ml,£5,£50.00 per 100ml,
Optrex Itchy Eyes    ,Optrex Itchy Eyes    10ml,£5,£50.00 per 100ml,
Optrex Multi-Action Eye Wash,Optrex Multi-Action Eye Wash100ml,£4.50,£4.50 per 100ml,
Optrex Night Repair Gel Drops ,Optrex Night Repair Gel Drops 10ml,£10.99,£109.90 per 100ml,
Optrex Refresh Drops,Optrex Refresh Drops10ml,£5,£50.00 per 100ml,
Orajel Dental Gel,Orajel Dental Gel5.3g,£3.50,£66.04 per 100g,
Oral-B Sensitivity & Gum Calm Original Toothpaste,Oral-B Sensitivity & Gum Calm Original Toothpaste75ml,£5,£6.67 per 100ml,
Oshee Vitamin Water Magnesium + B6 ,Oshee Vitamin Water Magnesium + B6 555ml,£1.25,22.5p per 100ml,
Oshee Vitamin Water Vitamins And Minerals ,Oshee Vitamin Water Vitamins And Minerals 555ml,£1.25,22.5p per 100ml,
Osteocare Original,Osteocare Original30 per pack,£5.50,18.3p each,
Otex Express,Otex Express10ml,£5.99,£59.90 per 100ml,
Otex Olive Oil Ear Drops,Otex Olive Oil Ear Drops10ml,£3.20,£32.00 per 100ml,"Offer price £3.20, was £4"
Otrivine Adult Metered Dose 0.1% Nasal Spray,Otrivine Adult Metered Dose 0.1% Nasal Spray10ml,£4,£40.00 per 100ml,"Offer price £4, was £4.49"
Otrivine Allergy Relief 0.1% Nasal Spray ,Otrivine Allergy Relief 0.1% Nasal Spray 10ml,£4.49,£4.49 per 10ml,
Otrivine Congestion Relief Nasal Spray,Otrivine Congestion Relief Nasal Spray10ml,£5.25,£52.50 per 100ml,
Palmer's Coconut Oil Lip Balm SPF 15 ,Palmer's Coconut Oil Lip Balm SPF 15 4g,£1.50,£37.50 per 100g,"Offer price £1.50, was £2"
Panadol Actifast,Panadol Actifast14 per pack,£3.49,24.9p each,
Panadol Actifast Soluble,Panadol Actifast Soluble24 per pack,£5,20.8p each,
Panadol Extra Advance,Panadol Extra Advance14 per pack,£2.40,17.1p each,"Offer price £2.40, was £2.90"
Panadol Extra Soluble,Panadol Extra Soluble24 per pack,£5.25,21.9p each,
Panadol Original Tablets Paracetamol,Panadol Original Tablets Paracetamol12 per pack,£1.20,10p each,
Paw Patrol Digital Thermometer,Paw Patrol Digital Thermometer,£3,,
Peach Pure Tea Tree Oil ,Peach Pure Tea Tree Oil 10ml,£2.50,£25.00 per 100ml,
Peppa Pig Plasters,Peppa Pig Plasters22 per pack,£2.50,11.4p each,
Phd Charge Sherbet Lemon,Phd Charge Sherbet Lemon300g,£20,£6.67 per 100g,
Phd Diet Plant Strawberries & Cream,Phd Diet Plant Strawberries & Cream500g,£18,£3.60 per 100g,
Phd Diet Whey Belgian Chocolate,Phd Diet Whey Belgian Chocolate1kg,£26.99,£2.70 per 100g,
Phd Diet Whey Vanilla,Phd Diet Whey Vanilla1kg,£26.99,£26.99 per kg,
PhD Nutrition Belgian Chocolate Diet Whey Powder,PhD Nutrition Belgian Choco…1kg,£27,£2.70 per 100g,
PhD Nutrition Caramel Crunch Smart Bar ,PhD Nutrition Caramel Crunch Smart Bar 64g,£2.50,£3.91 per 100g,
PhD Nutrition Chocolate Brownie Smart Bar ,PhD Nutrition Chocolate Brownie Smart Bar 64g,£2.50,£3.91 per 100g,
PhD Nutrition Chocolate Peanut Diet Whey Powder,PhD Nutrition Chocolate Peanut Diet Whey Powder1kg,£27,£2.70 per 100g,
PhD Nutrition Choc Peanut Butter Smart Bar,PhD Nutrition Choc Peanut Butter Smart Bar64g,£2.50,£3.91 per 100g,
PhD Nutrition Cookies & Cream Smart Bar,PhD Nutrition Cookies & Cream Smart Bar64g,£2.50,£3.91 per 100g,
PhD Nutrition Dark Choc Raspberry Smart Bar ,PhD Nutrition Dark Choc Raspberry Smart Bar 64g,£2.50,£3.91 per 100g,
PhD Nutrition Salted Caramel Diet Whey Powder,PhD Nutrition Salted Cara…Typically: 1kg,£27,£2.70 per 100g,
PhD Nutrition Strawberry Delight Diet Whey Powder,PhD Nutrition Strawberry Delight Diet Whey Powder1kg,£27,£2.70 per 100g,
Phd Smart Bar Birthday Cake,Phd Smart Bar Birthday Cake64g,£2.25,£3.52 per 100g,
Phd Smart Bar Salted Fudge Brownie,Phd Smart Bar Salted Fudge Brownie64g,£2.25,£3.52 per 100g,
PHD Smart Protein Chocolate Brownie,PHD Smart Protein Chocolate Brownie510g,£18,£3.53 per 100g,
Phd Smart Protein Plant Chocolate Cookie,Phd Smart Protein Plant Chocolate Cookie500g,£18,£36.00 per kg,
Phd Smart Protein Salted Caramel,Phd Smart Protein Salted Caramel510g,£18,£35.29 per kg,
Phillips' Milk of Magnesia Liquid,Phillips' Milk of Magnesia Liquid200ml,£5,£2.50 per 100ml,
Pirinase Allergy Relief Hayfever Nasal Spray,Pirinase Allergy Relief Hayfever Nasal Spray60 per pack,£6,10p each,
Piriteze Allergy Syrup Sugar Free Banana Flavour,Piriteze Allergy Syrup Suga…70ml,£6,£8.57 per 100ml,
Piriteze Allergy Tablets,Piriteze Allergy Tablets14 per pack,£6,42.9p each,
Piriteze Allergy Tablets One a Day,Piriteze Allergy Tablets One a Day7 per pack,£3,42.9p each,
Piriteze One-A-Day Tablets,Piriteze One-A-Day Tablets30 per pack,£7.50,25p each,
Potters Mucus Cough Pastilles ,Potters Mucus Cough Pastilles 20 per pack,£3,15p each,
Pregnacare Conception,Pregnacare Conception30 per pack,£8.50,28.3p each,
Profoot Double Cushion Insoles,Profoot Double Cushion Insoles,£4,,
Profoot Mycosan Fungal Nail Treatment,Profoot Mycosan Fungal Nail Treatment,£20,,
Profoot Soft Gel Corn Wraps  Z,Profoot Soft Gel Corn Wraps  Z,£3,,
Profusion Gluten Free Chickpea Fusilli,Profusion Gluten Free Chickpea Fusilli250g,£2.80,£1.12 per 100g,
Profusion Gluten Free Chickpea Penne,Profusion Gluten Free Chickpea Penne250g,£2.80,£1.12 per 100g,
Profusion Lasagne Sheets,Profusion Lasagne Sheets250g,£3.80,£1.52 per 100g,
Profusion Spaghetti,Profusion Spaghetti250g,£2.80,£1.12 per 100g,
Promensil Maintenance Menopause Original Formula Supplement Tablets ,Promensil Maintenance Menopau…30 per pack,£20.42,68.1p each,
Promensil Menopause Cooling Spray ,Promensil Menopause Cooling Spray 75ml,£14.99,£19.99 per 100ml,
Promensil Starter Menopause Double Strength Supplement Tablets ,Promensil Starter Menopau…60 per pack,£46.99,78.3p each,
Pro Plus Caffeine Tablets,Pro Plus Caffeine Tablets48 per pack,£4,8.3p each,
Pukka Organic Aloe Vera Juice ,Pukka Organic Aloe Vera Juice 1L,£14.99,£1.50 per 100ml,
Pulsin Keto Bar Chocolate Fudge,Pulsin Keto Bar Chocolate Fudge50g,£1.50,£3.00 per 100g,"Offer price £1.50, was £2"
Pulsin Keto Bar Orange Chocolate,Pulsin Keto Bar Orange Chocolate50g,£1.50,£3.00 per 100g,"Offer price £1.50, was £2"
Pulsin Keto Protein Vanilla,Pulsin Keto Protein Vanilla252g,£15,£5.95 per 100g,"Offer price £15, was £19"
Pyrocalm Control 20mg Gastro-Resistant Tablets Omeprazole,Pyrocalm Control 20mg Gastro-Resi…14 per pack,£11,78.6p each,
Pyrocalm Control 20mg Gastro-Resistant Tablets Omeprazole ,Pyrocalm Control 20mg Gastro-Resi…7 per pack,£7,£1.00 each,
Raw Halo Artisan Raw Chocolate Pure Dark,Raw Halo Artisan Raw Chocolate Pure Dark70g,£3,£4.29 per 100g,
Reign Melon Mania Zero Sugar Energy Drink,Reign Melon Mania Zero Sugar Energy Drink500ml,£1.85,37p per 100ml,Buy 2 for £2.60
Reign Orange Dreamsicle Zero Sugar Energy Drink,Reign Orange Dreamsicle Zero Sugar Energy Drink500ml,£1.85,37p per 100ml,Buy 2 for £2.60
Reign Peach Fizz Zero Sugar Energy Drink ,Reign Peach Fizz Zero Sugar Energy Drink 500ml,£1.85,37p per 100ml,Buy 2 for £2.60
Reign Razzle Berry Zero Sugar Energy Drink,Reign Razzle Berry Zero Sugar Energy Drink500ml,£1.60,32p per 100ml,Buy 2 for £2.60
Rennie Deflatine Wind Relief Chewable Tablets,Rennie Deflatine Wind Relief Chewable Tablets18 per pack,£3.20,17.8p each,
Rennie Liquid Heartburn & Indigestion Relief Peppermint,Rennie Liquid Heartburn & Indig…150ml,£4,£2.67 per 100ml,
Rennie Orange Heartburn & Indigestion Chewable Tablets,Rennie Orange Heartburn & Indig…24 per pack,£2.20,9.2p each,
Rennie Peppermint Heartburn & Indigestion Chewable Tablets,Rennie Peppermint Heartburn & Ind…24 per pack,£2.20,9.2p each,
Rennie Peppermint Heartburn & Indigestion Chewable Tablets,Rennie Peppermint Heartburn & Ind…72 per pack,£5.45,7.6p each,
Rennie Peppermint Heartburn & Indigestion Chewable Tablets,Rennie Peppermint Heartburn & Ind…24 per pack,£2.20,9.2p each,
Rennie Spearmint Heartburn & Indigestion Chewable Tablets,Rennie Spearmint Heartburn & Indi…24 per pack,£2.20,9.2p each,
Rennie Spearmint Heartburn & Indigestion Chewable Tablets,Rennie Spearmint Heartburn & Indi…72 per pack,£5.45,7.6p each,
Rennie Sugar-Free Heartburn & Indigestion Chewable Tablets,Rennie Sugar-Free Heartburn & Ind…24 per pack,£2.20,9.2p each,
Replens MD Long Lasting Vaginal Moisturiser,Replens MD Long Lasting Vaginal Moisturiser35g,£11.50,£3.29 per 10g,
Rescue Night Dropper,Rescue Night Dropper10ml,£7.50,£75.00 per 100ml,
Rescue Pastilles Blackcurrant,Rescue Pastilles Blackcurrant50g,£5.75,£11.50 per 100g,
Rescue Remedy Dropper,Rescue Remedy Dropper10ml,£7.50,£75.00 per 100ml,
Sambucol Black Elderberry Immuno Forte Effervescent Tablets,Sambucol Black Elderberry Immuno…15 per pack,£9,60p each,
Sambucol Extra Defence Syrup,Sambucol Extra Defence Syrup120ml,£12.05,£10.04 per 100ml,
Sambucol Immuno Forte Capsules,Sambucol Immuno Forte Capsules30 per pack,£13.99,46.6p each,
Savlon Antiseptic Cream,Savlon Antiseptic Cream30g,£2.20,73.3p per 10g,
Savlon Plus Advanced Healing Gel,Savlon Plus Advanced Healing Gel50g,£4.60,£9.20 per 100g,
Scholl Athletes Foot Spray,Scholl Athletes Foot Spray150ml,£6.90,£4.60 per 100ml,
Scholl Athlete's Foot Spray,Scholl Athlete's Foot Spray250ml,£6,£2.40 per 100ml,
Scholl Corn Pen ,Scholl Corn Pen 4ml,£12,£30.00 per 10ml,
Scholl Corn Treatment Kit,Scholl Corn Treatment Kit,£6,,
Scholl Cracked Heel Cream,Scholl Cracked Heel Cream60ml,£5,£8.33 per 100ml,
Scholl Fungal Nail Treatment Kit,Scholl Fungal Nail Treatment Kit,£20,,
Scholl Gel Active Work Female,Scholl Gel Active Work Female,£12,,"Offer price £12, was £16"
Scholl Gel Active Work Man,Scholl Gel Active Work Man,£12,,"Offer price £12, was £16"
Scholl Light Legs Tights 20 Denier Nude Extra Large,Scholl Light Legs Tights 20 D…,£14.98,,
Scholl Pressure Point Foam Padding   ,Scholl Pressure Point Foam Padding   ,£2.25,,
Scholl Seal & Heal Verruca Removal Gel,Scholl Seal & Heal Verruca Removal Gel1ml,£7,£700.00 per 100ml,
Scholl Shock Reducer Everyday Insoles One Pair,Scholl Shock Reducer Everyday Insoles One Pair,£6,,
Scholl Velvet Smooth Electronic Foot Care System,Scholl Velvet Smooth Electr…,£30,,
Scholl Verruca and Wart Remover Freeze  Treatment,Scholl Verruca and Wart Rem…80ml,£17,£21.25 per 100ml,
Scholl Wart & Verruca Pen ,Scholl Wart & Verruca Pen 2ml,£16,£800.00 per 100ml,
Sci-Mx Total Protein Chocolate,Sci-Mx Total Protein Chocolate450g,£14,£3.11 per 100g,
Sci-Mx Total Protein Strawberry,Sci-Mx Total Protein Strawberry450g,£14,£3.11 per 100g,
Senokot Max Tablets,Senokot Max Tablets10 per pack,£3.50,35p each,
Senokot Tablets Senna,Senokot Tablets Senna20 per pack,£3.50,17.5p each,
Sensodyne Rapid Relief Original Sensitive Toothpaste,Sensodyne Rapid Relief Origin…75ml,£5,£6.67 per 100ml,
Sensodyne Rapid Relief Whitening Sensitive Toothpaste,Sensodyne Rapid Relief Whiten…75ml,£5,£6.67 per 100ml,
Seven Seas Califig,Seven Seas Califig100ml,£6,£6.00 per 100ml,
Seven Seas Cod Liver Oil High Strength Gelatine Free Omega-3 60 Caps,Seven Seas Cod Liver Oil High Strength…60 per pack,£6.80,11.4p each,"Offer price £6.80, was £7"
Seven Seas Cod Liver Oil One A Day Omega-3 Fish Oil & Vitamin D 120 Caps,Seven Seas Cod Liver Oil One A Day Omega-3…120 per pack,£10,8.3p each,
Seven Seas Cod Liver Oil One A Day Omega-3 Fish Oil & Vitamin D 60 Caps,Seven Seas Cod Liver Oil One A Day Omega…60 per pack,£5.50,9.2p each,
Seven Seas Cod Liver Oil Plus Multivitamins Omega-3 Fish Oil 90 Capsules,Seven Seas Cod Liver Oil Plus M…90 per pack,£10,11.1p each,
Seven Seas Cod Liver Oil Plus Omega-3 Fish Oil Liquid With Vitamin D ,Seven Seas Cod Liver Oil Plus Omega-3 Fis…150ml,£3.75,£2.50 per 100ml,
"Seven Seas JointCare Active Glucosamine, Omega-3 & Chondroitin 30 Caps",Seven Seas JointCare Active G…30 per pack,£13,43.3p each,
Seven Seas JointCare Max Glucosamine 1500mg 30 Day Duo Pack,Seven Seas JointCare Max Glucosam…,£21,,
Seven Seas JointCare Supplex & Turmeric with Glucosamine 30 Day Duo Pack,Seven Seas JointCare Supplex &…60 per pack,£20,33.3p each,
Seven Seas JointCare Supplex with Glucosamine & Omega-3 30 Capsules,Seven Seas JointCare Supplex with Gluco…30 per pack,£5.95,19.8p each,"Offer price £5.95, was £7"
Seven Seas Omega & Multivitamins Man Day Duo Pack,Seven Seas Omega & Multivit…3 x 80 per pack,£13.50,5.6p each,
Seven Seas Omega & Multivitamins Woman Duo Pack,Seven Seas Omega & Multiv…3 x 30 per pack,£11.50,12.8p each,
Seven Seas Omega-& Multivitamins Man Day Duo Pack,Seven Seas Omega-& Multivit…3 x 30 per pack,£11.50,12.8p each,
Seven Seas Omega-& Multivitamins Woman Day Duo Pack,Seven Seas Omega-& Multivitam…,£13.50,,
Seven Seas Omega-3 & Immunity with Vitamin C & Vitamin D 30 Day Duo Pack,Seven Seas Omega-3 & Immunity w…30 per pack,£15,50p each,
Seven Seas Omega-3 & Magnesium 30 Day Duo Pack,Seven Seas Omega-3 & Magn…60 per pack,£20,33.3p each,
Seven Seas Omega-3 & Turmeric 30 Day Duo Pack,Seven Seas Omega-3 & Turmeric 30 Day Duo Pack60 per pack,£20,33.3p each,
Seven Seas Omega-3 Fish Oil Extra Strength With Vitamin D Capsules,Seven Seas Omega-3 Fish Oil Extra Stren…30 per pack,£12,40p each,
Seven Seas Omega-3 Fish Oil Max Strength with Vitamin D Capsules,Seven Seas Omega-3 Fish Oil Max Stren…30 per pack,£17,56.7p each,
Seven Seas Omega-3 Fish Oil with Vitamin D Capsules,Seven Seas Omega-3 Fish Oil w…30 per pack,£8,26.7p each,
Seven Seas Pregnancy Trying for a Baby Conception Vitamins 28 Tablets,Seven Seas Pregnancy Trying f…28 per pack,£5.50,19.6p each,
Seven Seas Pregnancy Vitamins with Folic Acid 28 Tablets,Seven Seas Pregnancy Vitamins w…28 per pack,£6,21.4p each,
Seven Seas Pure Cod Liver Oil ,Seven Seas Pure Cod Liver Oil 300ml,£4.50,£1.50 per 100ml,
Shhhh! Earplugs,Shhhh! Earplugs10 per pack,£2.50,25p each,
Skyn Condoms Large ,Skyn Condoms Large 10 per pack,£8,80p each,"Offer price £8, was £10"
Slim-Fast Milkshake Bottle Chocolate 325Ml,Slim-Fast Milkshake Bottle Chocolate 325Ml325ml,£2.15,66.2p per 100ml,
Slim-Fast Milkshake Bottle Vanilla,Slim-Fast Milkshake Bottle Vanilla325ml,£2.15,66.2p per 100ml,
Slim-Fast Milkshake Cafe Latte,Slim-Fast Milkshake Cafe Latte6 x 325ml,£10,51.3p per 100ml,"Offer price £10, was £10.99"
Slim-Fast Milkshake Chocolate,Slim-Fast Milkshake Chocolate6 x 325ml,£10,51.3p per 100ml,"Offer price £10, was £10.99"
Slim-Fast Milkshake Strawberry,Slim-Fast Milkshake Strawberry6 x 325ml,£10,51.3p per 100ml,"Offer price £10, was £10.99"
Slimfast Advanced Keto Fuel Shake Powder Creamy Vanilla,Slimfast Advanced Keto Fuel Sha…320g,£15,£4.69 per 100g,
Slimfast Advanced Keto Fuel Shake Powder Rich Chocolate,Slimfast Advanced Keto Fuel Sha…350g,£15,£4.29 per 100g,
Slimfast Chocolate Caramel Treats,Slimfast Chocolate Caramel Treats6 x 26g,£3.50,£2.24 per 100g,
SlimFast Double Choc Bar 6pk,SlimFast Double Choc Bar 6pk150g,£3.50,£2.33 per 100g,
Slimfast Meal Replacement Choc Chip Bar,Slimfast Meal Replace…4 x 60g,£5.50,£2.29 per 100g,"Offer price £5.50, was £8"
Slimfast Meal Replacement Very Berry Bar,Slimfast Meal Replace…4 x 60g,£5.50,£2.29 per 100g,"Offer price £5.50, was £8"
Slimfast Meal Shake Powder Banana,Slimfast Meal Shake Powder Banana365g,£5,£1.37 per 100g,"Offer price £5, was £8"
Slimfast Meal Shake Powder Chocolate,Slimfast Meal Shake Powder Chocolate375g,£5,£1.33 per 100g,"Offer price £5, was £8"
Slimfast Meal Shake Powder Strawberry,Slimfast Meal Shake Powder Strawberry365g,£5,£1.37 per 100g,"Offer price £5, was £8"
Slimfast Milkshake Bottle Banana,Slimfast Milkshake Bottle Banana325ml,£2.15,66.2p per 100ml,
Slimfast Milkshake Vanilla,Slimfast Milkshake Vanilla6 x 325ml,£10,51.3p per 100ml,
Slimfast Porridge Golden Syrup     ,Slimfast Porridge Golden Syrup     5 x 29g,£5,£3.45 per 100g,
Slimfast Powder Tin Blueberry,Slimfast Powder Tin Blueberry365g,£5,£1.37 per 100g,
Slimfast Raspberry & White Chocolate Powder ,Slimfast Raspberry & White Chocolate Powder 365g,£5,£1.37 per 100g,"Offer price £5, was £8"
SlimFast Strawberry Choc Bar,SlimFast Strawberry Choc Bar6 x 150g,£3.50,38.9p per 100g,
Slimfast Vitality Strawberry & Blueberry,Slimfast Vitality Strawberry & Blueberry480g,£7.50,£15.63 per kg,
Snuffle babe Saline Drops,Snuffle babe Saline Drops10ml,£3,£30.00 per 100ml,
Snufflebabe Vapour Rub,Snufflebabe Vapour Rub35g,£4,£11.43 per 100g,
Solpadeine Headache Soluble Tablets,Solpadeine Headache Soluble Tablets16 per pack,£2.75,17.2p each,
Solpadeine Headache Tablets,Solpadeine Headache Tablets16 per pack,£1.30,8.1p each,
Spatone Liquid Natural Iron Supplement 14 Pack,Spatone Liquid Natural Iron Supplement 14 Pack14 per pack,£6,42.9p each,
Sterimar Congestion & Cold Symptom Relief,Sterimar Congestion & Cold Symptom Relief50ml,£5,£10.00 per 100ml,
Sterimar Hayfever & Allergy Relief,Sterimar Hayfever & Allergy Relief50ml,£5,£10.00 per 100ml,
Strepsils Extra Medicated Sore Throat Lozenges Triple Action Cherry ,Strepsils Extra Medicated Sore Throat L…24 per pack,£5.50,22.9p each,
Strepsils Honey & Lemon,Strepsils Honey & Lemon16 per pack,£3,18.8p each,
Strepsils Honey & Lemon for Sore Throat Lozenges,Strepsils Honey & Lemon for Sore Throat Lozenges36 per pack,£5.50,15.3p each,
Strepsils Orange Vitamin C,Strepsils Orange Vitamin C36 per pack,£5.50,15.3p each,
Strepsils Sore Throat & Cough Lozenges,Strepsils Sore Throat & Cough Lozenges24 per pack,£5.50,22.9p each,
Strepsils Sugar Free Strawberry ,Strepsils Sugar Free Strawberry 36 per pack,£5,13.9p each,
Sudafed Blocked Nose & Sinus Capsules,Sudafed Blocked Nose & Sinus Capsules16 per pack,£4,25p each,
Sudafed Blocked Nose & Sinus Capsules,Sudafed Blocked Nose & Sinus Capsules16 per pack,£5.50,34.4p each,
Sudafed Blocked Nose Spray,Sudafed Blocked Nose Spray15ml,£4,£26.67 per 100ml,
Sudafed Headcold Day & Night ,Sudafed Headcold Day & Night 16 per pack,£4.50,28.1p each,
Sudafed Headcold Max Strength,Sudafed Headcold Max Strength16 per pack,£4.50,28.1p each,
Sudafed Natural Relief Blocked Nose Spray,Sudafed Natural Relief Blocked Nose Spray15ml,£5.50,£36.67 per 100ml,
Sudafed Sinus Ease Spray,Sudafed Sinus Ease Spray15ml,£4.50,£30.00 per 100ml,
Sudocrem Antiseptic Healing Cream,Sudocrem Antiseptic Healing Cream125g,£3.25,£2.60 per 100g,
Sudocrem Antiseptic Healing Cream,Sudocrem Antiseptic Healing Cream250g,£4.90,£1.96 per 100g,
Sudosalve Nappy Rash Treatment Cream,Sudosalve Nappy Rash Treatment Cream25g,£6,£24.00 per 100g,
TCP Liquid Antiseptic Original,TCP Liquid Antiseptic Original200ml,£5,£2.50 per 100ml,
TENA Incontinence Pants Plus L,TENA Incontinence Pants Plus L8 per pack,£9.50,£1.19 each,"TENA Unisex Pants - Buy 3, Save 5%"
TENA Incontinence Pants Plus M,TENA Incontinence Pants Plus M9 per pack,£9.50,£1.06 each,"TENA Unisex Pants - Buy 3, Save 5%"
TENA Incontinence Pants Plus XL,TENA Incontinence Pants Plus XL12 per pack,£13.95,£1.16 each,"TENA Unisex Pants - Buy 3, Save 5%"
TENA Incontinence Pants Super M,TENA Incontinence Pants Super M12 per pack,£13.95,£1.16 each,"TENA Unisex Pants - Buy 3, Save 5%"
Tena Lady Discreet Mini Pads,Tena Lady Discreet Mini Pads20 per pack,£2.25,11.3p each,
TENA Lady Discreet Normal Incontinence Pads,TENA Lady Discreet Normal Incontinence Pads12 per pack,£2.25,18.8p each,
TENA Lady Discreet Normal Incontinence Pads Duo,TENA Lady Discreet Normal…,£5,,
TENA Lady Extra Incontinence Pads,TENA Lady Extra Incontinence Pads10 per pack,£2.25,22.5p each,
TENA Lady Extra Incontinence Pads Duo,TENA Lady Extra Incontinence Pads Duo2 x 10 per pack,£5,25p each,
TENA Lady Extra Plus Incontinence Pads,TENA Lady Extra Plus Incontinence Pads8 per pack,£2.25,28.1p each,
TENA Lady Extra Plus Incontinence Pads Duo,TENA Lady Extra Plus Incontinence Pads Duo16 per pack,£4.99,31.2p each,
TENA Lady Maxi Incontinence Pads,TENA Lady Maxi Incontinence Pads6 per pack,£2.25,37.5p each,
TENA Lady Maxi Night Incontinence Pads,TENA Lady Maxi Night Incontinence Pads6 per pack,£2.25,37.5p each,
TENA Lady Maxi Night Incontinence Pads Duo,TENA Lady Maxi Night Incontinence Pads Duo2 x 6 per pack,£5,41.7p each,
Tena Lady Pants Plus 8 Large,Tena Lady Pants Plus 8 Large,£8.49,,
TENA Lady Silhouette Incontinence Pants Normal L Duo,TENA Lady Silhouette Incontin…2 x 5 per pack,£8.49,84.9p each,
TENA Lady Silhouette Incontinence Pants Normal M Duo,TENA Lady Silhouette Incontin…2 x 6 per pack,£8.49,70.8p each,
TENA Lady Silhouette Incontinence Pants Plus M,TENA Lady Silhouette Incontinence Pants Plus M,£8.49,,
TENA Men Level 2 Incontinence Absorbent Protector,TENA Men Level 2 Incontinen…10 per pack,£4.50,45p each,
Tena Men Premium Pants Large,Tena Men Premium Pants Large8 per pack,£8.50,£1.06 each,
Tena Pants Super Large,Tena Pants Super Large12 per pack,£13.95,£1.16 each,"TENA Unisex Pants - Buy 3, Save 5%"
Tena Silhouette Pants Black L,Tena Silhouette Pants Black L9 per pack,£8.49,94.3p each,
Tena Silhouette Pants Normal Noir M,Tena Silhouette Pants Normal Noir M10 per pack,£8.49,84.9p each,
Tena Silhouette Underwear High Waist Plus Black Large,Tena Silhouette Underwear Hig…8 per pack,£8.49,£1.06 each,
Tena Silhouette Underwear High Waist Plus Black Medium,Tena Silhouette Underwear High…9 per pack,£8.49,94.3p each,
The Protein Ball Co Blueberry Oat Muffin Breakfast To Go ,The Protein Ball Co Blueberry Oat…45g,£1.99,£4.42 per 100g,
The Protein Ball Co. Cacao+Orange 6 Balls ,The Protein Ball Co. Cacao+Orange 6 Balls 45g,£1.99,£4.42 per 100g,
The Protein Ball Co. Coffee Oat Muffin Breakfast To Go ,The Protein Ball Co. Coffee Oat…45g,£1.99,£4.42 per 100g,
The Protein Ball Co. Lemon & Pistachio 6 Balls,The Protein Ball Co. Lemon & Pistachio 6 Balls45g,£1.99,£4.42 per 100g,
The Protein Ball Co. Peanut Butter 6 Balls ,The Protein Ball Co. Peanut Butter 6 Balls 45g,£1.99,£4.42 per 100g,
The Protein Ball Co. Raspberry Brownie 6 Vegan Balls,The Protein Ball Co. Raspberr…45g,£1.99,£4.42 per 100g,
The Raw Choc Co Organic Chocolate Almonds,The Raw Choc Co Organic Chocolate Almonds110g,£5,£4.55 per 100g,
Tiger Balm Red Ointment,Tiger Balm Red Ointment30g,£6,£20.00 per 100g,"Offer price £6, was £7.50"
Tiger Balm White Ointment,Tiger Balm White Ointment30g,£6,£20.00 per 100g,"Offer price £6, was £7.50"
Together B Complex with Bioflavonoids Vegetable Capsules ,Together B Complex with Bioflavon…30 per pack,£7.50,25p each,
Together Bio-CoQ10,Together Bio-CoQ1030 per pack,£14,46.7p each,
Together Blood Orange Vitamin C With Bioflavonoids Capsules,Together Blood Orange Vitamin C W…30 per pack,£7,23.3p each,
Together Bone Health Supplement,Together Bone Health Supplement60 per pack,£13.80,23p each,
Together Gentle Iron with B Vitamins Vegetable Capsules ,Together Gentle Iron with B Vit…30 per pack,£8,26.7p each,
Together Health Vitamin D3 Vegan Capsules,Together Health Vitamin D3 Vegan Capsules30 per pack,£6.99,23.3p each,
"Together Immune Vitamin C, Zinc & Selenium Vegetable Capsules ","Together Immune Vitamin C, Zinc & S…30 per pack",£12,40p each,
Together Marine Magnesium Capsules,Together Marine Magnesium Capsules30 per pack,£6,20p each,
Together Menopause Supplement,Together Menopause Supplement60 per pack,£18.75,31.3p each,
Together Multibiotic Microbiome Support Capsules ,Together Multibiotic Microb…30 per pack,£14.99,50p each,
Together Multivitamin & Mineral Capsules,Together Multivitamin & Mineral Capsules30 per pack,£8,26.7p each,
Together Omega-3 from DHA & EPA Rich Algae Vegetable Capsules ,Together Omega-3 from DHA & EPA Ric…30 per pack,£13.99,46.6p each,
Together Organic Seaweed Iodine Supplement,Together Organic Seawee…30 per pack,£6.90,23p each,
Together Vegan Multivitamins & Minerals Supplement Vegetable Capsules ,Together Vegan Multivitamins…60 per pack,£11.99,20p each,
Together Vitamin K2 Natural MK7 Form Fermented Chickpeas ,Together Vitamin K2 Natural MK7 F…30 per pack,£9,30p each,
Together WholeHerbs Ashwagandha Vegetable Capsules ,Together WholeHerbs Ashwagand…30 per pack,£9.99,33.3p each,
Together WholeVit Pregnancy Multivitamins & Minerals Capsules,Together WholeVit Pregnancy Multivi…60 per pack,£14.49,24.2p each,
Together Women's Multivitamins & Minerals Supplement Vegetable Capsules ,Together Women's Multivitamins…30 per pack,£10,33.3p each,
Treathay Fexofenadine,Treathay Fexofenadine10 per pack,£4,40p each,
Treathay Fexofenadine,Treathay Fexofenadine30 per pack,£7,23.3p each,
Trek Cocoa Coconut Protein Flapjack,Trek Cocoa Coconut Protein Flapjack50g,£1.12,£2.24 per 100g,
Trek Cocoa Oat Protein Flapjacks,Trek Cocoa Oat Protein Flapjacks3 x 50g,£2.25,£1.50 per 100g,"Offer price £2.25, was £3"
Tribe Cocoa & Sea Salt Protein Shake Pouch,Tribe Cocoa & Sea Salt Protein Shake Pouch500g,£11,£2.20 per 100g,
Tribe Plant Protein Flapjack Choc Peanut,Tribe Plant Protein Flapjack Choc Peanut3 x 38g,£3,£2.63 per 100g,
Tribe Raspberry & Goji Protein Shake Pouch,Tribe Raspberry & Goji Protein Shake Pouch500g,£17,£3.40 per 100g,"Offer price £17, was £22"
Tribe Triple Decker Choc Honeycomb Bar,Tribe Triple Decker Choc Honeycomb Bar40g,£2,£5.00 per 100g,
Tribe Triple Decker Choc Peanut Butter Bar,Tribe Triple Decker Choc Peanut Butter Bar40g,£2,£5.00 per 100g,
Tribe Vanilla Protein Shake Pouch ,Tribe Vanilla Protein Shake Pouch 500g,£17,£3.40 per 100g,"Offer price £17, was £22"
Ultra Chloraseptic Honey & Lemon,Ultra Chloraseptic Honey & Lemon15ml,£5.50,£36.67 per 100ml,
Ultra Chloraseptic Original,Ultra Chloraseptic Original15ml,£5.50,£36.67 per 100ml,
Ultra Omega 3 High Potency,Ultra Omega 3 High Potency60 per pack,£7,11.7p each,
Unbeelievable Health Bee Energised Energy & Focus Supplement Capsules ,Unbeelievable Health Bee Energised Energy…20 per pack,£11.99,60p each,
Unbeelievable Health Bee Prepared Daily Defence Immune Formula Capsules,Unbeelievable Health Bee Prepared Daily D…30 per pack,£11.45,38.2p each,
Unbeelievable Health Bee Prepared Max Strength Immune Formula Capsules,Unbeelievable Health Bee Prepared Max Str…20 per pack,£13.75,68.8p each,
Unrooted POM Passion After Dark,Unrooted POM Passion After Dark,£2,,
USN B4 Bomb Pre-Workout Blue Raspberry Crush Flavour,USN B4 Bomb Pre-Workout Blue…180g,£15,£8.34 per 100g,"Offer price £15, was £18.50"
USN B4 Bomb Pre-Workout Cola Burst Flavour,USN B4 Bomb Pre-Workout…180g,£15,£8.34 per 100g,"Offer price £15, was £18.50"
Usn Blue Lab Whey Caramel Chocolate,Usn Blue Lab Whey Caramel Chocolate476g,£16,£3.36 per 100g,"Offer price £16, was £20"
Usn Blue Lab Whey Vanilla,Usn Blue Lab Whey Vanilla476g,£16,£3.36 per 100g,"Offer price £16, was £20"
USN Core Original BCAA+ Power Punch Tangerine,USN Core Original BCAA+ Power Punch Tangerine200g,£15,£7.50 per 100g,"Offer price £15, was £17.50"
Usn Diet Fuel Ultralean Chocolate,Usn Diet Fuel Ultralean Chocolate1kg,£22.50,£2.25 per 100g,
Usn Diet Fuel Ultralean Strawberry,Usn Diet Fuel Ultralean Strawberry1kg,£22.50,£2.25 per 100g,
USN Trust Cookie Bar Caramel Biscuit,USN Trust Cookie Bar Caramel Biscuit60g,£1,£1.67 per 100g,
USN Trust Vegan Chocolate Brownie,USN Trust Vegan Chocolate Brownie60g,£1,£1.67 per 100g,
Vagisil Medicated Cream,Vagisil Medicated Cream30g,£5,£16.67 per 100g,
Valupak Effevervescent High Strength Vitamin C Orange Tablets 1000mg,Valupak Effevervescent High Strength Vi…20 per pack,£2.35,11.8p each,
Valupak Vitamins Calcium 400mg & Vitamin D 2.5ug Tablets ,Valupak Vitamins Calcium 400mg &…30 per pack,£1.50,5p each,
Valupak Vitamins Chewable Vitamin C Tablets 80mg,Valupak Vitamins Chewable V…60 per pack,£1.45,2.4p each,
Valupak Vitamins Cod Liver Oil Capsules 400mg ,Valupak Vitamins Cod Liver Oil Capsules 400mg 30 per pack,£1.15,3.8p each,
Valupak Vitamins Evening Primrose Oil Capsules 500mg,Valupak Vitamins Evening Prim…30 per pack,£1.45,4.8p each,
Valupak Vitamins Folic Acid Tablets 400ug ,Valupak Vitamins Folic Acid Tablets 400ug 90 per pack,£1.15,1.3p each,
Valupak Vitamins Magnesium Tablets 187.5mg ,Valupak Vitamins Magnes…30 per pack,£1.05,3.5p each,
Valupak Vitamins Multivitamin & Iron Tablets ,Valupak Vitamins Multivitamin & Iron Tablets 50 per pack,£1.55,3.1p each,
Valupak Vitamins Multivitamin Tablets ,Valupak Vitamins Multivitamin Tablets 50 per pack,£1.55,3.1p each,
Vaseline Lip Therapy Cocoa Butter Tin,Vaseline Lip Therapy Cocoa Butter Tin20g,£1.50,£7.50 per 100g,Buy 2 for £2
Vaseline Lip Therapy Original Tin,Vaseline Lip Therapy Original Tin20g,£1.50,£7.50 per 100g,Buy 2 for £2
Vaseline Lip Therapy Rosy Lips Tin,Vaseline Lip Therapy Rosy Lips Tin20g,£1.50,£7.50 per 100g,Buy 2 for £2
Vaseline Lip Therapy With Aloe Vera ,Vaseline Lip Therapy With Aloe Vera 20g,£1.50,£7.50 per 100g,Buy 2 for £2
Viatbiotics WellWoman Original Capsules,Viatbiotics WellWoman Original Capsules30 per pack,£4,13.3p each,"Offer price £4, was £6"
Vicks BabyRub Ointment For Soothing and Relaxing Baby Massage Jar,Vicks BabyRub Ointment For Soothing a…50g,£4.50,£9.00 per 100g,
Vicks First Defence Cold Virus Blocker Nasal Spray Bottle,Vicks First Defence Cold Virus Bl…15ml,£7,£46.67 per 100ml,
Vicks Inhaler Fast Acting Decongestant For Blocked Nose Relief Stick,Vicks Inhaler Fast Acting Decongestant…,£2.50,,
Vicks Sinex Micromist Decongestant Nasal Spray For Blocked Nose,Vicks Sinex Micromist Decongestant Na…15ml,£4,£26.67 per 100ml,
"Vicks VapoRub Relief Of Cough, Cold & Flu Like Symptoms Jar ","Vicks VapoRub Relief Of Cough, Cold…100g",£4,£4.00 per 100g,
Virtue Clean Energy Tropical,Virtue Clean Energy Tropical250ml,£1.25,50p per 100ml,
Virtue Yerba Mate Peach & Raspberry,Virtue Yerba Mate Peach & Raspberry250ml,£1.25,50p per 100ml,
Vitabiotics Menopace Original Tablets,Vitabiotics Menopace Original Tablets30 per pack,£4,13.3p each,
Vitabiotics Osteocare Liquid,Vitabiotics Osteocare Liquid200ml,£4,£2.00 per 100ml,
Vitabiotics Perfectil Original Triple Active Tablets,Vitabiotics Perfectil Origina…30 per pack,£6,20p each,
Vitabiotics Pregnacare Max Dual Pack Tablets / Capsules,Vitabiotics Pregnacare Max Dual…84 per pack,£16,19p each,
Vitabiotics Pregnacare Original Vitamin Capsules,Vitabiotics Pregnacare Original Vitamin Capsules30 per pack,£4,13.3p each,
Vitabiotics Pregnacare Plus,Vitabiotics Pregnacare Plus56 per pack,£12,21.4p each,
Vitabiotics Ultra Vitamin C With Zinc Effervescent,Vitabiotics Ultra Vitamin C With Zinc Effervescent20 per pack,£2.50,12.5p each,"Offer price £2.50, was £5"
Vitabiotics Ultra Vitamin D,Vitabiotics Ultra Vitamin D96 per pack,£5,5.2p each,
Vitabiotics Ultra Vitamin D 2000 Iu Extra Strength Tablets,Vitabiotics Ultra Vitamin D 2000…96 per pack,£8,8.3p each,
Vitabiotics Ultra Vitamin D 3000,Vitabiotics Ultra Vitamin D 300096 per pack,£12,12.5p each,
Vitabiotics Wellbaby Multi Vitamin Drops ,Vitabiotics Wellbaby Multi Vitamin Drops 30ml,£5,£16.67 per 100ml,
Vitabiotics Wellbaby Vitamin D Drops ,Vitabiotics Wellbaby Vitamin D Drops 30ml,£5,£16.67 per 100ml,
Vitabiotics Wellkid Calcium Liquid,Vitabiotics Wellkid Calcium Liquid150ml,£5,£3.33 per 100ml,
Vitabiotics Wellkid Peppa Pig Multi-Vits Soft Jellies,Vitabiotics Wellkid Peppa Pig Multi-Vits Soft Jellies30 per pack,£8,26.7p each,
Vitabiotics Wellkid Peppa Pig Omega-3 Flaxseed Oil Soft Jellies,Vitabiotics Wellkid Peppa Pig Omega-3…30 per pack,£8.50,28.3p each,
Vitabiotics Wellkid Peppa Pig Vitamin D 400Iu Soft Jellies,Vitabiotics Wellkid Peppa Pig Vit…30 per pack,£7,23.3p each,
Vitabiotics Wellman Tablets,Vitabiotics Wellman Tablets30 per pack,£4,13.3p each,"Offer price £4, was £6"
Vitabiotics Wellwoman Vegan Tablets,Vitabiotics Wellwoman Vegan Tablets60 per pack,£11,18.3p each,
Vitamin Store Omega 3 1000mg 90s,Vitamin Store Omega 3 1000mg 90s1g,£4.50,£4.50 per 1g,
Vitawell Lush Locks Hair Gummies,Vitawell Lush Locks Hair Gummies,£8,,
Vitawell Night Sweet Dreams Gummies,Vitawell Night Sweet Dreams Gummies,£8,,
Vitawell Total Beauty Collagen Gummies,Vitawell Total Beauty Collagen Gummies,£8,,
VITL Vitamin D Vegan Soft Gel Capsules ,VITL Vitamin D Vegan Soft Gel Capsules 30 per pack,£6,20p each,
Voltarol Back & Muscle Pain Relief Gel,Voltarol Back & Muscle Pain Relief Gel100g,£15,£15.00 per 100g,
Voltarol Heat Patch Non-Medicated Patches,Voltarol Heat Patch Non-Medicated Patches2 per pack,£5,£2.50 each,
Voltarol Joint Pain Relief 2.32% Gel ,Voltarol Joint Pain Relief 2.32% Gel 30g,£7.50,£2.50 per 10g,
Voltarol Joint Pain Relief Gel,Voltarol Joint Pain Relief Gel50g,£11,£22.00 per 100g,
Voltarol Pain-Eze Emugel,Voltarol Pain-Eze Emugel100g,£11,£11.00 per 100g,"Offer price £11, was £13"
Voltarol Pain-eze Emulgel ,Voltarol Pain-eze Emulgel 30g,£4.50,£15.00 per 100g,"Offer price £4.50, was £5"
Voltarol Pain-Eze Emulgel,Voltarol Pain-Eze Emulgel50g,£7.50,£15.00 per 100g,
Warburtons Plant Power,Warburtons Plant Power700g,£1.95,27.9p per 100g,
Wartner Wart & Verruca Cryo Freeze,Wartner Wart & Verruca Cryo Freeze,£20,,
Wartner Wart & Verruca Remover,Wartner Wart & Verruca Remover,£20,,
Well Kid Baby Syrup,Well Kid Baby Syrup150ml,£5,£3.33 per 100ml,
Wellkid Marvel Multi Vitamin Gummies,Wellkid Marvel Multi Vitamin Gummies50 per pack,£12.50,25p each,
Wellkid Marvel Vitamin D Gummies,Wellkid Marvel Vitamin D Gummies50 per pack,£12,24p each,
Wellman 50 Plus Tablets,Wellman 50 Plus Tablets30 per pack,£10,33.3p each,
WellWoman 50+ Vitamins,WellWoman 50+ Vitamins30 per pack,£10,33.3p each,
Wild Earth Magnesium,Wild Earth Magnesium30 per pack,£9.65,32.2p each,
Wild Earth Multivitamins & Minerals for Women,Wild Earth Multivitamins & Minerals for Women30 per pack,£16.35,54.5p each,
Wild Earth Vitamin D3 ,Wild Earth Vitamin D3 30 per pack,£8.70,29p each,
Xls Weight Loss Plus Tablets,Xls Weight Loss Plus Tablets40 per pack,£13.50,33.8p each,
Yogi Tea Detox Teabags ,Yogi Tea Detox Teabags 30.6g,£2.60,£8.50 per 100g,
Yogi Tea Immune Supplement Teabags,Yogi Tea Immune Supplement Teabags34g,£2.60,£7.65 per 100g,
Yogi Tea Organic Bedtime 17 Teabags,Yogi Tea Organic Bedtime 17 Teabags30.6g,£2.60,£8.50 per 100g,
Zovirax Tube               ,Zovirax Tube               2g,£5.50,£275.00 per 100g,
