name,Price Per Unit,Price Per Measure,Promotion
Lenor Outdoorable Fabric Conditioner 55 Washes,Lenor Outdoor…770ml,£3.00,£3.90 per litre,
Flash Power Mop Liquid Refill Sea Minerals ,Flash Power Mop…1.25L,£4.00,£3.20 per litre,
Bold All-in-1 Pods Washing Capsules Spring Awakening Washes,Bold All-in-1…33 per pack,£7.00,21.2p each,"Offer price £7, was £10"
Bold All In 1 Pods Washing Capsules Spring Awakening Washes,Bold All In 1…51 per pack,£14.00,27.5p each,
Bold 2-in-1 Washing Liquid Pink Blossom Washes,Bold 2-in-1 Washi…1.995L,£7.00,35.1p per 100ml,"Offer price £7, was £9"
Lenor Outdoorable Fabric Conditioner 55 Washes,Lenor Outdoor…770ml,£3.00,£3.90 per litre,
Fairy Platinum Plus Auto Dishwasher Tablets Lemon,Fairy Platinum Plus…42 per pack,£9.00,21.4p each,"Offer price £9, was £11"
Flash Speed Mop Replacement Cloths,Flash Speed…12 per pack,£5.00,41.7p each,
Bold All-in-1 Pods Washing Capsules Pink Blossom Washes,Bold All-in-1 Pod…51 per pack,£14.00,27.5p each,
Bold All in 1 Pods Washing Capsules Lavender and Camomile Washes ,Bold All in 1 P…13 per pack,£3.50,26.9p each,"Offer price £3.50, was £4.50"
Lenor Ruby Jasmine Fabric Conditioner 48 Washes   ,Lenor Ruby Jasmine…1.68L,£3.00,£1.78 per litre,"Offer price £3, was £3.50"
Daz All In 1 Pods Whites & Colours Washing Liquid Capsules,Daz All In 1 Pods…12 per pack,£3.00,25p each,
Bold Washing Powder 38 Washes,Bold Washing…2.47kg,£7.00,£2.83 per kg,
Fairy All In One Dishwasher Tablets Lemon,Fairy All In One Dish…19 per pack,£4.00,21.1p each,
Bold All in 1 Pods Washing Capsules Lavender and Camomile Washes,Bold All in 1 P…33 per pack,£7.00,21.2p each,"Offer price £7, was £10"
Lenor Spring Awakening Tumble Dryer Sheets,Lenor Spring Aw…34 per pack,£2.00,5.9p each,"Offer price £2, was £3"
Bold All-in-1 Pods Washing Capsules Lavender & Camomile,Bold All-in-1 Pod…25 per pack,£7.00,28p each,
Lenor Fabric Conditioner Spring Awakening Scent 83 Washes,Lenor Fabric…2.9L,£4.75,£1.64 per litre,
Morrisons Dental Sticks Medium,Morrisons Denta…7 per pack,95p,13.6p each,
Morrisons Super Absorbent Cat Litter,Morrisons Sup…10L,£4.50,45p per litre,
Pedigree Schmackos Adult Dog Treats Meaty Multi Mix 20 Strips,Pedigree Schmac…144g,£1.95,£1.35 per 100g,Buy 2 for £2.50
Lenor Outdoorable Fabric Conditioner 55 Washes,Lenor Outdoorable Fabric…770ml,£3.00,£3.90 per litre,
Lenor Summer Breeze Fabric Conditioner 33 Washes,Lenor Summer Breeze…1.155L,£2.25,£1.95 per litre,
Lenor Gold Orchid Fabric Conditioner 30 Washes,Lenor Gold Orchid Fabric…1.05L,£3.25,£3.10 per litre,
Daz Washing Liquid 47 Washes,Daz Washing Liquid 47 Washes1.645L,£6.00,£3.65 per litre,
Flash Speed Mop Refills Pads,Flash Speed Mop Refills Pads20 per pack,£5.00,25p each,
Comfort Sensitive Skin Fabric Conditioner Pure 33 Washes,Comfort Sensitive Skin…0.99L,£2.25,£2.27 per litre,
Bold All-in-1 Pods Washing Capsules Spring Awakening Washes,Bold All-in-1 Pods Washing Capsul…13 per pack,£3.50,26.9p each,"Offer price £3.50, was £4.50"
Bold All in 1 Pods Washing Capsules Exotic Bloom Washes,Bold All in 1 Pods Washing Caps…33 per pack,£7,21.2p each,"Offer price £7, was £10"
Fairy Original All In One Auto Dishwashing Tablet,Fairy Original All In One Auto Dishwashing Tablet60 per pack,£9,15p each,"Offer price £9, was £11"
Lenor Outdoorable Fabric Conditioner x35,Lenor Outdoorable Fabric Conditioner x35490ml,£2.50,£5.10 per litre,"Offer price £2.50, was £4.50"
Viakal Classic Limescale Remover Spray,Viakal Classic Limescale Remover Spray500ml,£3,£6.00 per litre,
Viakal Fresh Limescale Remover Spray With Febreze,Viakal Fresh Limescale Remo…500ml,£3,£6.00 per litre,
	 Persil Bio Washing Liquid Laundry Detergent 53 Washes,	 Persil Bio Washing Liquid Lau…1431ml,£9,£6.29 per litre,
7th Heaven Renew You Collagen Wrinkle Filler,7th Heaven Renew You Collagen Wrinkle Filler,£3,,
7th Heaven Renew You Detox & Replenish Hydrogel Mask,7th Heaven Renew You Detox &…,£5,,
ACE For Colours Stain Remover ,ACE For Colours Stain Remover 1L,£2,£2.00 per litre,
ACE For Colour Stain Remover Spray,ACE For Colour Stain Remover Spray650ml,£3.25,£5.00 per litre,
Ace For Whites Stain Remover Power Mousse Spray,Ace For Whites Stain Remo…700ml,£3.25,£4.64 per litre,
ACE Ultra For Whites Fabric Stain Remover,ACE Ultra For Whites Fabric Stain Remover1L,£2,£2.00 per litre,
Addis 12 Litre Mop Pail & Wringer ,Addis 12 Litre Mop Pail & Wringer ,£7.99,£7.99 each,
Addis Bamboo Chenille Tile Wall Duster,Addis Bamboo Chenille Tile Wall Duster,£4.99,£4.99 each,
"Addis Bamboo Dustpan & Brush Set, Bamboo","Addis Bamboo Dustpan & Brush Set, Bamboo",£9.99,£9.99 each,
"Addis Bamboo Natural Ostrich Feather Long Reach Duster, Bamboo",Addis Bamboo Natural Ostrich Feathe…,£9.99,£9.99 each,
"Addis Bamboo Window Shower Glass Squeegee, 23cm Wide, Bamboo",Addis Bamboo Window Shower Glass Sq…,£3.99,£3.99 each,
Addis ComfiGrip Handled 100% Fluffy Microfibre Duster,Addis ComfiGrip Handled 100%…,£6,£6.00 each,
Addis ComfiGrip Long Handled Bottle Brush,Addis ComfiGrip Long Handled Bottle Brush,£3.49,£3.49 each,
Addis ComfiGrip Metallic Graphite Large Dustpan & Brush Set  ,Addis ComfiGrip Metallic Graphite L…,£6.85,£6.85 each,
Addis ComfiGrip Squeegee,Addis ComfiGrip Squeegee,£3.50,£3.50 each,
Addis ComfiGrip Washing Up Dish Brush with Scraper,Addis ComfiGrip Washing Up…,£3.40,£3.40 each,
Addis Fluffy Microfibre Mop,Addis Fluffy Microfibre Mop,£10,£10.00 each,
"Addis Jumbo Dish Brush, Metallic","Addis Jumbo Dish Brush, Metallic",£1.49,£1.49 each,
Addis Large Soft Clothes Pegs ,Addis Large Soft Clothes Pegs 20 per pack,£4,20p each,
Addis Medium Soft Clothes Pegs ,Addis Medium Soft Clothes Pegs 24 per pack,£4,16.7p each,
Addis Metallic Graphite ComfiGrip Tile and Grout Cleaning Brush  ,Addis Metallic Graphite ComfiGrip Til…,£2.49,£2.49 each,
Addis  Mixed Colours Microfibre Super Sponge Pad  Set of 5,Addis  Mixed Colours Microfibre S…5 per pack,£5,£1.00 each,
Addis Wooden Clothes Pegs ,Addis Wooden Clothes Pegs 36 per pack,£3.05,8.5p each,
Airwick Active Fresh Room Spray Jasmine Bouquet,Airwick Active Fresh Room…237ml,£4.50,£1.90 per 100ml,
Airwick Aerosol Free Automatic Spray Eucalyptus,Airwick Aerosol Free Auto…,£8,,"Offer price £8, was £11"
Airwick Aerosol Free Automatic Spray Fresh Cotton,Airwick Aerosol Free Automa…,£8,,"Offer price £8, was £11"
Airwick Aerosol Free Automatic Spray Refill Cotton,Airwick Aerosol Free Automa…228ml,£5,£2.19 per 100ml,"Offer price £5, was £6"
Airwick Aerosol Free Automatic Spray Refill Eucalyptus,Airwick Aerosol Free Automatic…,£5,,"Offer price £5, was £6"
Airwick Aerosol Spray Cherry Blossom,Airwick Aerosol Spray Cherry Blossom250ml,£3,£12.00 per litre,
Airwick Aerosol Spray Cotton,Airwick Aerosol Spray Cotton250ml,£3,£12.00 per litre,
Airwick Aerosol Spray Spring Delight,Airwick Aerosol Spray Spring Delight250ml,£3,£12.00 per litre,
Airwick Aerosol Spray White Vanilla Bean,Airwick Aerosol Spray White Vanilla Bean250ml,£3,£12.00 per litre,
Airwick Candle Lavender Meadow,Airwick Candle Lavender Meadow,£3,,"Offer price £3, was £4"
Airwick Candle White Vanilla Bean,Airwick Candle White Vanilla Bean,£4,,
Air Wick Freshmatic Autospray Mulled Wine,Air Wick Freshmatic Autospray Mulled Wine2 x 250ml,£7.25,£1.45 per 100ml,
Airwick Freshmatic Kit & Refill Lavender,Airwick Freshmatic Kit & Refill Lavender,£6,,"Offer price £6, was £11"
Airwick Freshmatic Kit & Refill Morning Meadow,Airwick Freshmatic Kit & Refill Morning Meadow,£6,,"Offer price £6, was £8"
Airwick Freshmatic Kit & Refill Spring Delight,Airwick Freshmatic Kit & Refill Spring Delight,£6,,"Offer price £6, was £8"
Airwick Freshmatic Refill Crisp Linen & Lilac,Airwick Freshmatic Refill Crisp Linen & Lilac,£3.75,,"Offer price £3.75, was £4.25"
Airwick Freshmatic Refill Lavender,Airwick Freshmatic Refill Lavender,£3.75,,"Offer price £3.75, was £4.25"
Airwick Freshmatic Refill Pink Sweet Pea 250ml,Airwick Freshmatic Refill Pink Sweet Pea 250ml,£3.75,,"Offer price £3.75, was £4.25"
Airwick Freshmatic Refill Smooth Satin & Moonlily,Airwick Freshmatic Refill Smooth Satin & Moonlily,£3.75,,"Offer price £3.75, was £4.25"
Airwick Freshmatic Refill Spring Breeze & Vanilla,Airwick Freshmatic Refill Spring Breeze & Vanilla250ml,£3.75,£1.50 per 100ml,"Offer price £3.75, was £4.25"
Airwick Freshmatic Refill Stacey Morning Meadow,Airwick Freshmatic Refill Stacey Morning Meadow,£3.75,,"Offer price £3.75, was £4.25"
Airwick Freshmatic Refill Wild Rose & Patchouli,Airwick Freshmatic Refill Wild Rose & Patchouli,£3.75,,"Offer price £3.75, was £4.25"
Airwick Freshmatic Twin Refill Crisp Linen & Lilac,Airwick Freshmatic Twin Refill Crisp Linen & Lilac2 per pack,£7.25,£3.63 each,
Airwick Freshmatic Twin Refill Lavender,Airwick Freshmatic Twin Refill Lavender2 per pack,£7.25,£3.63 each,
Airwick Freshmatic Twin Refill Spring Delight,Airwick Freshmatic Twin Refill Spring Delight2 x 250ml,£7.25,£14.50 per litre,
Airwick Mist Kit & Refill Peony & Jasmine,Airwick Mist Kit & Refill Peony & Jasmine,£12.50,,
Airwick Mist Kit & Refill Stacey Morning Meadow,Airwick Mist Kit & Refill Stacey Morning Meadow,£12,,
Airwick Mist Refill Peony & Jasmine,Airwick Mist Refill Peony & Jasmine,£5.60,,
Airwick Mist Refill Stacey Morning Meadow,Airwick Mist Refill Stacey Morning Meadow,£4.50,,
Airwick Odour Neutralising Room Spray Fresh Cotton,Airwick Odour Neutralising…,£4.50,,
Airwick Odour Neutralising Spray Morning Meadow,Airwick Odour Neutralisin…237ml,£3.25,£1.37 per 100ml,
Airwick Plug In Kit & Refill Crisp Linen & Lilac,Airwick Plug In Kit & Refill Crisp Linen & Lilac,£6,,
Airwick Plug In Kit & Refill Stacey Morning Meadow,Airwick Plug In Kit & Refill Stacey Morning Meadow,£4.25,,
Airwick Plug In Refill Crisp Linen & Lilac,Airwick Plug In Refill Crisp Linen & Lilac,£3.75,,
Airwick Plug In Refill Pink Sweet Pea,Airwick Plug In Refill Pink Sweet Pea,£3.75,,
Airwick Plug In Refill Purple Lavender Meadow,Airwick Plug In Refill Purple Lavender Meadow,£3.75,,
Airwick Plug In Refill Spring Breeze & Vanilla,Airwick Plug In Refill Spring Breeze & Vanilla,£3.75,,
Airwick Plug In Refill Stacey Morning Meadow,Airwick Plug In Refill Stacey Morning Meadow,£3.25,,
Airwick Plug In Refill White Vanilla Bean,Airwick Plug In Refill White Vanilla Bean,£3.75,,
Airwick Plug In Refill Wild Rose & Patchouli,Airwick Plug In Refill Wild Rose & Patchouli,£3.75,,
Airwick Plug In Twin Refill Wild Rose & Patchouli,Airwick Plug In Twin Refill Wild Rose & Patchouli,£6.25,,"Offer price £6.25, was £7"
Airwick Reed Diffuser Stacey Morning Meadow 33ml,Airwick Reed Diffuser Stace…,£4.99,,
Airwick Reed Diffuser Wild Rose & Patchouli 33ml,Airwick Reed Diffuser Wild…,£4.99,,"Offer price £4.99, was £10.50"
Ajax Plant Based Biodegradable Wipes,Ajax Plant Based Biodegradable Wipes70 per pack,£5,7.1p each,
Ambi Pur Febreze Air Freshener Plug-In Refill Cotton Fresh 20ML,Ambi Pur Febreze Air Freshener Plug-I…,£6,,
Andrex Classic Clean Mega Toilet Roll ,Andrex Classic Clean Mega Toilet Roll 9 per pack,£7.99,88.8p each,"Offer price £7.99, was £8.75"
Andrex Classic Clean Toilet Roll,Andrex Classic Clean Toilet Roll9 per pack,£5.75,63.9p each,
Andrex Classic Clean Toilet Roll,Andrex Classic Clean Toilet Roll4 per pack,£3.15,78.8p each,
Andrex Classic Clean Toilet Roll,Andrex Classic Clean Toilet Roll12 per pack,£6.99,58.3p each,
Andrex Classic Clean Washlets,Andrex Classic Clean Washlets4 per pack,£5,£1.25 each,
Andrex Classic Clean Washlets Single Pack ,Andrex Classic Clean Washlets Single Pack 36 per pack,£1.50,4.2p each,Buy 3 for £3
Andrex Gentle Clean Toilet Roll,Andrex Gentle Clean Toilet Roll4 per pack,£2.65,66.3p each,
Andrex Gentle Clean Toilet Roll,Andrex Gentle Clean Toilet Roll9 per pack,£5,55.6p each,
Andrex Pure Care Washlets,Andrex Pure Care Washlets36 per pack,£1.75,4.9p each,Buy 3 for £3
Andrex Pure Care Washlets Quad ,Andrex Pure Care Washlets Quad 4 x 36 per pack,£6,4.2p each,
Andrex Supreme Quilts Toilet Roll,Andrex Supreme Quilts Toilet Roll4 per pack,£3.35,83.8p each,
Andrex Supreme Quilts Toilet Roll,Andrex Supreme Quilts Toilet Roll16 per pack,£10,62.5p each,"Offer price £10, was £11.85"
Andrex Supreme Quilts Toilet Roll,Andrex Supreme Quilts Toilet Roll9 per pack,£6.75,75p each,
Andrex Ultra Care Toilet Rolls,Andrex Ultra Care Toilet Rolls16 per pack,£11.85,74.1p each,
Andrex Ultra Care Toliet Roll,Andrex Ultra Care Toliet Roll9 per pack,£4.99,55.4p each,"Offer price £4.99, was £6.75"
Andrex Ultra Care Washlets Flushable Toilet Wipes,Andrex Ultra Care Washlets…36 per pack,£1.75,4.9p each,Buy 3 for £3
Ariel + Active Defence Washing Liquid Gel 38 Washes,Ariel + Active Defence Washin…1330ml,£10,£7.52 per litre,
Ariel +Active Odour Defence All in 1 Pods Washing Capsules,Ariel +Active Odour Defence All i…29 per pack,£9,31p each,
Ariel + Lenor Freshness All-in-1 Pods Washing Capsules Washes,Ariel + Lenor Freshness All-in-1 Po…29 per pack,£9,31p each,
Ariel + Lenor Freshness Washing Liquid Gel 38 Washes,Ariel + Lenor Freshness Washi…1330ml,£10,£7.52 per litre,
Ariel Colour All-in-1 Pods Washing Capsules Washes ,Ariel Colour All-in-1 Pods Wa…33 per pack,£7,21.2p each,"Offer price £7, was £10"
Ariel Colour All in1 pods Washing Capsules Washes,Ariel Colour All in1 pods W…51 per pack,£14,27.5p each,
Ariel Colour All in Pods Washing Capsules Washes,Ariel Colour All in Pods Wa…13 per pack,£3.50,26.9p each,"Offer price £3.50, was £4.50"
Ariel Colour Washing Liquid Gel 24 Washes,Ariel Colour Washing Liquid Gel 24 Washes840ml,£5,£5.95 per litre,
Ariel Colour Washing Liquid Washes,Ariel Colour Washing Liquid Washes1785ml,£10,56p per 100ml,
Ariel Original All-in-1 Pods Washing Capsules Washes,Ariel Original All-in-1 Pods…13 per pack,£3.50,26.9p each,"Offer price £3.50, was £4.50"
Ariel Original All -in -one Pods Washing Capsules Washes,Ariel Original All -in -one Pod…51 per pack,£14,27.5p each,
Ariel Original All in 1 pods Washing Capsules,Ariel Original All in 1 pods Washing Capsules25 per pack,£7,28p each,
Ariel Original All in 1 Pods Washing Capsules Washes,Ariel Original All in 1 Pods…33 per pack,£7,21.2p each,"Offer price £7, was £10"
Ariel Original Washing Liquid Gel 24 Washes,Ariel Original Washing Liquid Gel 24 Washes840ml,£5,£5.95 per litre,
Ariel Original Washing Liquid Washes,Ariel Original Washing Liquid Washes1.225L,£6,49p per 100ml,"Offer price £6, was £8"
Ariel Original Washing Liquid Washes,Ariel Original Washing Liquid Washes1785ml,£10,56p per 100ml,
Ariel Original Washing Powder 50 Washes,Ariel Original Washing Powder 50 Washes3.25kg,£11,£3.38 per kg,
Ariel Platinum + Lenor All-in-1 pods Washing Capsules Washes,Ariel Platinum + Lenor All-in-1 pod…39 per pack,£10.50,26.9p each,
Ariel Platinum + Lenor All-in-1 pods Washing Capsules Washes ,Ariel Platinum + Lenor All-in-1 pod…44 per pack,£10.50,23.9p each,
Ariel Platinum Stain Remover Washing Liquid Gel 38 Washes,Ariel Platinum Stain Remover Wash…1330ml,£10,£7.52 per litre,
Ariel Plus Platinum Extra Stain Removal All-in-1 Pods Washing Capsules,Ariel Plus Platinum Extra Stain Removal A…29 per pack,£9,31p each,
Ariel Washing Liquid Gel Original 35 Washes,Ariel Washing Liquid Gel Original 35 Washes1225ml,£8,£6.53 per litre,
Ariel Washing Powder Original 40 Washes,Ariel Washing Powder Original 40 Washes2.6kg,£9,£3.46 per kg,
Astonish Freshness Selection Concentrated Disinfectant,Astonish Freshness Selection Co…300ml,£1.25,£4.17 per litre,
Astonish Hob Cleaner,Astonish Hob Cleaner500ml,£2,£4.00 per litre,
Astonish Linen Fresh Ready To Use Disinfectant,Astonish Linen Fresh Ready To Use Disinfectant550ml,£1.25,£2.27 per litre,
Astonish Mould & Mildew Spray,Astonish Mould & Mildew Spray750ml,£1.25,£1.67 per litre,
Astonish Pink Roses Ready To Use Disinfectant,Astonish Pink Roses Ready To Use Disinfectant550ml,£1.25,£2.27 per litre,
Astonish Specialist Clean & Revive,Astonish Specialist Clean & Revive350g,£3,£8.57 per kg,
Astonish Specialist Leather Conditioning Cream,Astonish Specialist Leath…250ml,£3,£12.00 per litre,
Astonish Specialist Oven & Grill Cleaner & Sponge 250G,Astonish Specialist Oven & Gril…,£4,,
Baco EasyCut Cling Film Refill 60m,Baco EasyCut Cling Film Refill 60m,£3.75,,
Bacofoil All Purpose Medium Zipper Bags 12 Pack,Bacofoil All Purpose Medi…12 per pack,£3,25p each,
Bacofoil All Purpose Small Zipper Bags 15 Pack,Bacofoil All Purpose Small Zipper Bags 15 Pack15 per pack,£2.50,16.7p each,
Bacofoil Extra Wide Non-Stick Foil 5m,Bacofoil Extra Wide Non-Stick Foil 5m,£3.40,,"Offer price £3.40, was £4"
Bacofoil Kitchen Foil 10m,Bacofoil Kitchen Foil 10m,£4,,
Bacofoil Non Stick Baking Paper With Non Slip Base 10m,Bacofoil Non Stick Baking Paper…,£2.90,,"Offer price £2.90, was £3.50"
Bacofoil Pvc Free Cling Film 30m,Bacofoil Pvc Free Cling Film 30m,£3.50,,
Bacofoil The Non-Stick Kitchen Foil 20m ,Bacofoil The Non-Stick Kitchen Foil 20m ,£4.40,,"Offer price £4.40, was £5.25"
Bamboo & Recycled Plastic Dustpan & Brush 33.5cm,Bamboo & Recycled Plastic D…,£19.99,£19.99 each,
Bamboo & Recycled Plastic Pivoting Squeegee 24.1cm,Bamboo & Recycled Plastic P…,£11.99,£11.99 each,
BEAST Super Strong 50L Drawstring Swing Bin Bags,BEAST Super Strong 50L Draw…10 per pack,£3.50,35p each,
BEAST Super Strong 70L Drawstring Bin Bags,BEAST Super Strong 70L Drawstring Bin Bags10 per pack,£3.75,37.5p each,
Beldray Deep Clean Power Clean Scrubber Brush,Beldray Deep Clean Power…,£24.30,£24.30 each,
Beldray Dustpan and Brush Set,Beldray Dustpan and Brush Set,£10.45,£10.45 each,
Bic Home Candle BBQ Lighter,Bic Home Candle BBQ Lighter,£3.50,,
Bio-Bean Coffee Logs Premium Eco Briquettes 16 Logs,Bio-Bean Coffee Logs Premium…,£8,,
Bloo Acticlean Toilet Blocks,Bloo Acticlean Toilet Blocks2 x 38g,£1.50,£19.74 per kg,
Bloo Acticlean Zesty Lemon with Bicarb,Bloo Acticlean Zesty Lemon with Bicarb2 x 50g,£1.50,£15.00 per kg,
Bloo Blue Active Bleach,Bloo Blue Active Bleach50g,£2.50,£50.00 per kg,
Bloo Blue Active Fresh Flowers,Bloo Blue Active Fresh Flowers50g,£2.50,£50.00 per kg,
Bloo Brilliant Gel Arctic Ocean Toilet Rim Block,Bloo Brilliant Gel Arctic Ocean Toilet Rim Block42g,£2.50,£5.95 per 100g,
Bloo Fragrance Switch Apple Lily,Bloo Fragrance Switch Apple Lily,£2.50,,
Bloo Hygiene Bathroom Spray,Bloo Hygiene Bathroom Spray,£2,,
Bloo Incistern Cube Limescale Prevention ,Bloo Incistern Cube Limescale Prevention 2 x 50g,£2.50,£25.00 per kg,
Bloo Incistern Cube Original Blue ,Bloo Incistern Cube Original Blue 2 x 50g,£2.50,£25.00 per kg,
Bloo Lemon Power Fizz Tabs,Bloo Lemon Power Fizz Tabs12 per pack,£3.15,26.3p each,
Bloo Limescale Prevention Toilet Blocks 5 In 1 Twin,Bloo Limescale Prevention Toilet Blocks 5 In 1 Twin,£1.50,,
Bloo Max Colours Blue,Bloo Max Colours Blue,£1.85,,
Bloo Power Active Flowers Twin Toilet Rim Block,Bloo Power Active Flowers Twin Toilet Rim Block2 x 50g,£2.50,£2.50 per 100g,
Bloo Power Active Fragrance Boost Flowers,Bloo Power Active Fragrance Boost Flowers50g,£1.50,£30.00 per kg,
Bloo Power Active Fragrance Boost Lemon,Bloo Power Active Fragrance Boost Lemon50g,£1.50,£30.00 per kg,
Bloo Power Active Lemon,Bloo Power Active Lemon2 per pack,£2.50,£1.25 each,
Bloo Purple Active Lavender,Bloo Purple Active Lavender50g,£2.50,£5.00 per 100g,
Bold 2-In-1 Sparkling Bloom & Yellow Poppy Washing Liquid Gel  35 Washes,Bold 2-In-1 Sparkling Bloom & Y…1295ml,£8,£6.18 per litre,
Bold 2-in-1 Washing Liquid Pink Blossom Washes,Bold 2-in-1 Washing Liqui…1.995L,£7,35.1p per 100ml,"Offer price £7, was £9"
Bold 2-in-1 Washing Powder Lavender & Camomile ,Bold 2-in-1 Washing Powde…70 per pack,£11.50,16.4p each,
Bold 2In1 Gel Mrs Hinch 27 Washes,Bold 2In1 Gel Mrs Hinch 27 Washes945ml,£5,52.9p per 100ml,
Bold 2 in 1 Pink Blossom Washing Liquid Washes,Bold 2 in 1 Pink Blossom Washing Liquid Washes1085ml,£6.50,59.9p per 100ml,
Bold 2in1 Washing Liquid Gel Lavender and Camomile 35 Washes,Bold 2in1 Washing Liquid Gel Lavend…1295ml,£8,£6.18 per litre,
Bold 2 in1 Washing Liquid Gel Spring Awakening 24 Washes,Bold 2 in1 Washing Liquid Gel S…840ml,£5,£5.95 per litre,
Bold 2 In 1 Washing Liquid Gel Summer Breeze 24 Washes,Bold 2 In 1 Washing Liquid Gel…840ml,£5,£5.95 per litre,
Bold 2in1 Washing Liquid Lavender & Camomile Washes,Bold 2in1 Washing Liquid Lave…108ml,£6.50,£6.02 per 100ml,
Bold 2 in1 Washing Liquid Lavender and Camomile Washes,Bold 2 in1 Washing Liquid Laven…1680ml,£7,41.7p per 100ml,"Offer price £7, was £9"
Bold All-in-1 Pods Washing Capsules Lavender & Camomile,Bold All-in-1 Pods Washing Caps…25 per pack,£7,28p each,
Bold All-in-1 Pods Washing Capsules Pink Blossom Washes,Bold All-in-1 Pods Washing Caps…51 per pack,£14,27.5p each,
Bold All-in-1 Pods Washing Capsules Spring Awakening Washes,Bold All-in-1 Pods Washing Capsul…13 per pack,£3.50,26.9p each,"Offer price £3.50, was £4.50"
Bold All-in-1 Pods Washing Capsules Spring Awakening Washes,Bold All-in-1 Pods Washing Capsul…33 per pack,£7,21.2p each,"Offer price £7, was £10"
Bold All in 1 Pods Washing Capsules Exotic Bloom Washes,Bold All in 1 Pods Washing Caps…33 per pack,£7,21.2p each,"Offer price £7, was £10"
Bold All in 1 Pods Washing Capsules Lavender and Camomile Washes ,Bold All in 1 Pods Washing…13 per pack,£3.50,26.9p each,"Offer price £3.50, was £4.50"
Bold All in 1 Pods Washing Capsules Lavender and Camomile Washes,Bold All in 1 Pods Washing…33 per pack,£7,21.2p each,"Offer price £7, was £10"
Bold All in 1 pods Washing Capsules Pink Blossom,Bold All in 1 pods Washing…25 per pack,£7,28p each,
Bold All In 1 Pods Washing Capsules Spring Awakening Washes,Bold All In 1 Pods Washing Capsul…51 per pack,£14,27.5p each,
Bold All In 1 Pods Washing Liquid Capsules,Bold All In 1 Pods Washing Liquid Capsules36 per pack,£10,27.8p each,
Bold Pink Tulips And White Jasmine Capsules Mrs Hinch,Bold Pink Tulips And White Ja…36doz,£8.50,2p each,
Bold Washing Powder 38 Washes,Bold Washing Powder 38 Washes2.47kg,£7,£2.83 per kg,
Brabantia 40 Litre Grey Foldable Laundry Basket,Brabantia 40 Litre Grey Foldable Laundry Basket,£33,£33.00 each,
Brabantia Black Premium Peg Bag ,Brabantia Black Premium Peg Bag ,£11.20,£11.20 each,
Brasso Metal Polish Liquid,Brasso Metal Polish Liquid175ml,£4.25,£24.29 per litre,
Brasso Metal Polish Wadding,Brasso Metal Polish Wadding75g,£4.25,£56.67 per kg,
Brillo Pads,Brillo Pads10 per pack,£1.60,16p each,
Bryant & May Extra Long Matches,Bryant & May Extra Long Matches,£1,,
Buster Bathroom Plughole Unblocker,Buster Bathroom Plughole Unblocker300ml,£4.35,£14.50 per litre,
By Candlelight Candle Lighter Single,By Candlelight Candle Lighter Single,£2.40,,
Calgon Water Softener Anti Bacterial Gel,Calgon Water Softener Anti Bacterial Gel750ml,£7.50,£10.00 per litre,
Calgon Water Softener Limescale Prevention Gel,Calgon Water Softener Limescale Prevention Gel750ml,£7,£9.33 per litre,
Calgon Water Softener Limescale Prevention Tablets,Calgon Water Softener Limes…15 per pack,£6,40p each,
California Scents Car Scents New Car Air Freshener,California Scents Car Scent…,£5,,
Calvin Klein Eternity Now For Men Edt Spray,Calvin Klein Eternity Now For Men Edt Spray30ml,£18,£60.00 per 100ml,
Carrinet Veggio Reusable Fruit & Veg Bags,Carrinet Veggio Reusable Fruit & Veg Bags5 per pack,£6.99,£1.40 each,
Cherry Blossom Deluxe Shine & Go Black,Cherry Blossom Deluxe Shine & Go Black11ml,£4.25,£386.36 per litre,
Cherry Blossom Deluxe Shine & Go Neutral,Cherry Blossom Deluxe Shine & Go Neutral11ml,£4.25,£386.36 per litre,
Cherry Blossom Flat Lace Black 140cm,Cherry Blossom Flat Lace Black 140cm,£2.50,,
Cherry Blossom Flat Lace White 120cm,Cherry Blossom Flat Lace White 120cm,£2.50,,
Cherry Blossom Foam Comfort Insole,Cherry Blossom Foam Comfort Insole,£2.95,,
Cherry Blossom Heel Grip,Cherry Blossom Heel Grip,£1.50,,
Cherry Blossom Shine & Go Neutral,Cherry Blossom Shine & Go Neutral,£2.75,,
Cherry Blossom Shoe Care Brush Set,Cherry Blossom Shoe Care Brush Set,£3.95,,
Cherry Blossom Shoe Cleaner,Cherry Blossom Shoe Cleaner200ml,£5.25,£26.25 per litre,
Cherry Blossom Shoe Deodoriser,Cherry Blossom Shoe Deodoriser200ml,£5.25,£26.25 per litre,
Cherry Blossom Shoe Polish Black ,Cherry Blossom Shoe Polish Black 40g,£1.75,£4.38 per 100g,
Cherry Blossom Shoe Polish Light Tan ,Cherry Blossom Shoe Polish Light Tan 40g,£1.75,£4.38 per 100g,
Cherry Blossom Sports Whitener,Cherry Blossom Sports Whitener85ml,£3.80,£44.71 per litre,
Cherry Blossom Suede & Nubuck Renovator Black,Cherry Blossom Suede & Nubuck Renovator Black200ml,£5.50,£27.50 per litre,
Cherry Blossom Twin Pack Brown Round Lace 75cm,Cherry Blossom Twin Pack Brown Round Lace 75cm,£2.10,,
Cif Anti-Bacterial And Shine Multi-Purpose,Cif Anti-Bacterial And Shine Multi-Purpose700ml,£2,£2.86 per litre,
Cif Antibac Multi-Purpose Cleaning Spray Winter Warmth,Cif Antibac Multi-Purpose Clean…700ml,£2,28.6p per 100ml,
Cif Citrus Power & Shine Bathroom Mousse,Cif Citrus Power & Shine Bathroom Mousse500ml,£3,£6.00 per litre,
Cif Cream Winter,Cif Cream Winter500ml,£1.25,25p per 100ml,
Cif Ecorefill Anti-Bac & Shine,Cif Ecorefill Anti-Bac & Shine70ml,£1.50,£21.43 per litre,
Cif Floor Cleaner,Cif Floor Cleaner950ml,£1.75,£1.84 per litre,
Cif Lemon Cream Cleaner,Cif Lemon Cream Cleaner500ml,£1.50,£3.00 per litre,Buy 3 for £3
Cif Original Cream Cleaner,Cif Original Cream Cleaner500ml,£1.50,£3.00 per litre,Buy 3 for £3
Cif Perfect Finish Stainless Steel Multi Purpose Disinfectant,Cif Perfect Finish Stainless Steel…435ml,£3.50,80.5p per 100ml,
Cif Power & Shine Bathroom Spray ,Cif Power & Shine Bathroom Spray 700ml,£3,£4.29 per litre,
Cif Power & Shine Kitchen Spray,Cif Power & Shine Kitchen Spray700ml,£3,£4.29 per litre,
Cif Ultra Power Mould Stains Remover,Cif Ultra Power Mould Stains Remover500ml,£2,£4.00 per litre,
Cillit Bang Black Mould Remover Cleaner Spray ,Cillit Bang Black Mould Remover Cleaner Spray 750ml,£4,£5.33 per litre,
Cillit Bang Bleach & Hygiene Cleaner Spray,Cillit Bang Bleach & Hygiene Cleaner Spray750ml,£2.60,£3.47 per litre,
Cillit Bang Burnt On Degreaser Cleaner Spray,Cillit Bang Burnt On Degreaser Cleaner Spray750ml,£2.60,£3.47 per litre,
Cillit Bang Limescale Remover Cleaner Spray,Cillit Bang Limescale Remover Cleaner Spray750ml,£3.25,£4.33 per litre,
Cillit Bang Multipurpose Power Cleaner Spray,Cillit Bang Multipurpose Power Cleaner Spray750ml,£2.60,£3.47 per litre,
Comfort Blue Skies Fabric Conditioner 85 Washes ,Comfort Blue Skies Fabric Conditioner 85 Washes 3L,£4.50,£1.50 per litre,
Comfort Cherry Blossom & Sweet Pea Fabric Conditioner 33 Washes ,Comfort Cherry Blossom & Sweet Pea Fa…1.165L,£2.50,£2.15 per litre,
Comfort Coco Fantasy Ultra Concentrated Fabric Conditioner,Comfort Coco Fantasy Ultra Concen…870ml,£5,£5.75 per litre,
Comfort Creations Apple Blossom Fabric Conditioner 30 Washes,Comfort Creations Apple Blossom Fab…900ml,£2.25,25p per 100ml,
Comfort Creations Fabric Conditioner Cherry Blossom 30 Washes ,Comfort Creations Fabric Conditione…900ml,£2.25,25p per 100ml,
Comfort Creations Fabric Conditioner Honeysuckle & Sandalwood 30 Washes,Comfort Creations Fabric Conditioner Hone…900ml,£2.25,25p per 100ml,
Comfort Creations Fabric conditioner Passion Bloom 30 Washes,Comfort Creations Fabric conditione…900ml,£2.25,25p per 100ml,
Comfort Creations Fabric Conditioner Passion Bloom 48 Washes,Comfort Creations Fabric Conditione…1440ml,£3.75,26p per 100ml,
Comfort Creations Fabric Conditioner Strawberry and Lily 30 washes,Comfort Creations Fabric Conditioner St…900ml,£2.25,25p per 100ml,
Comfort Creations Fabric Conditioner Strawberry and Lily 48 washes,Comfort Creations Fabric Conditioner St…1440ml,£3.75,26p per 100ml,
Comfort Creations Fabric Conditioner Waterlily & Lime 30 Washes ,Comfort Creations Fabric Conditioner…900ml,£2.25,25p per 100ml,
Comfort Creations Fabric Conditioner Waterlily & Lime 48 Washes,Comfort Creations Fabric Conditioner…1440ml,£3.75,26p per 100ml,
Comfort Fabric Conditioner 58 Washes Tropical Lily,Comfort Fabric Conditioner…850ml,£5,£5.88 per litre,
Comfort Fabric Conditioner Blue Skies 160 Washes,Comfort Fabric Conditioner…4.8L,£9,£1.88 per litre,
Comfort Fabric Conditioner Blue Skies 33 Washes,Comfort Fabric Conditione…0.99L,£2.25,£2.27 per litre,
Comfort Fabric Conditioner Blue Skies Washes,Comfort Fabric Conditio…2490ml,£5.50,22.1p per 100ml,
Comfort Fabric Conditioner Honeysuckle & Sandalwood 48 Washes 1440ml,Comfort Fabric Conditioner Ho…1440ml,£3.75,26p per 100ml,
Comfort Fabric Conditioner Sunshiny Days 33 Washes,Comfort Fabric Conditioner…0.99L,£2.25,£2.27 per litre,
Comfort Fresh Sky Ultra Concentrated 78 Washes 1.178L,Comfort Fresh Sky Ultra Conce…1.78L,£4,£2.25 per litre,
Comfort Honeysuckle & Sandalwood Fabric Conditioner 55 Washes,Comfort Honeysuckle & Sandalwood Fa…1.925L,£3.25,£1.69 per litre,
Comfort Pure Ultra-Concentrated Fabric Conditioner 36 Washes,Comfort Pure Ultra-Concentrated Fab…540ml,£3.50,64.8p per 100ml,
Comfort Pure Ultra Concentrated Fabric Conditioner 58 Washes,Comfort Pure Ultra Concentrated Fab…870ml,£5,£5.75 per litre,
Comfort Sensitive Skin Fabric Conditioner Pure 160 Washes,Comfort Sensitive Skin Fabric Con…4.8L,£9,£1.88 per litre,
Comfort Sensitive Skin Fabric Conditioner Pure 33 Washes,Comfort Sensitive Skin Fabric C…0.99L,£2.25,£2.27 per litre,
Comfort Sunshiny Days Fabric Conditioner 85 Washes ,Comfort Sunshiny Days Fabric…3L,£4.50,£1.50 per litre,
Comfort Ultimate Care Fresh Sky Fabric Conditioner 36 Washes,Comfort Ultimate Care Fresh Sky Fab…540ml,£3.50,64.8p per 100ml,
Comfort Ultimate Care Fresh Sky Fabric Conditioner 58 Washes ,Comfort Ultimate Care Fresh Sky Fab…870ml,£5,£5.75 per litre,
Comfort Ultimate Care Fuchsia Passion Fabric Conditioner 36 Washes,Comfort Ultimate Care Fuchsia Passion F…540ml,£3.50,64.8p per 100ml,
Comfort Ultimate Care Fuchsia Passion Fabric Conditioner 78 Wash ,Comfort Ultimate Care Fuchsia Passion…1.178L,£4,£3.40 per litre,
Comfort Ultimate Care Heavenly Nectar Fabric Conditioner 58 Washes ,Comfort Ultimate Care Heavenly Nectar F…870ml,£5,£5.75 per litre,
Cook's Safety Matches,Cook's Safety Matches,£1,,
Cricket Firepower Refillable Lighter,Cricket Firepower Refillable Lighter,£3.30,,
Cushelle Original Toilet Tissue ,Cushelle Original Toilet Tissue 24 per pack,£13.65,56.9p each,
Cushelle Quilted 4 White Rolls,Cushelle Quilted 4 White Rolls4 per pack,£3,75p each,"Offer price £3, was £3.55"
Cushelle Quilted 9 White Rolls,Cushelle Quilted 9 White Rolls9 per pack,£5.95,66.1p each,
Cushelle Quilted Coconut ,Cushelle Quilted Coconut 16 per pack,£9.95,62.2p each,"Offer price £9.95, was £11.45"
Cushelle Quilted Tubeless Toilet Tissue 6 Rolls Equals 9 Rolls,Cushelle Quilted Tubeless Toilet Ti…6 per pack,£7.55,£1.26 each,
Cushelle Quilted White Rolls,Cushelle Quilted White Rolls16 per pack,£9.95,62.2p each,"Offer price £9.95, was £11.45"
Cushelle Toilet Tissue White,Cushelle Toilet Tissue White9 per pack,£5.95,66.1p each,
Cushelle Tubeless Toilet Tissue Double Rolls,Cushelle Tubeless Toilet Tissue Double Rolls6 per pack,£6.95,£1.16 each,"Offer price £6.95, was £8.90"
Day2 Denim Dry Wash Clothes Spray,Day2 Denim Dry Wash Clothes Spray200ml,£5.60,£28.00 per litre,
DAZ All-in-1 Pods Washing Liquid Capsules,DAZ All-in-1 Pods Washing Liquid Capsules26 per pack,£5.50,21.2p each,"Offer price £5.50, was £6.50"
Daz All In 1 Pods Whites & Colours Washing Liquid Capsules,Daz All In 1 Pods Whites & Colour…12 per pack,£3,25p each,
Daz Washing Liquid 47 Washes,Daz Washing Liquid 47 Washes1.645L,£6,£3.65 per litre,
Daz Washing Powder For Whites & Colours 40 Washes 2.6kg,Daz Washing Powder For Whites &…2.6kg,£5.75,£2.21 per kg,
Daz Washing Powder For Whites & Colours Washes,Daz Washing Powder For Whites & Colours Washes4.225kg,£9,21.3p per 100g,
Daz Whites & Colours Washing Powder 22 Washes,Daz Whites & Colours Wash…1.43kg,£3.50,£2.45 per kg,
Dettol 5 in 1 Antibacterial Washing Machine Cleaner ,Dettol 5 in 1 Antibacterial Washing Machine Cleaner 250ml,£4,£16.00 per litre,
Dettol 5 in 1 Lemon Breeze Antibacterial Washing Machine Cleaner,Dettol 5 in 1 Lemon Breeze Antibacter…250ml,£4,£16.00 per litre,
Dettol All in One Disinfectant Antibacterial Spray Crisp Linen,Dettol All in One Disinfectant Anti…400ml,£2.50,£6.25 per litre,"Offer price £2.50, was £3"
Dettol Antibacterial Disinfectant Mould & Mildew Remover Spray,Dettol Antibacterial Disinfectant M…750ml,£3.50,£4.67 per litre,
Dettol Antibacterial Disinfectant Multi Surface Cleaning Wipes,Dettol Antibacterial Disinfectant M…72 per pack,£3,4.2p each,
Dettol Antibacterial Disinfectant Multi Surface Cleaning Wipes,Dettol Antibacterial Disinfectant M…110 per pack,£3.50,3.2p each,
Dettol Antibacterial Disinfectant Multi Surface Spray Lemon & Lime,Dettol Antibacterial Disinfectant Multi…1L,£3.50,£3.50 per litre,
Dettol Antibacterial Disinfectant Multi Surface Spray Pomegranate,Dettol Antibacterial Disinfectant Mul…1L,£3.50,£3.50 per litre,
Dettol Antibacterial Disinfectant Surface Cleaning Spray,Dettol Antibacterial Disinfecta…500ml,£2.25,£4.50 per litre,
Dettol Antibacterial Disinfectant Surface Cleaning Spray Lime & Mint,Dettol Antibacterial Disinfec…750ml,£2,£2.67 per litre,"Offer price £2, was £3"
Dettol Antibacterial Laundry Cleanser Soothing Lavender,Dettol Antibacterial Laundry Cl…1.5L,£4.50,£3.00 per litre,
Dettol Antiseptic Liquid,Dettol Antiseptic Liquid750ml,£3.85,£5.13 per litre,
Dettol Big & Strong Antibacterial Bathroom Cleaning Wipes ,Dettol Big & Strong Antibacterial…25 per pack,£2.50,10p each,"Offer price £2.50, was £4"
Dettol Big & Strong Antibacterial Kitchen Cleaning 25 XL Wipes,Dettol Big & Strong Antibacterial K…,£2.50,,"Offer price £2.50, was £4"
Dettol Cleansing Surface Wipes Lime & Mint Large Wipes,Dettol Cleansing Surface Wipes…72 per pack,£3,4.2p each,
Dettol Fresh Cotton Antibacterial Laundry Cleanser,Dettol Fresh Cotton Antibac…1.5L,£4.50,£3.00 per litre,
Dettol Fresh Cotton Antibacterial Laundry Cleanser,Dettol Fresh Cotton Antibac…2.5L,£9,£3.60 per litre,
Dettol Multi Purpose Antibacterial Floor Cleaning Wipes Lemon,Dettol Multi Purpose Antibacterial…10 per pack,£1.50,15p each,"Offer price £1.50, was £2.25"
Dettol Multipurpose Cleaning Wipes Pomegranate & Lime Large Wipes,Dettol Multipurpose Cleanin…70 per pack,£2.50,3.6p each,"Offer price £2.50, was £3"
Dettol Multipurpose Wipes Citrus Zest Large Wipes,Dettol Multipurpose Wipes Citrus Zest Large Wipes70 per pack,£2.50,3.6p each,"Offer price £2.50, was £3"
Dettol Multipurpose Wipes Citrus Zest Large Wipes,Dettol Multipurpose Wipes Citrus Zest Large Wipes30 per pack,£2,6.7p each,
Dettol Neutra Air Revitalising Fresh Breeze Air Freshener,Dettol Neutra Air Revitalising Fr…300ml,£1.50,£5.00 per litre,
Dettol Power & Pure Advance Bathroom,Dettol Power & Pure Advance Bathroom1L,£2.50,£2.50 per litre,"Offer price £2.50, was £3.50"
Dettol Power & Pure Antibacterial Disinfectant Kitchen Cleaning Spray,Dettol Power & Pure Antibacterial Disinfe…1L,£2.50,£2.50 per litre,"Offer price £2.50, was £3.50"
Dettol Surface Cleanser Antibacterial Spray,Dettol Surface Cleanser Antibacterial Spray750ml,£2,£2.67 per litre,"Offer price £2, was £3.50"
Dettol Surface Cleanser Wipes Lime And Mint ,Dettol Surface Cleanser Wipes Lime And Mint 110 per pack,£3.50,3.2p each,
Dettol Tru Clean Antibacterial Wipes Crisp Pear Wipes,Dettol Tru Clean Antibacteria…50 per pack,£2,4p each,"Offer price £2, was £2.80"
Dishmatic General Purpose Refill,Dishmatic General Purpose Refill4 per pack,£2.35,58.8p each,
Dishmatic Handle Refill,Dishmatic Handle Refill,£2,,
Dishmatic Non Scratch Refill,Dishmatic Non Scratch Refill4 per pack,£2.35,58.8p each,
Domestos Bleach White & Sparkle ,Domestos Bleach White & Sparkle 750ml,£1.50,£2.00 per litre,Buy 3 for £3
Domestos Citrus Thick Bleach,Domestos Citrus Thick Bleach750ml,£1.50,£2.00 per litre,Buy 3 for £3
Domestos Original Thick Bleach,Domestos Original Thick Bleach750ml,£1.50,£2.00 per litre,Buy 3 for £3
Domestos Original Thick Bleach,Domestos Original Thick Bleach2L,£2.85,£1.43 per litre,
Domestos Pink Thick Bleach,Domestos Pink Thick Bleach750ml,£1.50,£2.00 per litre,Buy 3 for £3
Domestos Power 5 Lime Toilet Rim Block 1 Piece,Domestos Power 5 Lime Toilet Rim Block 1 Piece,£1.50,,Buy 3 for £3
Domestos Power 5 Ocean Toilet Rim Block 1pc,Domestos Power 5 Ocean Toilet Rim Block 1pc,£1.50,,Buy 3 for £3
Domestos Power 5 Pink Magnolia Toilet Rim Block 1pc,Domestos Power 5 Pink Magnoli…,£1.50,,Buy 3 for £3
Domestos Power Foam Citrus,Domestos Power Foam Citrus450ml,£3,66.7p per 100ml,
Domestos Power Foam Fresh,Domestos Power Foam Fresh450ml,£3,66.7p per 100ml,
Domestos Rimbblock Power 5 Twin Pack Ocean ,Domestos Rimbblock Power 5 Twin Pack Ocean 2 x 55g,£2.50,£2.27 per 100g,
Domestos Rimblock Winter,Domestos Rimblock Winter55g,£1.25,£2.27 per 100g,
Domestos Spray Bleach Multipurpose Cleaner,Domestos Spray Bleach Multipurpose Cleaner700ml,£2.10,30p per 100ml,
DP Soda Crystals,DP Soda Crystals1kg,£2.35,£2.35 per kg,
Draper Telescopic Squeegee,Draper Telescopic Squeegee,£6.99,£6.99 each,
Dr.Beckmann Carpet Stain Remover ,Dr.Beckmann Carpet Stain Remover 650ml,£4,£6.15 per litre,
Dr. Beckmann Glowhite Intensive Whitener Powder,Dr. Beckmann Glowhite Int…5 x 40g,£2,£10.00 per kg,
Dr. Beckmann Glowhite Ultra Fabric Stain Remover ,Dr. Beckmann Glowhite Ultra…40g,£2.20,£55.00 per kg,
Dr Beckmann Magic Leaves Laundry Detergent Sheets Bio,Dr Beckmann Magic Leaves Laun…25 per pack,£4.50,18p each,
Dr. Beckmann Magic Leaves Laundry Detergent S Non Bio 25 Washes,Dr. Beckmann Magic Leaves Laundry Det…100g,£4.50,£45.00 per kg,
Dr. Beckmann Original Colour & Dirt Collector,Dr. Beckmann Original Colour & Dirt Collector30 per pack,£3.30,11p each,
Dr. Beckmann Pet Stain & Odour Remover,Dr. Beckmann Pet Stain & Odour Remover650ml,£4,61.5p per 100ml,
Dr. Beckmann Service-It Deep Clean Washing Machine Cleaner,Dr. Beckmann Service-It Deep Clea…250g,£3.30,£13.20 per kg,
Dr. Beckmann Service-It Washing Machine Cleaner,Dr. Beckmann Service-It Washing Machine Cleaner250ml,£3.30,£13.20 per litre,
Dr. Beckmann Upholstery Stain Remover,Dr. Beckmann Upholstery Stain Remover400ml,£4,£10.00 per litre,
Dr. Oetker Bicarbonate of Soda,Dr. Oetker Bicarbonate of Soda200g,£1.59,79.5p per 100g,
Duck Active Clean Rimblock First Kiss Flowers,Duck Active Clean Rimbloc…,£1.50,,
Duck Active Clean Rimblock Tropical Summer,Duck Active Clean Rimblock Tropical Summer,£1.50,,
Duck Deep Action Gel First Kiss Flowers,Duck Deep Action Gel First Kiss Flowers750ml,£1.25,16.7p per 100ml,
Duck Deep Action Gel First Kiss Tropical,Duck Deep Action Gel First Kiss Tropical750ml,£1.25,16.7p per 100ml,
Duck Deep Action Gel Toilet Cleaner Lavender,Duck Deep Action Gel Toilet Cleaner Lavender750ml,£1.25,16.7p per 100ml,
Duck Deep Action Gel Toilet Liquid Cleaner Citrus,Duck Deep Action Gel Toilet Liquid Cleaner Citrus750ml,£1.25,£1.67 per litre,
Duck Deep Action Gel Toilet Liquid Cleaner Lavender,Duck Deep Action Gel Toilet L…,£3,,
Duck Deep Action Gel Toilet Liquid Cleaner Marine,Duck Deep Action Gel Toilet…750ml,£1.25,£1.67 per litre,
Duck Deep Action Gel Toilet Liquid Cleaner Pine,Duck Deep Action Gel Toilet Liquid Cleaner Pine750ml,£1.25,£1.67 per litre,
Duck Fresh Disc Holder First Kiss Flowers,Duck Fresh Disc Holder First Kiss Flowers,£3,,
Duck Fresh Disc Holder Tropical Summer,Duck Fresh Disc Holder Tropical Summer,£3,,
Duck Fresh Disc Refills Tropical Summer,Duck Fresh Disc Refills Tropical Summer,£3,,"Offer price £3, was £5"
Duck Fresh Discs 2 Refills Marine 12 Discs,Duck Fresh Discs 2 Refills Marine 12 Discs,£3,,"Offer price £3, was £5"
Duck Toilet Fresh Discs Duo Refills Lime,Duck Toilet Fresh Discs Duo Refills Lime72ml,£3,£4.16 per 100ml,"Offer price £3, was £5"
Duck Toilet Fresh Discs Holder Lime,Duck Toilet Fresh Discs Holder Lime36ml,£3,83.3p per 10ml,
Duck Toilet Fresh Discs Holder Marine,Duck Toilet Fresh Discs Holder Marine36ml,£3,83.3p per 10ml,
Duracell Plus AAA Alkaline Batteries LR03 ,Duracell Plus AAA Alkaline Batteries LR03 20 per pack,£15.25,76.3p each,
Duracell Plus AA Alkaline Batteries LR6,Duracell Plus AA Alkaline Batteries LR620 per pack,£15.25,76.3p each,
Duracell Plus C Alkaline Batteries,Duracell Plus C Alkaline Batteries4 per pack,£7,£1.75 each,
Duracell Plus D Batteries,Duracell Plus D Batteries4 per pack,£8,£2.00 each,
Dylon Colour Catcher 6 Protect 24 Sheets,Dylon Colour Catcher 6 Protect 24 Sheets,£3.20,,
Dylon Colour Catcher 6 Protect 40 Sheets,Dylon Colour Catcher 6 Protect 40 Sheets,£4,,
Ecover All Purpose Cleaner,Ecover All Purpose Cleaner1L,£3,£3.00 per litre,
Ecover Apple Blossom & Almond Fabric Softener 50 Washes  ,Ecover Apple Blossom & Almond Fab…1.5L,£5,£3.33 per litre,
Ecover Bio Honeysuckle & Jasmine Laundry Detergent 42 Washes,Ecover Bio Honeysuckle & Jasmine La…1.5L,£10,£6.67 per litre,
Ecover Camomile & Clementine Washing Up Liquid,Ecover Camomile & Clement…950ml,£3.50,£3.68 per litre,
Ecover Dishwasher Tablets,Ecover Dishwasher Tablets25 per pack,£5.50,22p each,"Offer price £5.50, was £7.95"
Ecover Lemon & Aloe Vera Washing Up Liquid,Ecover Lemon & Aloe Vera Washing Up Liquid450ml,£1.75,£3.89 per litre,"Offer price £1.75, was £2"
Ecover Lily & Lotus Washing Liquid,Ecover Lily & Lotus Washing Liquid450ml,£2,£4.44 per litre,
Ecover Non-Bio Laundry Powder 25 Washes,Ecover Non-Bio Laundry Powder 25 Washes1.875kg,£8.50,£4.53 per kg,
Ecover Non Bio Lavender & Sandalwood Laundry Detergent 42 Washes,Ecover Non Bio Lavender & Sandalwood…1.5L,£10,£6.67 per litre,
Ecover Pine Fresh Toilet Cleaner,Ecover Pine Fresh Toilet Cleaner750ml,£2,£2.67 per litre,
Elliotts Wooden Black Shoe Brushes Set of 2,Elliotts Wooden Black Shoe Brushes Set of 2,£4,£4.00 each,
Emma Bridgewater New Hearts Tissue,Emma Bridgewater New Hearts Tissue4 per pack,£2.50,62.5p each,
Fabulosa 4 In 1 Lemon Lavender Concentrated Disinfectant,Fabulosa 4 In 1 Lemon Lavender…220ml,£1,£4.55 per litre,
Fabulosa Antibacterial Trigger Spray Electrify,Fabulosa Antibacterial Trigger Spray Electrify500ml,£1,£2.00 per litre,
Fabulosa Concentrated Disinfectant ,Fabulosa Concentrated Disinfectant 500ml,£2,£4.00 per litre,
Fairy All In One Dishwasher Tablets Lemon,Fairy All In One Dish…19 per pack,£4,21.1p each,
Fairy All in One Dishwasher Tablets Lemon,Fairy All in One Dish…38 per pack,£10,26.3p each,
Fairy Almond Milk & Manuka Honey In-Wash Scent Booster ,Fairy Almond Milk & Manuka Hone…176g,£3,£17.05 per kg,"Offer price £3, was £6"
Fairy Almond Milk & Manuka Honey In-Wash Scent Booster ,Fairy Almond Milk & Manuka Hone…320g,£8,£25.00 per kg,
Fairy Antibacterial Washing Up Liquid Eucalyptus,Fairy Antibacterial Washing…383ml,£2,52.2p per 100ml,
Fairy Antibac Washing Up Liquid,Fairy Antibac Washing Up Liquid520ml,£2.50,48.1p per 100ml,
Fairy Apple Orchard Washing Up Liquid,Fairy Apple Orchard Washing Up Liquid1015ml,£3,29.6p per 100ml,
Fairy Citrus Washing Up Liquid,Fairy Citrus Washing Up Liquid654ml,£2,30.6p per 100ml,"Offer price £2, was £2.50"
Fairy Clean & Fresh Apple Washing Up Liquid,Fairy Clean & Fresh Apple Washing Up Liquid320ml,£1.30,40.6p per 100ml,
Fairy Fabric Conditioner 33 Washes ,Fairy Fabric Conditioner 33 Washes 1.155L,£2.25,£1.95 per litre,
Fairy Fresh Fabric Conditioner 30 Washes,Fairy Fresh Fabric Conditioner 30 Washes1050ml,£3.25,£3.10 per litre,
Fairy Fresh Fabric Conditioner 48 Washes ,Fairy Fresh Fabric Conditioner 48 Washes 1.68L,£3,£1.78 per litre,"Offer price £3, was £3.50"
Fairy Lemon Washing Up Liquid,Fairy Lemon Washing Up Liquid320ml,£1.30,40.6p per 100ml,
Fairy Lemon Washing Up Liquid,Fairy Lemon Washing Up Liquid654ml,£2,30.6p per 100ml,"Offer price £2, was £2.50"
Fairy Max Power Antibac Washing Up Liquid,Fairy Max Power Antibac Washing Up Liquid640ml,£4,62.5p per 100ml,
Fairy Max Power Original Washing Up Liquid,Fairy Max Power Original Washing Up Liquid370ml,£2,54.1p per 100ml,"Offer price £2, was £2.50"
Fairy Max Power Pomegranate Washing Up Liquid,Fairy Max Power Pomegrana…640ml,£4,62.5p per 100ml,
Fairy Max Power Tea Tree Antibacterial Anti-Leak,Fairy Max Power Tea Tree Antibacterial Anti-Leak370ml,£2,54.1p per 100ml,"Offer price £2, was £2.50"
Fairy Non Bio PODS Washing Capsules,Fairy Non Bio PODS Washing Capsules25 per pack,£7,28p each,
Fairy Non Bio Pods Washing Capsules ,Fairy Non Bio Pods Washing Capsules 13 per pack,£3.50,26.9p each,"Offer price £3.50, was £4.50"
Fairy Non Bio Pods Washing Capsules Washes,Fairy Non Bio Pods Wash…29 per pack,£9,31p each,
Fairy Non Bio Pods Washing Capsules Washes,Fairy Non Bio Pods Wash…51 per pack,£14,27.5p each,
Fairy Non Bio Washing Capsules for Sensitive Skin Washes,Fairy Non Bio Washing Capsules…33 per pack,£7,21.2p each,"Offer price £7, was £10"
Fairy Non Bio Washing Liquid for Sensitive Skin 35 Washes,Fairy Non Bio Washing Liquid for…1.33L,£6,45.2p per 100ml,"Offer price £6, was £8"
Fairy Non Bio Washing Liquid for Sensitive Skin 51 Washes,Fairy Non Bio Washing Liquid for…1890ml,£10,52.9p per 100ml,
Fairy Non Bio Washing Liquid Gel For Sensitive Skin 24 Washes,Fairy Non Bio Washing Liquid Gel Fo…840ml,£5,£5.95 per litre,
Fairy Non Bio Washing Liquid Gel for Sensitive Skin 35 Washes,Fairy Non Bio Washing Liquid Gel fo…1295ml,£8,£6.18 per litre,
Fairy Non Bio Washing Powder for Sensitive Skin 40 Washes,Fairy Non Bio Washing Powder for…2.6kg,£9,£3.46 per kg,
Fairy Non Bio Washing Powder For Sensitive Skin 50 Washes ,Fairy Non Bio Washing Powder For…3.25kg,£11,£3.38 per kg,
Fairy Original All In One Auto Dishwashing Tablet,Fairy Original All In One Auto Dishwashing Tablet60 per pack,£9,15p each,"Offer price £9, was £11"
Fairy Original All In One Dishwasher Tablets Lemon 22 pack,Fairy Original All In One Dishwas…22 per pack,£4,18.2p each,
Fairy Original Max Power Washing Up Liquid,Fairy Original Max Power Washing Up Liquid640ml,£4,62.5p per 100ml,
Fairy Original Washing Up Liquid ,Fairy Original Washing Up Liquid 1190ml,£3,£2.52 per litre,
Fairy Original Washing Up Liquid,Fairy Original Washing Up Liquid320ml,£1.30,40.6p per 100ml,
Fairy Original Washing Up Liquid,Fairy Original Washing Up Liquid654ml,£2,30.6p per 100ml,"Offer price £2, was £2.50"
Fairy Original Washing Up Liquid Green with Lift Action,Fairy Original Washing Up Liqui…1015ml,£3,29.6p per 100ml,
Fairy Outdoorable Fabric Conditioner 55 Washes,Fairy Outdoorable Fabric Conditioner 55 Washes770ml,£3.50,£4.55 per litre,
Fairy Outdoorable Fabric Conditioner Original 76 Washes,Fairy Outdoorable Fabric Condit…1064ml,£6.50,61.1p per 100ml,
Fairy Platinum All In One Lemon Dishwasher Tablets,Fairy Platinum All In One L…32 per pack,£7,21.9p each,"Offer price £7, was £10"
Fairy Platinum Dishwasher Tablets Lemon,Fairy Platinum Dishwa…21 per pack,£5,23.8p each,"Offer price £5, was £7"
Fairy Platinum Dishwasher Tablets Lemon,Fairy Platinum Dishwa…51 per pack,£11,21.6p each,
Fairy Platinum Plus Auto Dishwasher Tablets Lemon,Fairy Platinum Plus Auto Di…42 per pack,£9,21.4p each,"Offer price £9, was £11"
Fairy Platinum Plus Deep Clean Dishwasher Tablets,Fairy Platinum Plus Deep Clean Dishwasher Tablets29 per pack,£7,24.2p each,"Offer price £7, was £10"
Fairy Platinum Plus Dishwasher Tablets Deep Clean,Fairy Platinum Plus Dishwas…42 per pack,£11,26.2p each,
Fairy Platinum Plus Dishwasher Tablets Lemon,Fairy Platinum Plus Dis…18 per pack,£7,38.9p each,
Fairy Platinum Plus Dishwasher Tablets Lemon,Fairy Platinum Plus Dis…29 per pack,£10,34.5p each,
Fairy Platinum Plus Hinch Limited Edition Dishwasher Tablets,Fairy Platinum Plus Hinch Limited E…48 per pack,£11,22.9p each,
Fairy Platinum Quick Wash Original,Fairy Platinum Quick Wash Original520ml,£2.50,48.1p per 100ml,
Fairy Platinum Washing Up Liquid,Fairy Platinum Washing Up Liquid383ml,£2,52.2p per 100ml,
Fairy Pomegranate Washing Up Liquid,Fairy Pomegranate Washing Up Liquid1015ml,£3,29.6p per 100ml,
Fairy Stain Remover Pods Washing Capsules For Sensitive Skin washes,Fairy Stain Remover Pods Washing Capsul…44 per pack,£10.50,23.9p each,
Febreze 3vol Refill Orange And Spice,Febreze 3vol Refill Orange And Spice20ml,£5,£25.00 per 100ml,
Febreze 3Volution Air Freshener Blossom & Breeze Plug Starter Kit,Febreze 3Volution Air Freshener Bloss…,£6,,
Febreze 3Volution Air Freshener Blossom Plug Refill,Febreze 3Volution Air Freshen…,£5,,
Febreze 3Volution Air Freshener Cotton Fresh Plug In Refill,Febreze 3Volution Air Freshener C…,£3.50,,"Offer price £3.50, was £5"
Febreze 3Volution Air Freshener Cotton Fresh Plug In Refills Twin Pack,Febreze 3Volution Air Freshener Cotton Fr…2 per pack,£6,£3.00 each,
Febreze 3Volution Air Freshener Electrical Plug In Diffuser,Febreze 3Volution Air Freshener E…,£3.50,,
Febreze 3Volution Air Freshener Exotic Bloom Plug In Refills Twin Pack,Febreze 3Volution Air Freshener Exotic Bl…2 per pack,£6,£3.00 each,
Febreze 3Volution Air Freshener Pet Odour Eliminator Plug In Refill,Febreze 3Volution Air Freshener Pet Odo…,£3.50,,"Offer price £3.50, was £5"
Febreze 3volution Air Freshener Plug-In Starter Kit Peony & Cedar,Febreze 3volution Air Freshener Plug…20ml,£6,£30.00 per 100ml,"Offer price £6, was £10"
Febreze 3Volution Air Freshener Spring Awakening Plug In Refill,Febreze 3Volution Air Freshener Sprin…,£3.50,,"Offer price £3.50, was £5"
Febreze 3Volution Air Freshener Spring Awakening Plug In Refills Twin Pack,Febreze 3Volution Air Freshener…2 per pack,£6,£3.00 each,
Febreze 3Volution Crocus & Bluebell Plug In Refill ,Febreze 3Volution Crocus & Bluebell Plug In Refill 20ml,£3.50,£17.50 per 100ml,"Offer price £3.50, was £5"
Febreze 3Volution Fruity Tropics Air Freshener Plug Refill,Febreze 3Volution Fruity Tropics…,£3.50,,
Febreze 3Volution Peony & Cedar Plug In Refill ,Febreze 3Volution Peony & Cedar Plug In Refill 20ml,£3.50,£17.50 per 100ml,"Offer price £3.50, was £5"
Febreze 3Volution Plug In Refil Ruby Jasmin,Febreze 3Volution Plug In Refil Ruby Jasmin3 x 20ml,£3.50,£5.83 per 100ml,
Febreze 3Volution Plug Refill White Jasmine,Febreze 3Volution Plug Refill White Jasmine20ml,£3.50,£1.75 per 10ml,"Offer price £3.50, was £5"
Febreze 3Volution Smart Programming Air Freshener Starter Kit,Febreze 3Volution Smart Programming…,£6,,
Febreze Aerosol White Jasmine,Febreze Aerosol White Jasmine300ml,£3,£1.00 per 100ml,Buy 2 for £5
Febreze Air Freshener Blossom & Breeze Plug Refill,Febreze Air Freshener Bloss…,£4,,
Febreze Air Freshener Spray Spring Awakening,Febreze Air Freshener Spray Spring Awakening300ml,£2.50,83.3p per 100ml,
Febreze Air Peony & Cedar,Febreze Air Peony & Cedar300ml,£3,£1.00 per 100ml,Buy 2 for £5
Febreze Ambi Pur 3Volution Air Freshener Fresh Linen Plug In Refills ,Febreze Ambi Pur 3Volution Air Freshener…,£3.50,,
Febreze Ambi Pur 3Volution Air Freshener Lavender Plug In Refills,Febreze Ambi Pur 3Volution Air Freshe…,£3.50,,"Offer price £3.50, was £5"
Febreze Ambi Pur 3Volution Air Freshener Thai Orchid Plug In Refills,Febreze Ambi Pur 3Volution Air Freshene…,£3.50,,"Offer price £3.50, was £5"
Febreze Ambi Pur 3Volution Air Freshener Vanilla Blossom Plug In Refills ,Febreze Ambi Pur 3Volution Air…,£6,,"Offer price £6, was £10"
Febreze Ambi Pur 3Volution ZERO% Air Freshener Aqua Plug In Refills,Febreze Ambi Pur 3Volution…,£3.50,,"Offer price £3.50, was £5"
Febreze Ambi Pur Air Freshener Lavender Plug In Refill,Febreze Ambi Pur Air Freshener…20ml,£4,£2.00 per 10ml,Buy 2 for £6
Febreze Ambi Pur Air Freshener Spring Awakening Plug In Refill,Febreze Ambi Pur Air Freshener Spri…,£4,,
Febreze Ambi Pur Air Freshener Vanilla Bouquet Plug In Refill,Febreze Ambi Pur Air Freshener Vani…,£4,,
Febreze Ambi Pur Air Freshener White Jasmine Plug In Refill,Febreze Ambi Pur Air Freshener Wh…20ml,£4,£20.00 per 100ml,Buy 2 for £6
Febreze Ambi Pur Lenor Air Freshener Ocean Escape Plug In Refill,Febreze Ambi Pur Lenor Air Freshener…20ml,£4,£20.00 per 100ml,Buy 2 for £6
Febreze Antibacterial Fabric Freshener Spray Fresh Linen,Febreze Antibacterial Fabric Fr…375ml,£3,80p per 100ml,Buy 2 for £5
Febreze Bathroom Air Freshener Blossom,Febreze Bathroom Air Freshener Blossom2 per pack,£4.50,£2.25 each,"Offer price £4.50, was £5.50"
Febreze Bathroom Air Freshener Citrus Freshness,Febreze Bathroom Air Fres…7.5ml,£3,£40.00 per 100ml,Buy 2 for £5
Febreze Bathroom Air Freshener Cotton Fresh Twin Pack,Febreze Bathroom Air Freshene…2 per pack,£4.50,£2.25 each,"Offer price £4.50, was £5.50"
Febreze Bathroom Air Freshener Liquid Membrane Fresh Linen,Febreze Bathroom Air Freshener Li…7.5ml,£3,£40.00 per 100ml,Buy 2 for £5
Febreze Bathroom Air Freshener Sugar Plum,Febreze Bathroom Air Freshener Sugar Plum,£3,,
Febreze Bathroom Air Fresh Liquid Membrane Crocus & Blue Belle,Febreze Bathroom Air Fresh Liquid M…7.5ml,£3,£40.00 per 100ml,Buy 2 for £5
Febreze Bathroom Air Freshner Liquid Membrane Fruity Tropics,Febreze Bathroom Air Freshner Liqui…7.5ml,£3,£40.00 per 100ml,Buy 2 for £5
Febreze Bathroom Airfreshner Liquid Membrane Orange,Febreze Bathroom Airfreshner…7.5ml,£3,£40.00 per 100ml,Buy 2 for £5
Febreze Bathroom Blossom & Breeze Air Freshener,Febreze Bathroom Blossom…,£3,,Buy 2 for £5
Febreze Bathroom Continuous Air Freshener,Febreze Bathroom Continuous Air Freshener2 per pack,£4.50,£2.25 each,"Offer price £4.50, was £5.50"
Febreze Bathroom Cotton Fresh Air Freshener ,Febreze Bathroom Cotton Fresh Air Freshener ,£3,,Buy 2 for £5
Febreze Blossom & Breeze Air Freshener Mist Spray,Febreze Blossom & Breeze Air Freshener Mist Spray300ml,£2.50,83.3p per 100ml,
Febreze Blossoms & Breeze Car Clip Air Freshener ,Febreze Blossoms & Breeze C…,£2.50,,
Febreze Car Air Freshener Blossom & Breeze Twin Pack,Febreze Car Air Freshener Blo…2 per pack,£4,£2.00 each,
Febreze Cotton Fresh Air Freshener Mist Spray,Febreze Cotton Fresh Air Freshener Mist Spray300ml,£2.50,83.3p per 100ml,
Febreze Cotton Fresh Car Clip Air Freshener ,Febreze Cotton Fresh Car Clip Air Freshener 2ml,£2.50,£12.50 per 10ml,
Febreze Cotton Fresh Fabric Refresher Spray,Febreze Cotton Fresh Fabric Refresher Spray375ml,£3,80p per 100ml,Buy 2 for £5
Febreze Crocus & Bluebell Air Freshener Mist Spray ,Febreze Crocus & Bluebell Air Freshener Mist Spray 300ml,£3,£1.00 per 100ml,Buy 2 for £5
Febreze Fabric Freshener Spray Blossom & Breeze,Febreze Fabric Freshener Spray Blossom & Breeze375ml,£3,80p per 100ml,Buy 2 for £5
Febreze Fabric Freshener Spray Pet,Febreze Fabric Freshener Spray Pet375ml,£3,80p per 100ml,Buy 2 for £5
Febreze Fabric Fresheners Spray Fruity Tropics,Febreze Fabric Fresheners Spray Fruity Tropics375ml,£2.50,66.7p per 100ml,
Febreze Fabric Refresher Citrus Fresh,Febreze Fabric Refresher Citrus Fresh375ml,£3,£8.00 per litre,Buy 2 for £5
Febreze Fabric Refresher Pink Tulips,Febreze Fabric Refresher Pink Tulips500ml,£3,60p per 100ml,
Febreze Freshener Spray Orange,Febreze Freshener Spray Orange300ml,£2.50,83.3p per 100ml,
Febreze Fresh Linen Air Freshener Mist Spray ,Febreze Fresh Linen Air Freshener Mist Spray 300ml,£2.50,83.3p per 100ml,
Febreze Fruity Tropics Air Freshener Mist Spray,Febreze Fruity Tropics Air Freshener Mist Spray300ml,£2.50,83.3p per 100ml,
Febreze Lavender Air Freshener Mist Spray,Febreze Lavender Air Freshener Mist Spray300ml,£2.50,83.3p per 100ml,
Febreze Lavender Bathroom Air Freshener,Febreze Lavender Bathroom Air Freshener,£3,,Buy 2 for £5
Febreze Lenor Exotic Air Freshener Mist Spray,Febreze Lenor Exotic Air Freshener Mist Spray300ml,£2.50,83.3p per 100ml,
Febreze Lenor Exotic Bloom Bathroom Air Freshener,Febreze Lenor Exotic Bloom…7.5ml,£3,£40.00 per 100ml,Buy 2 for £5
Febreze Lenor Gold Orchid Air Freshener Mist Spray,Febreze Lenor Gold Orchid Air Freshener Mist Spray300ml,£2.50,83.3p per 100ml,
Febreze Mrs Hinch Air Freshener Spray Spring,Febreze Mrs Hinch Air Freshener Spray Spring300ml,£3,£1.00 per 100ml,
Febreze Mrs Hinch Bathroom Air Freshener Lenor,Febreze Mrs Hinch Bathroo…7.5ml,£3,£40.00 per 100ml,
Febreze New Car Scent Car Air Freshener ,Febreze New Car Scent Car Air Freshener ,£2.50,,
Febreze Plug Plug & Refill Cotton Fresh,Febreze Plug Plug & Refill Cotton Fresh,£4.50,,
Febreze Ruby Jasmine Air Freshener Mist Spray,Febreze Ruby Jasmine Air Freshener Mist Spray300ml,£2.50,83.3p per 100ml,
Febreze Spring Awakening Bathroom Air Freshener ,Febreze Spring Awakening Ba…,£3,,Buy 2 for £5
Febreze Spring Awakening Car Clip Air Freshener ,Febreze Spring Awakening Ca…,£2.50,,
Febreze Twin Car Clip Cotton Fresh Air Freshener ,Febreze Twin Car Clip Cotton Fresh Air Freshener 2 per pack,£4,£2.00 each,
Febreze Unstoppables Car Air Freshener Fresh,Febreze Unstoppables Car Air Freshener Fresh,£4.50,,
Febreze Unstoppables Fresh Car Air Freshener,Febreze Unstoppables Fresh Car Air Freshener,£3,,
Febreze Vanilla & Magnolia Air Freshener Mist Spray,Febreze Vanilla & Magnolia Ai…300ml,£2.50,83.3p per 100ml,
Febreze Vanilla & Magnolia Small Spaces Bathroom Air Freshener ,Febreze Vanilla & Magnolia Small Spac…,£3,,Buy 2 for £5
Febreze White Jasmine Bathroom Air Freshener,Febreze White Jasmine Bathroom Air Freshener,£3,,Buy 2 for £5
Febreze Zero% 3Volution Air Freshener Orchid Plug In Starter Kit,Febreze Zero% 3Volution Air Freshener…,£6,,
Febreze Zero% Air Freshener Flairosol Starter Kit Orchid,Febreze Zero% Air Freshener Fla…,£5,,
Finish 2 in 1 Lemon & Lime Dishwasher Freshener up to 60 Washes,Finish 2 in 1 Lemon & Lime Dishwasher…,£3,,
Finish All In One Dishwasher Tablets 52 Tabs,Finish All In One Dishw…52 per pack,£8,15.4p each,"Offer price £8, was £9.50"
Finish All In One Dishwasher Tablets Lemon,Finish All In One Dishw…84 per pack,£12,14.3p each,
Finish All In One Dishwasher Tablets Lemon 26 Tabs,Finish All In One Dishwashe…26 per pack,£5,19.2p each,
Finish All In One Dishwasher Tablets Lemon 52 Tabs,Finish All In One Dishwashe…52 per pack,£8,15.4p each,"Offer price £8, was £9.50"
Finish All In One Dishwasher Tablets Lemon 75 Tabs,Finish All In One Dishwashe…75 per pack,£11,14.7p each,
Finish Dishwasher Cleaner Lemon,Finish Dishwasher Cleaner Lemon250ml,£3.50,£14.00 per litre,
Finish Dishwasher Salt,Finish Dishwasher Salt2kg,£4,20p per 100g,
Finish Quantum All In One Dishwasher Tablets Lemon 23 Tabs,Finish Quantum All In One Dishwas…23 per pack,£6,26.1p each,
Finish Quantum All in One Lemon Tablets,Finish Quantum All in One Lemon Tablets72 per pack,£11,15.3p each,
Finish Quantum Ultimate+ Lemon Tablets,Finish Quantum Ultimate+ Lemon Tablets18 per pack,£6,33.3p each,
Finish Quantum Ultimate+ Regular,Finish Quantum Ultimate+ Regular33 per pack,£9.50,28.8p each,
Finish Quantum Ultimate All In One Lemon,Finish Quantum Ultimate All In One Lemon52 per pack,£11,21.2p each,
Finish Rinse Aid,Finish Rinse Aid400ml,£3.50,87.5p per 100ml,
Finish Ultimate All In One Dishwasher Tablets 61 Tabs,Finish Ultimate All In One Di…61 per pack,£11,18p each,
Finish Ultimate All In One Dishwasher Tablets Lemon 21 Tabs,Finish Ultimate All In One Dishwa…21 per pack,£6,28.6p each,
Finish Ultimate All In One Dishwasher Tablets Lemon 61 Tabs,Finish Ultimate All In One Dishwa…61 per pack,£11,18p each,
Finish Utimate All In One Dishwasher Tablets Lemon 39 Tabs,Finish Utimate All In One Dishwas…39 per pack,£8,20.5p each,
Flash All Purpose Blossoms And Breeze,Flash All Purpose Blossoms And Breeze1.5L,£2.99,19.9p per 100ml,
Flash Anti-Bac Speed Mop Wet Cloths Lemon,Flash Anti-Bac Speed Mop Wet Cloths Lemon12 per pack,£5,41.7p each,
Flash Anti-Bacterial All Purpose Liquid Cleaner,Flash Anti-Bacterial All Purpose Liquid Cleaner1L,£2,£2.00 per litre,"Offer price £2, was £2.50"
Flash Anti Bacterial Cleaning Spray Wipe & Done Apple Blossom,Flash Anti Bacterial Cleaning Spray…800ml,£2.50,31.3p per 100ml,"Offer price £2.50, was £3.50"
Flash Bathroom 3In1 Antibacterial Cleaning Spray,Flash Bathroom 3In1 Antibac…750ml,£2.49,33.2p per 100ml,Offer price £2.50 was £3
Flash Bathroom Spray Wipe Done Antibacterial,Flash Bathroom Spray Wipe Done Antibacterial800ml,£3.50,£4.38 per litre,
Flash Bathroom Spray Wipe Done Shower,Flash Bathroom Spray Wipe Done Shower800ml,£3.50,£4.38 per litre,
Flash Bleach Cleaning Spray,Flash Bleach Cleaning Spray800ml,£2.50,31.3p per 100ml,
Flash Bleach Clean Spray,Flash Bleach Clean Spray800ml,£2.50,31.3p per 100ml,
Flash Cleaning Spray Bicarbonate & Eucalyptus ,Flash Cleaning Spray Bicarbonate & Eucalyptus 800ml,£2.50,31.3p per 100ml,"Offer price £2.50, was £3.50"
Flash Clean with Febreze Fresh Scent Bathroom Spray,Flash Clean with Febreze Fres…800ml,£2.50,31.3p per 100ml,
Flash Duster Refills 5 Pack,Flash Duster Refills 5 Pack5 per pack,£5,£1.00 each,
Flash Duster Starter Kit And 4 Pads,Flash Duster Starter Kit And 4 Pads,£5,,
Flash Duster Xxl Starter Kit And 2 Pads,Flash Duster Xxl Starter Kit And 2 Pads,£6,,
Flash Kitchen Spray Ultra Anti-Bacterial Spray,Flash Kitchen Spray Ultra Anti-Bacterial Spray750ml,£2.49,£3.32 per litre,Offer price £2.50 was £3
Flash Lavender Floor Cleaning Liquid,Flash Lavender Floor Cleaning Liquid1.5L,£3,20p per 100ml,
Flash Lemon Floor Cleaning Liquid,Flash Lemon Floor Cleaning Liquid1.5L,£3,20p per 100ml,
Flash Liquid Wood Floor Cleaner,Flash Liquid Wood Floor Cleaner1L,£2.50,£2.50 per litre,
Flash Mandarin Spray Wipe & Done Cleaning Spray,Flash Mandarin Spray Wipe…800ml,£2.50,31.3p per 100ml,"Offer price £2.50, was £3.50"
Flash Power Mop Liquid Refill Sea Minerals ,Flash Power Mop Liquid Refill Sea Minerals 1.25L,£4,£3.20 per litre,
Flash Power Mop Wet Jet ,Flash Power Mop Wet Jet 8 per pack,£6,75p each,
Flash Sparkling Home Spray Wipe Hinched Spring Berries,Flash Sparkling Home Spray Wipe…800ml,£3,37.5p per 100ml,
Flash Speed Mop Refills Pads,Flash Speed Mop Refills Pads20 per pack,£5,25p each,
Flash Speed Mop Replacement Cloths,Flash Speed Mop Replacement Cloths12 per pack,£5,41.7p each,
Flash Spray Wipe Done All Purpose Lemon,Flash Spray Wipe Done All Purpose Lemon800ml,£3.50,43.8p per 100ml,
Flash Spray Wipe Done Antibacterial Cleaning Spray Wild Berries,Flash Spray Wipe Done Antibacterial C…800ml,£3.50,£4.38 per litre,
Flash Spray Wipe Done Glass,Flash Spray Wipe Done Glass800ml,£2.50,31.3p per 100ml,"Offer price £2.50, was £3.50"
Flash Strong & Thick Cleaning Wipes Lemon ,Flash Strong & Thick Cleaning Wipes Lemon 24 per pack,£2,8.3p each,
Flash Swd Orange And Cinammon ,Flash Swd Orange And Cinammon 800ml,£3.50,£4.38 per litre,
"Full Circle Neat Nut Walnut Scour Pads, Pack Of 2",Full Circle Neat Nut Walnut…2 per pack,£7,£3.50 each,
Glade Aerosol Beach Days,Glade Aerosol Beach Days300ml,£1.50,50p per 100ml,
Glade Aerosol Berry Pop,Glade Aerosol Berry Pop300ml,£1.50,50p per 100ml,
Glade Aerosol Clean Linen Air Freshener,Glade Aerosol Clean Linen Air Freshener300ml,£1.50,50p per 100ml,
Glade Aerosol Watermelon,Glade Aerosol Watermelon300ml,£1.50,50p per 100ml,
Glade Air Freshener Pure Clean Linen Scented Oil Plug In ,Glade Air Freshener Pure Clean Li…,£4.25,,"Offer price £4.25, was £5"
Glade Apple Cosy Cider Automatic Refill Spray,Glade Apple Cosy Cider Automatic Refill Spray269ml,£3.75,£1.39 per 100ml,
Glade Aroma Calm Candle,Glade Aroma Calm Candle,£9,,
Glade Automatic Spray Refill Cherry & Peony Air Freshener,Glade Automatic Spray Refill Cher…269ml,£3.50,£1.30 per 100ml,
Glade Automatic Spray Refill Pure Clean Linen Air Freshener,Glade Automatic Spray Refill Pure…269ml,£3.50,£1.30 per 100ml,
Glade Automatic Spray Refill Sandalwood & Jasmine Air Freshener,Glade Automatic Spray Refill Sandalwo…269ml,£3.50,£1.30 per 100ml,
Glade Automatic Spray Twin Refill Clean Linen Air Freshener,Glade Automatic Spray Twin Refill…2 x 269ml,£5.50,£1.02 per 100ml,
Glade Automatic Spray Twin Refill Relaxing Zen Air Freshener,Glade Automatic Spray Twin Refill R…2 x 269ml,£5.50,£1.02 per 100ml,
Glade Automatic Twin Refill Sensual Sandalwood & Jasmine Automatic Spray ,Glade Automatic Twin Refill Sen…2 per pack,£5.50,£2.75 each,
Glade Bubbly Berry Splash Automatic Spray Refill ,Glade Bubbly Berry Splash A…269ml,£3.75,£1.39 per 100ml,
Glade Bubbly Berry Splash Candle ,Glade Bubbly Berry Splash Candle 129g,£4,£3.10 per 100g,
Glade Electric Holder Beach Days,Glade Electric Holder Beach Days20ml,£5,£25.00 per 100ml,
Glade Electric Holder Watermelon,Glade Electric Holder Watermelon20ml,£5,£25.00 per 100ml,
Glade Electric Refill Beach Days,Glade Electric Refill Beach Days20ml,£3.50,£17.50 per 100ml,
Glade Electric Refill Berry Pop,Glade Electric Refill Berry Pop20ml,£2.50,£12.50 per 100ml,"Offer price £2.50, was £3.50"
Glade Electric Refill Watermelon,Glade Electric Refill Watermelon20ml,£3.50,£17.50 per 100ml,
Glade Exotic Tropical Blossoms Electric Scented Oil Refill ,Glade Exotic Tropical Blossoms El…20ml,£2.50,£1.25 per 10ml,"Offer price £2.50, was £3.50"
Glade Large Automatic Spray Holder Watermelon,Glade Large Automatic Spray Holder Watermelon269ml,£8,£2.97 per 100ml,
Glade Large Automatic Spray Refill Beach Days,Glade Large Automatic Spray Refill Beach Days269ml,£3.75,£1.39 per 100ml,
Glade Large Automatic Spray Refill Watermelon,Glade Large Automatic Spray Refill Watermelon269ml,£3.75,£1.39 per 100ml,
Glade Luscious Peony & Cherry Candle,Glade Luscious Peony & Cherry Candle,£4,,
Glade Peaceful Relaxing Zen Candle,Glade Peaceful Relaxing Zen Candle,£4,,
Glade Plug Ins Scented Oil Refill Sensual Sandalwood & Jasmine ,Glade Plug Ins Scented Oil Refill Sen…20ml,£2.50,£1.25 per 10ml,"Offer price £2.50, was £3.50"
Glade Refill Marshmallow,Glade Refill Marshmallow269ml,£2.50,92.9p per 100ml,
Glade Romantic Vanilla Blossom Candle ,Glade Romantic Vanilla Blossom Candle ,£4,,
Glade Sense & Spray Refill Pure Linen Air Freshener ,Glade Sense & Spray Refill Pure Linen Air Freshener 18ml,£3.50,£1.94 per 10ml,
Glade Sense & Spray Refill Relaxing Zen Air Freshener,Glade Sense & Spray Refill Re…18ml,£3.50,£1.94 per 10ml,
Glade Sense & Spray Refill Watermelon,Glade Sense & Spray Refill Watermelon18m,£3,16.7p per 1m,
Glade Sensual Sandalwood & Jasmine Candle ,Glade Sensual Sandalwoo…,£4,,
Glade Solid Gel Clean Linen Air Freshener,Glade Solid Gel Clean Linen Air Freshener150g,£1.25,83.3p per 100g,
Glade Solid Gel Lavender Air Freshener,Glade Solid Gel Lavender Air Freshener150g,£1.25,83.3p per 100g,
Glade Solid Gel Lily of the Valley Air Freshener,Glade Solid Gel Lily of the Valley Air Freshener150g,£1.25,83.3p per 100g,
Glade Solid Gel Relaxing Zen Air Freshener,Glade Solid Gel Relaxing Zen Air Freshener150g,£1.25,83.3p per 100g,
Glade Spring Candle Beach Days,Glade Spring Candle Beach Days,£4,,
Glade Spring Candle Watermelon,Glade Spring Candle Watermelon,£4,,
Glade Spring Day Clouds Candle,Glade Spring Day Clouds Candle,£5,,
Glade Stay Cool Watermelon Candle,Glade Stay Cool Watermelon Candle,£5,,
Glade Stay Cool Watermelon Sense & Spray Holder,Glade Stay Cool Watermelo…,£7,,
Glade Touch & Fresh Exotic Tropical Blossoms Refill,Glade Touch & Fresh Exotic Tr…10ml,£2.70,£27.00 per 100ml,
Glade Touch & Fresh Pure Clean Linen Air Freshener,Glade Touch & Fresh Pure Clean Linen Air Freshener10ml,£3.50,£3.50 per 10ml,
Glade Touch & Fresh Refill Cherry & Peony Air Freshener,Glade Touch & Fresh Refill Cher…10ml,£2.70,£2.70 per 10ml,
Glade Touch & Fresh Refill Clean Linen Air Freshener,Glade Touch & Fresh Refill Clean Linen Air Freshener10ml,£2.70,£2.70 per 10ml,
Glade Vanilla Blossom Automatic Spray Refill,Glade Vanilla Blossom Automatic Spray Refill,£3.75,,
Goddards Long Term Silver Polish Cloth,Goddards Long Term Silver Polish Cloth,£2.50,,
Harpic Active Fresh Toilet Cleaner Gel Citrus,Harpic Active Fresh Toilet Cleaner Gel Citrus750ml,£1.50,£2.00 per litre,
Harpic Active Fresh Toilet Cleaner Gel Pine,Harpic Active Fresh Toilet Cleaner Gel Pine750ml,£1.50,£2.00 per litre,
Harpic Active Fresh Toilet Rim Block Citrus x2,Harpic Active Fresh Toilet Rim Block Citrus x22 per pack,£2.10,£1.05 each,
Harpic Active Fresh Toilet Rim Block Lavender x2,Harpic Active Fresh Toilet Rim Block Lavender x22 per pack,£2.10,£1.05 each,
Harpic Bleach White & Shine Toilet Cleaner,Harpic Bleach White & Shine Toilet Cleaner750ml,£1.50,£2.00 per litre,
Harpic Bleach White & Shine Toilet Cleaner Citrus,Harpic Bleach White & Shine Toilet Cleaner Citrus750ml,£1.50,£2.00 per litre,
Harpic Limescale Remover Toilet Cleaner Gel,Harpic Limescale Remover Toilet Cleaner Gel750ml,£1.95,£2.60 per litre,
Harpic Power Plus Citrus Fresh Toilet Cleaner ,Harpic Power Plus Citrus Fresh Toilet Cleaner 750ml,£2,£2.67 per litre,
Harpic Powerplus Toilet Cleaner Citrus,Harpic Powerplus Toilet Cleaner Citrus680ml,£1.75,£2.57 per litre,
Harpic Powerplus Toilet Cleaner Original,Harpic Powerplus Toilet Cleaner Original680ml,£1.75,£2.57 per litre,
HG Bathroom Professional Limescale Remover,HG Bathroom Professional Limescale Remover1L,£8.60,£8.60 per litre,
Hg Bathroom Scale Away Foam Spray 3X Stronger,Hg Bathroom Scale Away Foam Spray 3X Stronger500ml,£5.30,£10.60 per litre,
HG Interior Window Cleaner,HG Interior Window Cleaner500ml,£3.90,£7.80 per litre,
If You Care FSC Certified 3 Gallon Compostable Food Waste Bags,If You Care FSC Certified 3 Gallon…30 per pack,£8.95,29.8p each,
If You Care FSC Certified Sandwich Bags,If You Care FSC Certified Sandwich Bags48 per pack,£6.95,14.5p each,
Jelly Belly Blueberry Duo Vent Air Freshener,Jelly Belly Blueberry Duo Vent Air Freshener,£5.40,,
Jelly Belly Bubblegum Air Freshener,Jelly Belly Bubblegum Air Freshener,£3.70,,
Jelly Belly Very Cherry Duo Vent Air Freshener,Jelly Belly Very Cherry Duo Vent Air Freshener,£5.40,,
Joie Reuseable Food Bags ,Joie Reuseable Food Bags 6 per pack,£5,83.3p each,
Kiwi Shoe Classic Round Lace Brown 75cm,Kiwi Shoe Classic Round Lace Brown 75cm,£1.95,,
Kiwi Shoe Passion Heel Gel Cushions,Kiwi Shoe Passion Heel Gel Cushions,£3.70,,
Kiwi Shoe Passion Heel Gel Liner,Kiwi Shoe Passion Heel Gel Liner,£3.70,,
Kiwi Sneaker Cleaner ,Kiwi Sneaker Cleaner 75ml,£4.50,£6.00 per 100ml,
Kleenex Allergy Comfort Tissues 2 pack,Kleenex Allergy Comfort Tissues 2 pack2 per pack,£4,£2.00 each,
Kleenex Allergy Wipes,Kleenex Allergy Wipes40 per pack,£2,5p each,
Kleenex AntiBacterial Water Fresh Wipes,Kleenex AntiBacterial Water Fresh Wipes40 per pack,£1.50,3.8p each,"Offer price £1.50, was £2"
Kleenex Antibac Wipes,Kleenex Antibac Wipes36 per pack,£2,5.6p each,
Kleenex Balsam Extra Large 40 Sheets,Kleenex Balsam Extra Large 40 Sheets,£1.50,,"Offer price £1.50, was £2.75"
Kleenex Balsam Tissues 2 pack ,Kleenex Balsam Tissues 2 pack 2 x 64 per pack,£4,3.1p each,
Kleenex Balsam Tissues 8 pocket pack,Kleenex Balsam Tissues 8 pocket pack,£1.50,,"Offer price £1.50, was £2"
Kleenex Balsam Tissues Single Pack 64 Sheets,Kleenex Balsam Tissues Single Pack 64 Sheets,£2,,"Offer price £2, was £2.75"
Kleenex Collection Cube Tissues 48 Sheets,Kleenex Collection Cube Tissues 48 Sheets,£1.75,,
Kleenex Extra Large Compact Tissues 2 pack,Kleenex Extra Large Compact Tissues 2 pack2 x 44 per pack,£2.50,2.8p each,
Kleenex Extra Large Compact Tissues 4 pack,Kleenex Extra Large Compact Tissues 4 pack4 x 44 per pack,£4.75,2.7p each,
Kleenex Extra Large Tissues 2 pack,Kleenex Extra Large Tissues 2 pack2 x 90 per pack,£3.50,1.9p each,"Offer price £3.50, was £4"
Kleenex Original Tissues 64 Sheets,Kleenex Original Tissues 64 Sheets,£1.25,,"Offer price £1.25, was £2.50"
Kleenex The Original Eco Box 128 Sheets,Kleenex The Original Eco Box 128 Sheets,£2.75,,
Kleenex Ultra Soft Cube Tissues 48 Sheets,Kleenex Ultra Soft Cube Tissues 48 Sheets,£2.25,,
Kleenex Ultra Soft Extra Large Compact Tissues 40 Sheets,Kleenex Ultra Soft Extra Large…,£1.50,,"Offer price £1.50, was £2.75"
Kleenex Ultra Soft Tissues 2 Pack,Kleenex Ultra Soft Tissues 2 Pack2 x 64 per pack,£4,3.1p each,
Kuhn Rikon Swiss Hob Scraper,Kuhn Rikon Swiss Hob Scraper,£7.40,£7.40 each,
Lenor Burst of Sunshine Fabric Conditioner 30 Washes,Lenor Burst of Sunshine Fabri…1050ml,£3,£2.86 per litre,
Lenor Burst of Sunshine Fabric Conditioner 48 Washes ,Lenor Burst of Sunshine Fabri…1.68L,£3,£1.78 per litre,"Offer price £3, was £3.50"
Lenor Crease Releaser Spring Awakening,Lenor Crease Releaser Spring Awakening500ml,£3,£6.00 per litre,
Lenor Exotic Bloom Fabric Conditioner 30 Washes,Lenor Exotic Bloom Fabric Conditioner 30 Washes1.05L,£3,£2.86 per litre,
Lenor Exotic Bloom In-Wash Scent Booster,Lenor Exotic Bloom In-Wash Scent Booster176g,£5,£28.41 per kg,
Lenor Fabric Conditioner Floral Fresh Scent 54 Washes,Lenor Fabric Conditioner Flor…1.9L,£3,£1.58 per litre,
Lenor Fabric Conditioner Pink Tulips & White Jasmine 50 Washes,Lenor Fabric Conditioner Pink Tulip…1.75L,£3.50,20p per 100ml,
Lenor Fabric Conditioner Spring Awakening Scent 83 Washes,Lenor Fabric Conditioner Spring A…2.9L,£4.75,£1.64 per litre,
Lenor Fabric Enhancer Pink Tulips & White Jasmine Mrs Hinch,Lenor Fabric Enhancer Pink Tulips…176g,£5,£2.84 per 100g,
Lenor Fresh Meadow Fabric Conditioner 33 Washes,Lenor Fresh Meadow Fabric…1.155L,£2.25,£1.95 per litre,
Lenor Gold Orchid Fabric Conditioner 30 Washes,Lenor Gold Orchid Fabric Conditioner 30 Washes1.05L,£3.25,£3.10 per litre,
Lenor Gold Orchid Fabric Conditioner 48 Washes ,Lenor Gold Orchid Fabric Conditioner 48 Washes 1.68L,£3,£1.78 per litre,"Offer price £3, was £3.50"
Lenor Gold Orchid In-Wash Scent Booster,Lenor Gold Orchid In-Wash Scent Booster320g,£5,£15.63 per kg,"Offer price £5, was £8"
Lenor Gold Orchid In-Wash Scent Booster,Lenor Gold Orchid In-Wash Scent Booster176g,£5,£28.41 per kg,
Lenor In-Wash Scent Booster,Lenor In-Wash Scent Booster176g,£5,£28.41 per kg,
Lenor Northern Solstice 55w Outdoorables,Lenor Northern Solstice 55w Outdoorables770ml,£3.50,45.5p per 100ml,
Lenor Outdoorable Fabric Conditioner 33 Washes,Lenor Outdoorable Fabric Conditioner 33 Washes462ml,£3,£6.49 per litre,
Lenor Outdoorable Fabric Conditioner 33 Washes,Lenor Outdoorable Fabric Conditioner 33 Washes462ml,£3,£6.49 per litre,
Lenor Outdoorable Fabric Conditioner 55 Washes,Lenor Outdoorable Fabric Conditioner 55 Washes770ml,£3,£3.90 per litre,
Lenor Outdoorable Fabric Conditioner 55 Washes,Lenor Outdoorable Fabric Conditioner 55 Washes770ml,£3,£3.90 per litre,
Lenor Outdoorable Fabric Conditioner 55 Washes,Lenor Outdoorable Fabric Conditioner 55 Washes770ml,£3,£3.90 per litre,
Lenor Outdoorable Fabric Conditioner Moonlight Lily,Lenor Outdoorable Fabric Conditioner Moonlight Lily1064ml,£6.50,61.1p per 100ml,
Lenor Outdoorable Fabric Conditioner Tropical Sunset,Lenor Outdoorable Fabric Cond…1064ml,£6.50,61.1p per 100ml,
Lenor Outdoorable Fabric Conditioner x35,Lenor Outdoorable Fabric Conditioner x35490ml,£2.50,£5.10 per litre,"Offer price £2.50, was £4.50"
Lenor Outdoorable Fabric Conditioner x55,Lenor Outdoorable Fabric Conditioner x55770ml,£5.50,£7.14 per litre,
Lenor Outdoorable Fabric Conditioner x55,Lenor Outdoorable Fabric Conditioner x55770ml,£5.50,£7.14 per litre,
Lenor Ruby Jasmine Fabric Conditioner 30 Washes,Lenor Ruby Jasmine Fabric Conditioner 30 Washes1.05L,£3.25,£3.10 per litre,
Lenor Ruby Jasmine Fabric Conditioner 48 Washes   ,Lenor Ruby Jasmine Fabric Conditioner 48 Washes   1.68L,£3,£1.78 per litre,"Offer price £3, was £3.50"
Lenor Spring Awakening Fabric Conditioner 33 Washes ,Lenor Spring Awakening Fabric…1.155L,£2.25,£1.95 per litre,
Lenor Spring Awakening In-Wash Scent Booster ,Lenor Spring Awakening In-Wash Scent Booster 570g,£8,£14.04 per kg,
Lenor Spring Awakening In-Wash Scent Booster ,Lenor Spring Awakening In-Wash Scent Booster 320g,£5,£15.63 per kg,"Offer price £5, was £8"
Lenor Spring Awakening Tumble Dryer Sheets,Lenor Spring Awakening Tumble Dryer Sheets34 per pack,£2,5.9p each,"Offer price £2, was £3"
Lenor Summer Breeze Fabric Conditioner 33 Washes,Lenor Summer Breeze Fabric…1.155L,£2.25,£1.95 per litre,
Lenor Summer Breeze Fabric Conditioner 83 Washes,Lenor Summer Breeze Fabric…2.9L,£4.75,£1.64 per litre,
Lenor Summer Breeze In-Wash Scent Booster ,Lenor Summer Breeze In-Wash Scent Booster 320g,£5,£15.63 per kg,"Offer price £5, was £8"
Lenor Summer Breeze In-Wash Scent Booster ,Lenor Summer Breeze In-Wash Scent Booster 176g,£5,£28.41 per kg,
Lenor Summer Breeze Tumble Dryer Sheets,Lenor Summer Breeze Tumble Dryer Sheets34 per pack,£2,5.9p each,"Offer price £2, was £3"
Lenor Unstoppable Fresh In-Wash Scent Booster,Lenor Unstoppable Fresh In-Wash Scent Booster570g,£8,£14.04 per kg,
Lenor Unstoppables Beads Dreams In-Wash Scent Booster,Lenor Unstoppables Beads Drea…320g,£8,£25.00 per kg,
Lenor Unstoppables Beads Fresh In-Wash Scent Booster,Lenor Unstoppables Beads Fres…320g,£8,£25.00 per kg,
Lenor Unstoppables Beads Fresh In-Wash Scent Booster,Lenor Unstoppables Beads Fres…176g,£3,£17.05 per kg,"Offer price £3, was £6"
Lifebuoy Multi-Surface Antibacterial Spray,Lifebuoy Multi-Surface Antibacterial Spray735ml,£2,£2.72 per litre,
Lifebuoy Multi-Surface Antibacterial Wipes,Lifebuoy Multi-Surface Antibacterial Wipes60 per pack,£2,3.3p each,
Little Duck Maxx Kitchen Towel,Little Duck Maxx Kitchen Towel3 per pack,£4.25,£1.42 each,
Little Duck Supreme Quilted Toilet Tissue,Little Duck Supreme Quilted Toilet Tissue24 per pack,£7.99,33.3p each,
Lord Sheraton Caretaker Furniture Eco Wipes,Lord Sheraton Caretaker Furniture Eco Wipes24 per pack,£3,12.5p each,
Lord Sheraton Caretaker Wood Balsam 125Ml,Lord Sheraton Caretaker Wood Balsam 125Ml125ml,£4,£3.20 per 100ml,
Lord Sheraton Leather Balsam ,Lord Sheraton Leather Balsam 125ml,£4,£3.20 per 100ml,
Marigold Bathroom Glove Med,Marigold Bathroom Glove Med,£3,,
Marigold Extra Life Kitchen Gloves Large,Marigold Extra Life Kitchen Gloves Large1pair,£2.70,,
Marigold Extra Life Kitchen Medium Gloves,Marigold Extra Life Kitchen Medium Gloves1pair,£2.70,,
Marigold Gloves for Sensitive Skin Medium,Marigold Gloves for Sensitive Skin Medium,£2.90,,"Offer price £2.90, was £3.30"
Marigold Kitchen Gloves Small   ,Marigold Kitchen Gloves Small   ,£2.70,,
Method All Floor Cleaner Squirt + Mop Wild Rhubarb,Method All Floor Cleaner Sq…739ml,£4,54.1p per 100ml,"Offer price £4, was £4.50"
Method Almond Wood Polish ,Method Almond Wood Polish 354ml,£4.50,£12.71 per litre,
Method Anti-Bac All Purpose Cleaner Peach Blossom,Method Anti-Bac All Purpose…828ml,£3,36.2p per 100ml,"Offer price £3, was £4"
Method Anti-Bac All Purpose Cleaner Wild Rhubarb ,Method Anti-Bac All Purpose…828ml,£3,36.2p per 100ml,"Offer price £3, was £4"
Method Bathroom Cleaner ,Method Bathroom Cleaner 828ml,£3,£3.62 per litre,"Offer price £3, was £4"
Method Clementine Daily Kitchen Cleaner ,Method Clementine Daily Kitchen Cleaner 828ml,£3,£3.62 per litre,"Offer price £3, was £4"
Method Daily Shower Cleaner ,Method Daily Shower Cleaner 828ml,£3,£3.62 per litre,"Offer price £3, was £4"
Method Daily Shower Passion Fruit,Method Daily Shower Passion Fruit828ml,£3,36.2p per 100ml,"Offer price £3, was £4"
Method French Lavender Multi Surface Cleaner,Method French Lavender Multi Surface Cleaner828ml,£3,£3.62 per litre,"Offer price £3, was £4"
Microban 24 Hour Sanitizing Spray Citrus Scent,Microban 24 Hour Sanitizi…400ml,£4,£1.00 per 100ml,
Mighty Big 3 Rolls Of Extra Large Sheets,Mighty Big 3 Rolls Of Extra Large Sheets3 per pack,£3.99,£1.33 each,
Milton Antibacterial Surface Spray,Milton Antibacterial Surface Spray500ml,£2.60,52p per 100ml,
Milton Baby Bottle Cleaner ,Milton Baby Bottle Cleaner 500ml,£3,60p per 100ml,
Minky M Cloth Anti-Bac Kitchen Pad,Minky M Cloth Anti-Bac Kitchen Pad,£3,,
Minky M Cloth Anti - Bacterial Cleaning Pad,Minky M Cloth Anti - Bacterial Cleaning Pad,£2.50,,
Minky M Cloth Glass & Window,Minky M Cloth Glass & Window,£3.30,,
Minky Microfibre Kitchen Cloths,Minky Microfibre Kitchen Cloths2 per pack,£3.30,£1.65 each,
Minky Multi-Purpose Microfibre Cloths,Minky Multi-Purpose Microfibre Cloths4 per pack,£3.50,87.5p each,
Miofresh Nappy & Laundry Cleanser,Miofresh Nappy & Laundry Cleanser,£4.50,,
Morrisons 10 Refuse Sacks Drawstring 70L,Morrisons 10 Refuse Sacks Drawstring 70L10 per pack,£2,20p each,"Offer price £2, was £3"
Morrisons 15L Tie Handle Pedal Bin Liners,Morrisons 15L Tie Handle Pedal Bin Liners20 per pack,£1.50,7.5p each,
Morrisons 20 Bio Caddy Bin Liners 5L,Morrisons 20 Bio Caddy Bin Liners 5L,£2,,
Morrisons 240L Flat Top Wheelie Bin Liners,Morrisons 240L Flat Top Wheelie Bin Liners10 per pack,£2.40,24p each,
Morrisons 2 Double Kitchen Rolls,Morrisons 2 Double Kitchen Rolls2 per pack,£2.25,£1.13 each,"Offer price £2.25, was £2.50"
Morrisons 2 In 1 Microfibre Flat Mop Refill,Morrisons 2 In 1 Microfibre Flat Mop Refill,£2.50,,
Morrisons 2x Non Scratch Bathroom Scourers,Morrisons 2x Non Scratch Bathroom Scourers2 per pack,£1.15,57.5p each,
Morrisons 30L Drawstring Tall Kitchen Bin Liners,Morrisons 30L Drawstring Tall Kitchen Bin Liners20 per pack,£2.90,14.5p each,
Morrisons 35 Large Tie Handle Food & Freezer Bags 35 Pack,Morrisons 35 Large Tie Handle Foo…35 per pack,£2.50,7.1p each,
Morrisons 35L Flat Top Rubble Bin Liners,Morrisons 35L Flat Top Rubble Bin Liners8 per pack,£3.40,42.5p each,"Offer price £3.40, was £3.80"
Morrisons 3Ply   Cosmetic Facial  Tissues ,Morrisons 3Ply   Cosmetic Facial  Tissues 56 per pack,£1.69,3p each,"Offer price £1.69, was £1.90"
Morrisons 3Ply   Regular Facial Tissues 72 Sheets ,Morrisons 3Ply   Regular Facial Tissues 72 Sheets ,£1.45,,
Morrisons 3Ply Regular Twin Facial Tissues,Morrisons 3Ply Regular Twin Facial Tissues2 x 72 per pack,£2.50,1.7p each,
Morrisons 45L Tie Handle Swing Kitchen Bin Liners,Morrisons 45L Tie Handle Swing Kitchen Bin Liners20 per pack,£1.75,8.8p each,
Morrisons 50L Drawstring Swing Kitchen Waste Bin Liners,Morrisons 50L Drawstring Swing…20 per pack,£1.33,6.7p each,
Morrisons 50L Drawstring Tall Kitchen Waste Bin Liners,Morrisons 50L Drawstring Tall K…20 per pack,£4.25,21.3p each,
Morrisons 50L Tie Top Refuse Sacks 20 Pack,Morrisons 50L Tie Top Refuse Sacks 20 Pack20 per pack,£2.75,13.8p each,
Morrisons 90L Tie Top Refuse Sacks 20 Pack,Morrisons 90L Tie Top Refuse Sacks 20 Pack20 per pack,£4,20p each,
Morrisons All In 1 Lemon Dishwasher Tablets,Morrisons All In 1 Lemon Dishwasher Tablets60 per pack,£5.45,9.1p each,
Morrisons All In 1 Lemon Dishwasher Tablets,Morrisons All In 1 Lemon Dishwasher Tablets30 per pack,£3,10p each,
Morrisons All In 1 Original Dishwasher Tablets,Morrisons All In 1 Original Dishwasher Tablets30 per pack,£3,10p each,
Morrisons All Purpose Cloths ,Morrisons All Purpose Cloths 10 per pack,£1.35,13.5p each,
Morrisons Aloe Vera Toilet Tissue,Morrisons Aloe Vera Toilet Tissue4 per pack,£2.60,65p each,
Morrisons Aloe Vera Toilet Tissue,Morrisons Aloe Vera Toilet Tissue9 per pack,£4.55,50.6p each,
Morrisons Antibacterial Plastic Free Wipes Citrus,Morrisons Antibacterial Plastic Free Wipes Citrus80 per pack,£1.80,2.3p each,
Morrisons Antibacterial Plastic Free Wipes Original ,Morrisons Antibacterial Plast…80 per pack,£1.80,2.3p each,
Morrisons Antibacterial Plastic Free Wipes Rhubarb,Morrisons Antibacterial Pla…80 per pack,£1.80,2.3p each,
Morrisons Antibacterial Surface Spray,Morrisons Antibacterial Surface Spray300ml,£1.50,50p per 100ml,
Morrisons Antiseptic Disinfectant,Morrisons Antiseptic Disinfectant500ml,£1.35,£2.70 per litre,
Morrisons Apple Washing Up Liquid,Morrisons Apple Washing Up Liquid450ml,75p,£1.67 per litre,
Morrisons Balm Facial Tissue 72 Sheets,Morrisons Balm Facial Tissue 72 Sheets,£1.89,,"Offer price £1.89, was £2.15"
Morrisons Bamboo Dish Brush,Morrisons Bamboo Dish Brush,£1.50,,
Morrisons Bathroom Cleaner,Morrisons Bathroom Cleaner750ml,£1.10,14.7p per 100ml,
Morrisons Berry Blitz Washing Up Liquid,Morrisons Berry Blitz Washing Up Liquid450ml,75p,£1.67 per litre,
Morrisons Berry Thick Bleach,Morrisons Berry Thick Bleach750ml,75p,£1.00 per litre,Buy 2 for £1
Morrisons Bio Caddy Bin Liners 25 Litres,Morrisons Bio Caddy Bin Liners 25 Litres10 per pack,£2.90,29p each,"Offer price £2.90, was £3.25"
Morrisons Bio Super Concentrated  Concentrated Liquid 60 Washes,Morrisons Bio Super Conce…1.8L,£5.20,£2.89 per litre,
Morrisons Bio Washing Powder 40 Washes,Morrisons Bio Washing Powder 40 Washes2.6kg,£4.40,£1.69 per kg,
Morrisons Bottle Brush,Morrisons Bottle Brush,£1,,
Morrisons Citrus Anti-Bacterial Multi-Purpose Cleaner,Morrisons Citrus Anti-Bacteri…750ml,£1.10,14.7p per 100ml,
Morrisons Citrus Shine All-Purpose Liquid Cleaner ,Morrisons Citrus Shine All-Purpose Liquid Cleaner 1L,£1.50,£1.50 per litre,
Morrisons Citrus Thick Bleach,Morrisons Citrus Thick Bleach750ml,75p,£1.00 per litre,Buy 2 for £1
Morrisons Classic White Toilet Tissue,Morrisons Classic White Toilet Tissue24 per pack,£7.99,33.3p each,"Offer price £7.99, was £10.20"
Morrisons Coconut Toilet Tissue ,Morrisons Coconut Toilet Tissue 9 per pack,£4.55,50.6p each,
Morrisons Colours & Whites Stain Removal Spray,Morrisons Colours & White…750ml,£2.50,£3.33 per litre,
Morrisons Colours Stain Remover Oxy Action Powder ,Morrisons Colours Stain Rem…1kg,£2.90,£2.90 per kg,
Morrisons Colour Super Concentrated Liquid 60 Washes,Morrisons Colour Super Concen…1.8L,£5.20,£2.89 per litre,
Morrisons Cotton Dry Air Freshener,Morrisons Cotton Dry Air Freshener250ml,£2.10,£8.40 per litre,
Morrisons Cotton Fresh Antibacterial Laundry Cleanser,Morrisons Cotton Fresh Antiba…1.5L,£2.80,£1.87 per litre,
Morrisons Cotton Fresh Candle,Morrisons Cotton Fresh Candle120g,£2.25,£1.88 per 100g,
Morrisons Daily Clean Shower Shine,Morrisons Daily Clean Shower Shine750ml,£1.10,14.7p per 100ml,
Morrisons Decorated Kitchen Towel,Morrisons Decorated Kitchen Towel2 per pack,£2.25,£1.13 each,"Offer price £2.25, was £2.50"
Morrisons Dish Cloths      ,Morrisons Dish Cloths      5 per pack,£2,40p each,Cleaning Accessories Bundle - Buy Any 2 For £2.50
Morrisons Dishwasher Cleaner,Morrisons Dishwasher Cleaner250ml,£2.25,£9.00 per litre,
Morrisons Dishwasher Salt,Morrisons Dishwasher Salt2kg,£1.95,97.5p per kg,
Morrisons Dustpan & Brush,Morrisons Dustpan & Brush,£3,,
Morrisons Easy Seal Sandwich Bags 60 Pack,Morrisons Easy Seal Sandwich Bags 60 Pack60 per pack,£2,3.3p each,
Morrisons Eco 70L Tie Refuse Sacks 20 Pack,Morrisons Eco 70L Tie Refuse Sacks 20 Pack20 per pack,£3,15p each,
Morrisons Eco Antibacterial Multi Surface Spray Rhubarb,Morrisons Eco Antibacterial Mul…750ml,£2,£2.67 per litre,
Morrisons Eco Disinfectant Spray Passionfruit,Morrisons Eco Disinfectant Spray Passionfruit750ml,£2.25,£3.00 per litre,
Morrisons Eco Floor Cleaner Orange Blossom,Morrisons Eco Floor Cleaner Orange Blossom750ml,£2,£2.67 per litre,
Morrisons Eco Kitchen Towel 200 Sheets ,Morrisons Eco Kitchen Towel 200 Sheets 2 per pack,£3.75,£1.88 each,
Morrisons Eco Non Bio Laundry Liquid Tropical,Morrisons Eco Non Bio Laundry Liquid Tropical960ml,£3.50,£3.65 per litre,
Morrisons Eco Recycled Microfibre Cloths,Morrisons Eco Recycled Microfibre Cloths3 per pack,£1.75,58.3p each,
Morrisons Eco Toilet Cleaner Spearmint,Morrisons Eco Toilet Cleaner Spearmint750ml,£2,£2.67 per litre,
Morrisons Eco Toilet Rolls,Morrisons Eco Toilet Rolls9 per pack,£4.40,48.9p each,
Morrisons Eco Washing Up Liquid Grapefruit,Morrisons Eco Washing Up Liquid Grapefruit500ml,£1.50,£3.00 per litre,
Morrisons Extra Strong Foil 10m,Morrisons Extra Strong Foil 10m10m,£2,20p per 1m,
Morrisons Extra Wear Gloves Large,Morrisons Extra Wear Gloves Large,£1.75,,"Offer price £1.75, was £2"
Morrisons Extra Wear Gloves Medium,Morrisons Extra Wear Gloves Medium,£1.75,,"Offer price £1.75, was £2"
Morrisons Extra Wear Gloves Small,Morrisons Extra Wear Gloves Small,£1.75,,"Offer price £1.75, was £2"
Morrisons Floor Wipes Apple,Morrisons Floor Wipes Apple15 per pack,£1.40,9.3p each,
Morrisons Fresh & Tropical with Coconut Oil Toilet Tissue ,Morrisons Fresh & Tropical with C…4 per pack,£2.60,65p each,
Morrisons Fresh Thick Bleach,Morrisons Fresh Thick Bleach750ml,75p,10p per 100ml,Buy 2 for £1
Morrisons Gel Air Freshener Peony,Morrisons Gel Air Freshener Peony120g,£1,83.3p per 100g,
Morrisons Gel Air Freshener Pure Linen,Morrisons Gel Air Freshener Pure Linen120g,£1,83.3p per 100g,
Morrisons Glass & Window Cleaner,Morrisons Glass & Window Cleaner750ml,£1.10,14.7p per 100ml,
Morrisons Glass Clean System Cloth,Morrisons Glass Clean System Cloth2 per pack,£2,£1.00 each,
Morrisons Greaseproof Baking Paper 10m,Morrisons Greaseproof Baking Paper 10m10m,£1.45,14.5p per 1m,
Morrisons Kind & Gentle Delicates Liquid 18 Washes,Morrisons Kind & Gentle Del…750ml,£2.79,£3.72 per litre,"Offer price £2.79, was £3.10"
Morrisons Kitchen Foil 10m,Morrisons Kitchen Foil 10m10m,£1.69,16.9p per 1m,
Morrisons Kitchen Foil 30m,Morrisons Kitchen Foil 30m30m,£4,13.3p per 1m,"Offer price £4, was £4.50"
Morrisons Kitchen Foil Non-Stick Wide 10m,Morrisons Kitchen Foil Non-Stick Wide 10m300m,£3.25,1.1p per 1m,
Morrisons Kitchen Towel    ,Morrisons Kitchen Towel    6 per pack,£3.60,60p each,
Morrisons Kitchen Towel,Morrisons Kitchen Towel4 per pack,£4.15,£1.04 each,
Morrisons Large Cleaning Cloths ,Morrisons Large Cleaning Cloths 5 per pack,£1.90,38p each,Cleaning Accessories Bundle - Buy Any 2 For £2.50
Morrisons Large Tissues 100 Sheets,Morrisons Large Tissues 100 Sheets2 per pack,£3.80,£1.90 each,
Morrisons Large White XL Tissues 100 Sheets,Morrisons Large White XL Tissues 100 Sheets,£1.80,,"Offer price £1.80, was £2"
Morrisons Lavender Air Freshener,Morrisons Lavender Air Freshener240ml,80p,£3.33 per litre,
Morrisons Lavender Dry Air Freshener,Morrisons Lavender Dry Air Freshener250ml,£2.10,£8.40 per litre,
Morrisons Lavender Fabric Conditioner 42 Washes,Morrisons Lavender Fabric Conditioner 42 Washes,£2.15,,
Morrisons Lavender Washing Powder 40 Washes,Morrisons Lavender Wash…2.6kg,£4.40,£1.69 per kg,
Morrisons Lemon Dishwasher Freshener,Morrisons Lemon Dishwasher Freshener6ml,£2.15,£35.83 per 100ml,
Morrisons Lemon Washing Up Liquid ,Morrisons Lemon Washing Up Liquid 450ml,75p,£1.67 per litre,
Morrisons Limescale Preventer Gel,Morrisons Limescale Preventer Gel1L,£3.95,£3.95 per litre,"Offer price £3.95, was £4.40"
Morrisons Limescale Prevention Tablets,Morrisons Limescale Prevention Tablets15 per pack,£2.50,16.7p each,"Offer price £2.50, was £2.80"
Morrisons Lychee & Passionfruit Super Concentrated Liquid 32 Washes,Morrisons Lychee & Passionf…960ml,£3,£3.13 per litre,
Morrisons Medium Food/Freezer Wire Ties Bags 50 Pack,Morrisons Medium Food/Freezer…50 per pack,£1.75,3.5p each,"Offer price £1.75, was £1.95"
Morrisons Medium Tie Handle Food & Freezer Bags 50 Pack,Morrisons Medium Tie Handle Foo…50 per pack,£1.80,3.6p each,
Morrisons Medium Zip Food/Freezer Bags 25 Pack,Morrisons Medium Zip Food…25 per pack,£2.30,9.2p each,
Morrisons Metal Dustpan & Brush,Morrisons Metal Dustpan & Brush,£4,,
Morrisons Microfibre Mop Refill With Abrasion,Morrisons Microfibre Mop Refill With Abrasion,£2,,
Morrisons Microwave & Roast Bags,Morrisons Microwave & Roast Bags10 per pack,£1.35,13.5p each,"Offer price £1.35, was £1.50"
Morrisons Multi Purpose Kitchen Roll,Morrisons Multi Purpose Kitchen Roll,£2.69,,
Morrisons Non-Bio Laundry Tablets,Morrisons Non-Bio Laundry Tablets20 per pack,£3.25,16.3p each,
Morrisons Non-Bio Pods Laundry Capsules,Morrisons Non-Bio Pods Laundry Capsules21 per pack,£3.70,17.6p each,
Morrisons Non-Bio Super Concentrated Liquid 32 Washes,Morrisons Non-Bio Super Conce…960ml,£3,£3.13 per litre,
Morrisons Non-Bio Super Concentrated Liquid 60 Washes,Morrisons Non-Bio Super Conce…1.8L,£5.20,£2.89 per litre,
Morrisons Non Bio Laundry Gel 24 Washes,Morrisons Non Bio Laundry Gel 24 Washes720ml,£3,£4.17 per litre,
Morrisons Non Bio Washing Powder 40 Washes ,Morrisons Non Bio Washi…2.6kg,£4.40,£1.69 per kg,
Morrisons Non Scratch Scouring Sponges ,Morrisons Non Scratch Scouring Sponges 8 per pack,£1.55,19.4p each,Cleaning Accessories Bundle - Buy Any 2 For £2.50
Morrisons No Scratch Silver Scourer 4 Pack,Morrisons No Scratch Silver Scourer 4 Pack4 per pack,£2,50p each,"Offer price £2, was £2.25"
Morrisons Ocean Breeze Fabric Conditioner 42 Washes,Morrisons Ocean Breeze Fabric…1.26L,£2.15,£1.71 per litre,
Morrisons Ocean Fresh In-Cistern Block,Morrisons Ocean Fresh In-Cistern Block2 per pack,£1,50p each,"Offer price £1, was £1.15"
Morrisons Ocean Fresh Toilet Cleaner,Morrisons Ocean Fresh Toilet Cleaner750ml,70p,93.3p per litre,
Morrisons Original Thick Bleach,Morrisons Original Thick Bleach750ml,75p,£1.00 per litre,Buy 2 for £1
Morrisons Peony Air Freshener,Morrisons Peony Air Freshener240ml,80p,£3.33 per litre,
Morrisons Pine Fresh In-Cistern Block,Morrisons Pine Fresh In-Cistern Block2 per pack,£1,50p each,"Offer price £1, was £1.15"
Morrisons Pine Fresh Toilet Cleaner,Morrisons Pine Fresh Toilet Cleaner750ml,70p,93.3p per litre,
Morrisons Polish Plastic Free Wipes ,Morrisons Polish Plastic Free Wipes 30 per pack,£1.30,4.3p each,
Morrisons Pure Fabric Conditioner 42 Washes,Morrisons Pure Fabric Conditioner 42 Washes1.26L,£2.15,£1.71 per litre,
Morrisons Pure Tumble Dryer Sheets,Morrisons Pure Tumble Dryer Sheets36 per pack,£1.70,4.7p each,"Offer price £1.70, was £1.90"
Morrisons Pvc Free Cling Film 25m,Morrisons Pvc Free Cling Film 25m25m,£1.35,5.4p per 1m,"Offer price £1.35, was £1.50"
Morrisons Pvc Free Cling Film 75m,Morrisons Pvc Free Cling Film 75m75m,£2.50,3.3p per 1m,
Morrisons Quilted Comfort Toilet Tissue,Morrisons Quilted Comfort Toilet Tissue9 per pack,£4.60,51.1p each,
Morrisons Quilted Comfort Toilet Tissue 4,Morrisons Quilted Comfort Toilet Tissue 44 per pack,£2.60,65p each,
Morrisons Quilted Toilet Rolls,Morrisons Quilted Toilet Rolls16 per pack,£7.10,44.4p each,
Morrisons Ribbed Kitchen Cloths,Morrisons Ribbed Kitchen Cloths4 per pack,£1.70,42.5p each,"Offer price £1.70, was £1.90"
Morrisons Rinse Aid,Morrisons Rinse Aid400ml,£1.89,£4.72 per litre,"Offer price £1.89, was £2.10"
Morrisons Savers 18 Toilet Rolls,Morrisons Savers 18 Toilet Rolls18 per pack,£3.79,21.1p each,
Morrisons Savers 6 Double Toilet Rolls,Morrisons Savers 6 Double Toilet Rolls6 per pack,£1.99,33.2p each,
Morrisons Savers Biological Laundry Liquid 28 Washes,Morrisons Savers Biological L…1L,£1.80,£1.80 per litre,
Morrisons Savers Biological Laundry Powder,Morrisons Savers Biolog…3.333kg,£2.55,76.5p per kg,
Morrisons Savers Biological Laundry Powder,Morrisons Savers Biolog…867g,£1.50,£1.73 per kg,
Morrisons Savers Cleaning Cloths  ,Morrisons Savers Cleaning Cloths  5 per pack,66p,13.2p each,
Morrisons Savers Dusters 8 Pack,Morrisons Savers Dusters 8 Pack8 per pack,£2,25p each,
Morrisons Savers Family Size Facial Tissues 226 Sheets,Morrisons Savers Family Size Fa…,£1.09,,
Morrisons Savers Food & Freezer Bags 100 Pack,Morrisons Savers Food & Freezer Bags 100 Pack100 per pack,£1,1p each,
Morrisons Savers Jumbo Kitchen Towel Roll,Morrisons Savers Jumbo Kitchen Towel Roll,£1.35,,
Morrisons Savers Liquid Disinfectant,Morrisons Savers Liquid Disinfectant1L,33p,33p per litre,
Morrisons Savers Sponge Scourers  ,Morrisons Savers Sponge Scourers  10 per pack,54p,5.4p each,
Morrisons Savers Washing Up Liquid,Morrisons Savers Washing Up Liquid500ml,43p,8.6p per 100ml,
Morrisons Savers Wrapping Foil 20m,Morrisons Savers Wrapping Foil 20m20m,99p,5p per 1m,
Morrisons Scouring Pads    ,Morrisons Scouring Pads    5 per pack,£1.40,28p each,"Offer price £1.40, was £1.60"
Morrisons Scouring Sponges ,Morrisons Scouring Sponges 8 per pack,£1.55,19.4p each,
Morrisons Self Seal Ice Cube Bags,Morrisons Self Seal Ice Cube Bags20 per pack,£2,10p each,
Morrisons Shea Butter Toilet Tissue,Morrisons Shea Butter Toilet Tissue9 per pack,£4.55,50.6p each,
Morrisons Shea Butter Toilet Tissue 4 Roll,Morrisons Shea Butter Toilet Tissue 4 Roll4 per pack,£2.60,65p each,
Morrisons Sink Plunger,Morrisons Sink Plunger,£2,,
Morrisons Small Zip Food/Freezer Bags,Morrisons Small Zip Food/Freezer Bags40 per pack,£3.50,8.8p each,
Morrisons Softer Sensitive Moist Aloe Toilet Tissue Wipes 40Pk,Morrisons Softer Sensitive Moist Al…,£1.15,,
Morrisons Softer Sensitive Moist Fragrance Free Toilet Tissue Wipes 40Pk,Morrisons Softer Sensitive Moist Fragrance…,£1.15,,
Morrisons Soft Grip Scrub Brush,Morrisons Soft Grip Scrub Brush,£1,,
Morrisons Solid Toilet Rim Block Lemon,Morrisons Solid Toilet Rim Block Lemon2 per pack,£1.70,85p each,
Morrisons Solid Toilet Rim Block Ocean,Morrisons Solid Toilet Rim Block Ocean2 per pack,£1.70,85p each,
Morrisons So Soft 12 Double Toilet Rolls,Morrisons So Soft 12 Double Toilet Rolls12 per pack,£8.60,71.7p each,"Offer price £8.60, was £9.90"
Morrisons Sponge Cloths    ,Morrisons Sponge Cloths    4 per pack,£1.50,37.5p each,
Morrisons Sponge Wipes     ,Morrisons Sponge Wipes     4 per pack,£1.30,32.5p each,
Morrisons Spray Window Cleaner,Morrisons Spray Window Cleaner,£4,,
Morrisons Squeegee With Sucker,Morrisons Squeegee With Sucker,£1,,
Morrisons Stainless Steel Scourer ,Morrisons Stainless Steel Scourer 4 per pack,£1.65,41.3p each,
Morrisons Steel Wool Soap Pads ,Morrisons Steel Wool Soap Pads 10 per pack,£1.25,12.5p each,
Morrisons Summer Burst Fabric Conditioner 42 Washes,Morrisons Summer Burst Fabric…1.26L,£2.15,£1.71 per litre,
Morrisons Super Absorbent  Cloths ,Morrisons Super Absorbent  Cloths 4 per pack,£1.55,38.8p each,Cleaning Accessories Bundle - Buy Any 2 For £2.50
Morrisons Supersoft XL Tissues 54 Sheets,Morrisons Supersoft XL Tissues 54 Sheets,£2,,
Morrisons The Best 20 Neutralising Tall Kitchen Bin Liners 30 Litres,Morrisons The Best 20 Neutralising Tall…20 per pack,£2.75,13.8p each,
Morrisons The Best Honeysuckle & White Amber Fabric Conditioner 33 Washes,Morrisons The Best Honeysuckle…1L,£1.95,£1.95 per litre,
Morrisons The Best Power Burst Dishwasher Tablets,Morrisons The Best Power Burst Dishwasher Tablets30 per pack,£4,13.3p each,
Morrisons The Best Ultra Kitchen Towel,Morrisons The Best Ultra Kitchen Towel2 per pack,£3.25,£1.63 each,
Morrisons The Best Ultra Kitchen Towel Roll,Morrisons The Best Ultra Kitchen Towel Roll4 per pack,£5.75,£1.44 each,
Morrisons The Best Ultra Kitchen Towel Roll Roll,Morrisons The Best Ultra Kitchen Towel Roll Roll4 per pack,£5.35,£1.34 each,
Morrisons The Best White Lavender & Patchouli Fabric Conditioner  33 Washes,Morrisons The Best White Lavend…1L,£1.95,£1.95 per litre,
Morrisons Thick Bleach Original,Morrisons Thick Bleach Original2L,£1.35,67.5p per litre,
Morrisons Thick Pine Disinfectant,Morrisons Thick Pine Disinfectant1L,£1.15,£1.15 per litre,"Offer price £1.15, was £1.30"
Morrisons Tie Handle Food & Freezer Bags Small ,Morrisons Tie Handle Food & Freezer Bags Small 60 per pack,£1.75,2.9p each,
Morrisons Tie Top Refuse Sack 70L 20 Pack,Morrisons Tie Top Refuse Sack 70L 20 Pack20 x 1 per pack,£3,15p each,
Morrisons Toilet Tissue White ,Morrisons Toilet Tissue White 9 per pack,£4.09,45.4p each,
Morrisons Toilet Tissue White ,Morrisons Toilet Tissue White 4 per pack,£1.99,49.8p each,"Offer price £1.99, was £2.55"
Morrisons        Toilet  Tissue   White ,Morrisons        Toilet  Tissue   White 2 per pack,£1.35,67.5p each,
Morrisons Tough Gloves Large,Morrisons Tough Gloves Large,£2.50,,
Morrisons Tough Towels Kitchen Roll,Morrisons Tough Towels Kitchen Roll2 per pack,£3.10,£1.55 each,
Morrisons Tropical Eco Fabric Conditioner 26 Washes,Morrisons Tropical Eco Fabric…1.26L,£1.50,£1.19 per litre,"Offer price £1.50, was £2.25"
Morrisons Tropical Lychee & Passionfruit Laundry Capsules,Morrisons Tropical Lychee & Passi…21 per pack,£3.70,17.6p each,
Morrisons Ultra Soft Regular Tissues 80 Sheets,Morrisons Ultra Soft Regular Tissues 80 Sheets2 per pack,£2.79,£1.40 each,"Offer price £2.79, was £3.10"
Morrisons Vanilla Candle ,Morrisons Vanilla Candle 120g,£2.25,£1.88 per 100g,
Morrisons Whites Stain Remover Oxy Action Powder ,Morrisons Whites Stain Remo…1kg,£2.90,£2.90 per kg,
Morrison Trigger Spray Bottle,Morrison Trigger Spray Bottle,£1.25,,
Mr Muscle Drain Foamer Odour Eliminator,Mr Muscle Drain Foamer Odour Eliminator500ml,£4,£8.00 per litre,
Mr Muscle Drain Max Unblocker,Mr Muscle Drain Max Unblocker1L,£4,£4.00 per litre,"Offer price £4, was £6"
Mr Muscle Drain Power Gel for Full Clogs ,Mr Muscle Drain Power Gel for Full Clogs 500ml,£4,£8.00 per litre,
Mr Muscle Oven Cleaner,Mr Muscle Oven Cleaner300ml,£4,£13.33 per litre,
Mr Muscle Platinum Bathroom Spray Mandarin,Mr Muscle Platinum Bathroom Spray Mandarin750ml,£2,£2.67 per litre,
Mr Muscle Platinum Kitchen Spray Citrus,Mr Muscle Platinum Kitchen Spray Citrus750ml,£2,£2.67 per litre,
Mr Muscle Platinum Shower Shine Spray,Mr Muscle Platinum Shower Shine Spray750ml,£2,£2.67 per litre,
Mr Muscle Platinum Window & Glass Spray,Mr Muscle Platinum Window & Glass Spray750ml,£2,£2.67 per litre,
Mr Sheen Leather Wipes,Mr Sheen Leather Wipes30 per pack,£2.85,9.5p each,
Mr Sheen Multi Surface Polish Magnolia & Cherry,Mr Sheen Multi Surface Polish Magnolia & Cherry250ml,£1.80,72p per 100ml,
Mr Sheen Multi Surface Polish Original,Mr Sheen Multi Surface Polish Original250ml,£1.80,72p per 100ml,
Mr Sheen Multi Surface Polish Spring Fresh,Mr Sheen Multi Surface Polish Spring Fresh250ml,£1.80,72p per 100ml,
Mr Sheen Multi Surface Wipes Magnolia & Cherry,Mr Sheen Multi Surface Wipes Magnolia & Cherry30 per pack,£2.85,9.5p each,
Mr Sheen Multi Surface Wipes Spring Fresh ,Mr Sheen Multi Surface Wipes Spring Fresh 30 per pack,£2.85,9.5p each,
M savers Thin Bleach,M savers Thin Bleach2L,50p,25p per litre,
My Spa Coconut & Frangipani Flower Scented Candle,My Spa Coconut & Frangipani…,£1.70,,
Non Silicone Leather Silk Leather Polish And Conditioner,Non Silicone Leather Silk Leath…225ml,£2,88.9p per 100ml,
Non Silicone Wood Silk Aerosol Furniture Polish,Non Silicone Wood Silk Aerosol Furniture Polish225ml,£1.50,66.7p per 100ml,
Nutmeg Home Considered Oil Burner,Nutmeg Home Considered Oil Burner,£5,,
Nutmeg Home Grey Ceramic Floral Oil Burner,Nutmeg Home Grey Ceramic Floral Oil Burner,£5,,
Nutmeg Home Habitation Floral Infusion Gel Candle,Nutmeg Home Habitation Floral Infusion Gel Candle,£6,,
Nutmeg Home Jar Cotton Blossom,Nutmeg Home Jar Cotton Blossom,£4,,
Nutmeg Home Jar Sandalwood,Nutmeg Home Jar Sandalwood,£4,,
Nutmeg Home Large Jar Berries,Nutmeg Home Large Jar Berries,£6,,
Nutmeg Home Large Jar Cotton Blossom,Nutmeg Home Large Jar Cotton Blossom,£6,,
Nutmeg Home Large Jar Cranberry Orange,Nutmeg Home Large Jar Cranberry Orange,£6,,
Nutmeg Home Large Jar Jasmine,Nutmeg Home Large Jar Jasmine,£6,,
Nutmeg Home Large Jar Sandalwood,Nutmeg Home Large Jar Sandalwood,£6,,
Nutmeg Home Large Jar Vanilla,Nutmeg Home Large Jar Vanilla,£6,,
Nutmeg Home Large Multi Wick Berries,Nutmeg Home Large Multi Wick Berries,£4,,
Nutmeg Home Large Multi Wick Cotton Blossom,Nutmeg Home Large Multi Wick Cotton Blossom,£4,,
Nutmeg Home Large Multi Wick Cranberry Orange,Nutmeg Home Large Multi Wick Cranberry Orange,£4,,
Nutmeg Home Large Multi Wick Jasmine,Nutmeg Home Large Multi Wick Jasmine,£4,,
Nutmeg Home Large Multi Wick Sandalwood,Nutmeg Home Large Multi Wick Sandalwood,£4,,
Nutmeg Home Large Multi Wick Vanilla,Nutmeg Home Large Multi Wick Vanilla,£4,,
Nutmeg Home Pillar Candle Cotton Blossom,Nutmeg Home Pillar Candle Cotton Blossom,£3,,
Nutmeg Home Reed Diffuser Cotton Blossom,Nutmeg Home Reed Diffuser Cotton Blossom100ml,£4,£4.00 per 100ml,
Nutmeg Home Reed Diffuser Sandalwood,Nutmeg Home Reed Diffuser Sandalwood100ml,£4,£4.00 per 100ml,
Nutmeg Home Scented Pillar Candle Sandalwood,Nutmeg Home Scented Pillar Candle Sandalwood,£3,,
Nutmeg Home Square Bubble Candle,Nutmeg Home Square Bubble Candle,£3,,
Nutmeg Home Tealights Cotton Blossom,Nutmeg Home Tealights Cotton Blossom24 per pack,£3,12.5p each,
Nutmeg Home Tealights Sandalwood,Nutmeg Home Tealights Sandalwood24 per pack,£3,12.5p each,
Nutmeg Home Twisted Dinner Candles Cream,Nutmeg Home Twisted Dinner Candles Cream4 per pack,£6,£1.50 each,
Nutmeg Home Twisted Dinner Candles Pink,Nutmeg Home Twisted Dinner Candles Pink4 per pack,£6,£1.50 each,
Nutmeg Home Waxfill Glass Cotton Blossom,Nutmeg Home Waxfill Glass Cotton Blossom,£2.50,,
Nutmeg Home Waxfill Glass Sandalwood,Nutmeg Home Waxfill Glass Sandalwood,£2.50,,
Nutmeg Home Wax Melts Cotton Blossom,Nutmeg Home Wax Melts Cotton Blossom,£1,,
Nutmeg Home Wax Melts Sandalwood,Nutmeg Home Wax Melts Sandalwood,£1,,
Nutmeg Home White Dinner Candles,Nutmeg Home White Dinner Candles10 per pack,£5,50p each,
Oust All Purpose Descaler,Oust All Purpose Descaler3 x 25ml,£1.65,£22.00 per litre,"Offer price £1.65, was £1.70"
Oust Odour Eliminator Aerosol Clean Scent Air Freshner,Oust Odour Eliminator Aerosol C…300ml,£1.50,£5.00 per litre,
Oust Odour Eliminator Aerosol Outdoor Scent Air Freshner,Oust Odour Eliminator Aerosol O…300ml,£1.50,£5.00 per litre,
Oven Pride Oven Cleaning System,Oven Pride Oven Cleaning System500ml,£4,£8.00 per litre,
OXO Softworks Compact Mini Dustpan and Brush,OXO Softworks Compact Mini Dustpan and Brush,£8.50,£8.50 each,
OXO Softworks Deep Clean Brush Set,OXO Softworks Deep Clean Brush Set,£8,£8.00 each,
OXO SoftWorks Furniture FurLifter,OXO SoftWorks Furniture FurLifter,£15.95,£15.95 each,
OXO Softworks Shower Drain Cover,OXO Softworks Shower Drain Cover,£9.20,£9.20 each,
Persil 3-In-1 Bio Pods Washing Liquid Capsules ,Persil 3-In-1 Bio Pods Washing Liquid Capsules 15 per pack,£5.50,36.7p each,
Persil 3-In-1 Pods Colour Washing Liquid Capsules ,Persil 3-In-1 Pods Colour Washing Liquid Capsules 15 per pack,£5.50,36.7p each,
Persil 3 In 1 Bio Capsules Washes,Persil 3 In 1 Bio Capsules Washes1.35kg,£12.50,92.6p per 100g,
Persil Bio 3 in 1 Washing Liquid Capsules Laundry Detergent 32 Wash,Persil Bio 3 in 1 Washing Liquid Capsul…32ml,£8.50,£26.56 per 100ml,
Persil Bio Washing Liquid 24 Washes,Persil Bio Washing Liquid 24 Washes648ml,£5.50,84.9p per 100ml,
Persil Bio Washing Liquid 38 Washes,Persil Bio Washing Liquid 38 Washes1.026L,£5.50,£5.36 per litre,
Persil Bio Washing Powder 21 Washes,Persil Bio Washing Powder 21 Washes1.05kg,£4,£3.81 per kg,
Persil Bio Washing Powder 42 Washes,Persil Bio Washing Powder 42 Washes2.1kg,£7.50,£3.57 per kg,
Persil Colour 3 in 1 Washing Capsules Laundry Detergent 32 Washes,Persil Colour 3 in 1 Washin…32ml,£8.50,£26.56 per 100ml,
Persil Colour Protect Washing Liquid 38 Washes,Persil Colour Protect Was…1.026L,£5.50,£5.36 per litre,
Persil Colour Protect Washing Liquid Laundry Detergent 53 Washes,Persil Colour Protect Washing Liquid…1431ml,£9,£6.29 per litre,
Persil Colour Washing Powder 21 Washes,Persil Colour Washing Powder 21 Washes1.05kg,£4,£3.81 per kg,
Persil Non Bio 3 in 1 Washing Capsules Laundry Detergent 32 Washes,Persil Non Bio 3 in 1 Washi…32 per pack,£8.50,26.6p each,
Persil Non Bio 3 in 1 Washing Capsules Laundry Detergent 50 Washes,Persil Non Bio 3 in 1 Washi…,£12.50,,
Persil Non Bio Pods Washing Liquid Capsules ,Persil Non Bio Pods Washing Liquid Capsules 15 per pack,£5.50,36.7p each,
Persil Non Bio Pods Washing Liquid Capsules ,Persil Non Bio Pods Washing Liquid Capsules 38 per pack,£8.25,21.7p each,
Persil Non Bio Washing Liquid 24 Washes,Persil Non Bio Washing Liquid 24 Washes648ml,£5.50,£8.49 per litre,
Persil Non Bio Washing Liquid 38 Washes,Persil Non Bio Washing Liquid 38 Washes1.026L,£5.50,£5.36 per litre,
Persil Non Bio Washing Liquid 60 Washes ,Persil Non Bio Washing Liquid 60 Washes 1.62L,£8,£4.94 per litre,
Persil Non Bio Washing Liquid Laundry Detergent 53 Washes,Persil Non Bio Washing Liquid Lau…1431ml,£9,£6.29 per litre,
Persil Non bio Washing Powder 42 Washes,Persil Non bio Washing Powder 42 Washes2.1kg,£7.50,£3.57 per kg,
Persil Non Bio Washing Powder 60 Wash ,Persil Non Bio Washing Powder 60 Wash 3kg,£10,£3.34 per kg,"Offer price £10, was £11"
Persil Powder Non Bio 77 Washes,Persil Powder Non Bio 77 Washes3.9kg,£12,£3.08 per kg,
Persil Ultimate Active Clean Liquid Laundry Detergent 34 Wash,Persil Ultimate Active Clean Liquid…918ml,£6.75,73.6p per 100ml,"Offer price £6.75, was £7"
Persil Ultimate Active Clean Liquid Laundry Detergent 52 Wash,Persil Ultimate Active Clean Liquid…1404ml,£10.50,74.8p per 100ml,
Persil Ultimate Non Bio Aloe Vera Liquid Laundry Detergent 34 Wash,Persil Ultimate Non Bio Aloe Vera Liqui…918ml,£6.75,73.6p per 100ml,"Offer price £6.75, was £7"
Persil Ultimate Non Bio Aloe Vera Liquid Laundry Detergent 52 Wash,Persil Ultimate Non Bio Aloe Vera Liqui…1404ml,£10.50,74.8p per 100ml,
Persil Ultimate Touch of Comfort Liquid Laundry Detergent 34 Wash,Persil Ultimate Touch of Comfort Liqu…918ml,£6.75,73.6p per 100ml,"Offer price £6.75, was £7"
Persil Ultimate Touch of Comfort Liquid Laundry Detergent 52 Wash,Persil Ultimate Touch of Comfort Liqu…1404ml,£10.50,74.8p per 100ml,
Persil Washing Powder Non Bio 21 Washes ,Persil Washing Powder Non Bio 21 Washes 1.05kg,£4,£3.81 per kg,
Pledge Beautify It Enhancing Polish Classic,Pledge Beautify It Enhancing Polish Classic250ml,£1.50,£6.00 per litre,
Pledge Clean It Multisurface Polish Cleaner Classic,Pledge Clean It Multisurface…250ml,£1.50,£6.00 per litre,
Pledge Clean It Multisurface Polish Cleaner Jasmine,Pledge Clean It Multisurface…250ml,£1.50,£6.00 per litre,
Pledge Dust It Fluffy Duster Refill,Pledge Dust It Fluffy Duster Refill5 per pack,£3.95,79p each,
Pledge Dust It Fluffy Duster Starter Pack,Pledge Dust It Fluffy Duster Starter Pack,£3.10,,
Pledge Revive It Repairing Oil Light Wood,Pledge Revive It Repairing Oil Light Wood100ml,£4.50,£45.00 per litre,
Plenty Decorated Kitchen Roll 200 Sheets,Plenty Decorated Kitchen Roll 200 Sheets2 per pack,£5.25,£2.63 each,
Plenty Extra Large Kitchen Roll 225 Sheets,Plenty Extra Large Kitchen Roll 225 Sheets3 per pack,£6.95,£2.32 each,
Plenty Handy Towels 75 Sheets,Plenty Handy Towels 75 Sheets,£1.90,,
Plenty The Big One 100 Sheets,Plenty The Big One 100 Sheets,£3.20,,
Plenty White Kitchen Roll 100 Sheets,Plenty White Kitchen Roll 100 Sheets,£2.70,,
Plenty White Kitchen Roll 400 Sheets,Plenty White Kitchen Roll 400 Sheets4 per pack,£8.45,£2.11 each,
Plenty White Kitchen Rolls,Plenty White Kitchen Rolls2 per pack,£5.25,£2.63 each,
Polylina Flush Top Refuse Sacks ,Polylina Flush Top Refuse Sacks 20 per pack,£1.20,6p each,
Poppell Lighters,Poppell Lighters3 per pack,£2.10,70p each,
Raid Ant & Cockroach Killer,Raid Ant & Cockroach Killer300ml,£4.20,£14.00 per litre,
Raid Ant Killer Powder,Raid Ant Killer Powder250g,£3.25,£13.00 per kg,
Raid Fly & Wasp Killer,Raid Fly & Wasp Killer300ml,£4.20,£14.00 per litre,
Regina Blitz All Purpose Kitchen Towel,Regina Blitz All Purpose Kitchen Towel,£3,,
Regina Blitz All Purpose Kitchen Towel,Regina Blitz All Purpose Kitchen Towel2 per pack,£5.25,£2.63 each,
Regina Xxl Absorb 1 Roll,Regina Xxl Absorb 1 Roll,£2.35,,
Regina Xxl Absorb Rolls,Regina Xxl Absorb Rolls2 per pack,£4.25,£2.13 each,
Rex London Flamingo Bay Jumbo Storage Bag,Rex London Flamingo Bay Jumbo Storage Bag,£6,£6.00 each,
Russell Hobbs Steam & Clean Mop Pads,Russell Hobbs Steam & Clean Mop Pads5 per pack,£10,£2.00 each,
Sanmex Fly & Wasp Killer Spray,Sanmex Fly & Wasp Killer Spray300ml,£2.85,£9.50 per litre,
Sorbo Star Print Microfibre Cloth ,Sorbo Star Print Microfibre Cloth 5 per pack,£3,60p each,
Spontex 100 Handy Multipurpose Disposable Gloves,Spontex 100 Handy Multipurp…100 per pack,£8,8p each,
Spontex Brilliant Scourer         ,Spontex Brilliant Scourer         ,£1.25,,
Spontex Dishbrush Style,Spontex Dishbrush Style,£2,,"Offer price £2, was £2.85"
Spontex Handy All Purpose Cloths,Spontex Handy All Purpose Cloths40 per pack,£2,5p each,"Offer price £2, was £3.50"
Spontex Heavy Duty Scourers,Spontex Heavy Duty Scourers3 per pack,£1.60,53.3p each,
Spontex Long Lasting Kitchen Cloths,Spontex Long Lasting Kitchen Cloths2 per pack,£3.30,£1.65 each,
Spontex Sponge Cloths,Spontex Sponge Cloths5 per pack,£1.50,30p each,"Offer price £1.50, was £2.65"
Spontex Supreme Apc 6 Pack,Spontex Supreme Apc 6 Pack6 per pack,£1.50,25p each,
Spontex Thick Moppets    ,Spontex Thick Moppets    2 per pack,£2.15,£1.08 each,
Spontex Tough Scourer,Spontex Tough Scourer4 per pack,£1.95,48.8p each,
Spontex Wash Ups General Purpose,Spontex Wash Ups General Purpose4 per pack,£1.45,36.3p each,
Spontex Wash Ups Non Scratch,Spontex Wash Ups Non Scratch4 per pack,£1,25p each,"Offer price £1, was £1.45"
Stergene Liquid Handwash 15 Washes,Stergene Liquid Handwash 15 Washes500ml,£3,£6.00 per litre,
Surcare Non Bio Laundry Powder 25 Washes ,Surcare Non Bio Laundry Powder 25 Washes 1.625kg,£7,£4.31 per kg,
Surcare Sensitive Fabric Conditioner 25 Washes,Surcare Sensitive Fabric Conditioner 25 Washes750ml,£1.50,£2.00 per litre,
Surcare Washing Up Liquid,Surcare Washing Up Liquid450ml,£1.35,£3.00 per litre,
Surf 3-In-1 Pods 5 Herbal Extracts Washing Liquid Capsules,Surf 3-In-1 Pods 5 Herbal Extract…32 per pack,£7,21.9p each,
Surf  3-In-1 Pods Fresh Lavender Capsules,Surf  3-In-1 Pods Fresh Lavender Capsules18 per pack,£4.50,25p each,
Surf  3-In-1 Pods Tropical Lily Washing Capsules ,Surf  3-In-1 Pods Tropical Lily Washing Capsules 18 per pack,£4.50,25p each,
Surf  3-in-1 Pods Tropical Lily Washing Capsules 32 Washes,Surf  3-in-1 Pods Tropical Lily W…32 per pack,£7,21.9p each,
Surf Coconut 3In1 Capsules,Surf Coconut 3In1 Capsules18 per pack,£4.50,25p each,
Surf Coconut Bliss Concentrated Laundry Detergent 60 Washes,Surf Coconut Bliss Concentrated L…1620ml,£8,49.4p per 100ml,
Surf Coconut Bliss Laundry Liquid 24 Washes,Surf Coconut Bliss Laun…648ml,£3.50,£5.40 per litre,
Surf Coconut Bliss Washing Powder 45 Washes,Surf Coconut Bliss Wash…2.3kg,£6,26.1p per 100g,
Surf Deep Sea Minerals Laundry Liquid  24 Washes,Surf Deep Sea Minerals Laun…648ml,£3.50,£5.40 per litre,
Surf Disinfectant Coconut,Surf Disinfectant Coconut240ml,£2.50,£1.04 per 100ml,
Surf Disinfectant Passion Bloom,Surf Disinfectant Passion Bloom240ml,£2.50,£1.04 per 100ml,
Surf Disinfectant Tropical Lily,Surf Disinfectant Tropical Lily240ml,£2.50,£1.04 per 100ml,
Surf Lavender & Spring Jasmine Washing Powder ,Surf Lavender & Spring Jasmine Washing Powder 1.15kg,£3.50,£3.04 per kg,
Surf Liquid 24 Washes Passion Bloom ,Surf Liquid 24 Washes Passion Bloom 648ml,£3.50,£5.40 per litre,
Surf Liquid 24 Washes Winter,Surf Liquid 24 Washes Winter648ml,£3,46.3p per 100ml,
 Surf Tropical Lily & Ylang-Ylang Washing Powder 45 Washes , Surf Tropical Lily & Ylang-Ylang…2.25kg,£6,£2.67 per kg,
Surf Tropical Lily & Ylang-Ylang Washing Powder Fabric Care,Surf Tropical Lily & Ylang-Ylang…1.15kg,£3.50,£3.04 per kg,
Surf Tropical Lily & Ylang Ylang Powder 80 Wash ,Surf Tropical Lily & Ylang Ylang Powder 80 Wash 4kg,£9,£2.25 per kg,
Surf Tropical Lily Concentrated Laundry Detergent 60 Washes,Surf Tropical Lily Concentrated L…1620ml,£8,49.4p per 100ml,
Surf Tropical Lily Laundry Liquid Detergent 24 Washes,Surf Tropical Lily Laundry Li…648ml,£3.50,£5.40 per litre,
Swan Safety Matches,Swan Safety Matches4 per pack,£1.25,31.3p each,
The Pink Stuff Multipurpose Cleaner,The Pink Stuff Multipurpose Cleaner850ml,£1.75,20.6p per 100ml,
The Pink Stuff Paste,The Pink Stuff Paste850g,£1.65,£1.94 per kg,
Tower Carpet Washer Solution,Tower Carpet Washer Solution,£9,,
"Valet Lambswool Duster, Beech Handle 46cm","Valet Lambswool Duster, Beech Handle 46cm",£13,£13.00 each,
Vanish Gold Carpet & Upholstery Cleaner Spray,Vanish Gold Carpet & Upholstery Cleaner Spray500ml,£6.25,£12.50 per litre,
Vanish Gold Laundry Stain Remover Colours Powder,Vanish Gold Laundry Stain Remover Colours Powder470g,£6.50,£13.83 per kg,
Vanish Gold Laundry Stain Remover Colours Powder,Vanish Gold Laundry Stain Remover Colours Powder1.5kg,£12,£8.00 per kg,
Vanish Gold Laundry Stain Remover Colours Powder,Vanish Gold Laundry Stain Remover Colours Powder1kg,£10.50,£10.50 per kg,
Vanish Gold Laundry Stain Remover Whites Powder,Vanish Gold Laundry Stain Remover Whites Powder470g,£6.50,£13.83 per kg,
Vanish Gold Laundry Stain Remover Whites Powder,Vanish Gold Laundry Stain Remover Whites Powder1.5kg,£12,£8.00 per kg,
Vanish Gold Laundry Stain Remover Whites Powder,Vanish Gold Laundry Stain Remover Whites Powder1kg,£10.50,£10.50 per kg,
Vanish Gold Oxi-Action Pink Stain Remover Powder,Vanish Gold Oxi-Action Pink…850g,£6.50,£7.65 per kg,
Vanish Gold Oxi-Action White Stain Remover Powder ,Vanish Gold Oxi-Action Whit…850g,£6.50,£7.65 per kg,
Vanish Gold Pink Stain Remover Powder ,Vanish Gold Pink Stain Remover Powder 1350g,£11.50,£8.52 per kg,
Vanish Gold White Stain Remover Powder,Vanish Gold White Stain Remover Powder1.35kg,£11.50,£8.52 per kg,
Vanish Laundry Stain Remover Colours Powder,Vanish Laundry Stain Remover Colours Powder1kg,£7.25,£7.25 per kg,
Vanish Laundry Stain Remover Colours Powder,Vanish Laundry Stain Remover Colours Powder1.5kg,£10.25,£6.83 per kg,
Vanish Laundry Stain Remover Whites Powder,Vanish Laundry Stain Remover Whites Powder1kg,£7.25,£7.25 per kg,
Vanish Oxi Action Crystal White Stain Remover Powder,Vanish Oxi Action Crystal Whi…2.1kg,£8,38.1p per 100g,
Vanish Pre Treat Laundry Stain Remover Gel ,Vanish Pre Treat Laundry Stain Remover Gel 200ml,£6,£30.00 per litre,
Vanish Pre Treat Laundry Stain Remover Spray,Vanish Pre Treat Laundry Stain Remover Spray500ml,£5.45,£10.90 per litre,
Viakal Classic Limescale Remover Spray,Viakal Classic Limescale Remover Spray500ml,£3,£6.00 per litre,
Viakal Fresh Limescale Remover Spray With Febreze,Viakal Fresh Limescale Remo…500ml,£3,£6.00 per litre,
Vileda 1 2 Spray Refill           ,Vileda 1 2 Spray Refill           ,£2.50,,"Offer price £2.50, was £3.75"
Vileda 2 in 1 Dustpan and Brush Set       ,Vileda 2 in 1 Dustpan and Brush Set       ,£5.25,,
Vileda Easy Wring Turbo Smart,Vileda Easy Wring Turbo Smart,£26.50,,
Vileda Magic Mop Refill                 ,Vileda Magic Mop Refill                 ,£4,,
Vileda String Replacement Mop Head,Vileda String Replacement Mop Head,£4,,
Vileda Supermocio Bucket,Vileda Supermocio Bucket,£6.75,,
Vileda Supermocio Microfibre & Power Xl Refill,Vileda Supermocio Microfi…,£3.50,,"Offer price £3.50, was £4.50"
Vileda Supermocio Refill          ,Vileda Supermocio Refill          ,£3,,"Offer price £3, was £4"
Vileda Turbo Refill 2In1,Vileda Turbo Refill 2In1,£7.25,,
Vileda Ultramax 1 2 Spray Refill Pad             ,Vileda Ultramax 1 2 Spray Refill Pad             ,£5,,"Offer price £5, was £6.75"
Windolene Glass & Shiny Surfaces Spray,Windolene Glass & Shiny Surfaces Spray750ml,£2.70,£3.60 per litre,
Woolite Laundry Detergent Dark Fabrics & Denim,Woolite Laundry Detergent…750ml,£5,£6.67 per litre,
Woolite Laundry Detergent Everyday Delicates,Woolite Laundry Deterge…750ml,£5,£6.67 per litre,
Zip Fast & Clean Wrap Firelighters,Zip Fast & Clean Wrap Firelighters16 per pack,£3.90,24.4p each,
Zip High Performance Energy Firelighters,Zip High Performance Energy Firelighters60 per pack,£5.75,9.6p each,
Zip High Performance Firelighters     ,Zip High Performance Firelighters     20 per pack,£2.25,11.3p each,Buy 2 for £4
Zip Quickstart Firelighter      ,Zip Quickstart Firelighter      150g,£1.50,£10.00 per kg,
Zip The Fire Log                   ,Zip The Fire Log                   700g,£2.20,£3.14 per kg,
Zip Twisted Firestarters,Zip Twisted Firestarters16 per pack,£3.10,19.4p each,"Offer price £3.10, was £3.90"
Zoflora Antibacterial Cleaning Wipes Lemon Zing 70 Large Wipes,Zoflora Antibacterial Cleaning Wipe…,£2.50,,
Zoflora Antibacterial Large Cleaning Wipes Midnight Blooms 70pk,Zoflora Antibacterial Large Cleaning…,£2.50,,
Zoflora Concentrated Multipurpose Disinfectant Country Garden,Zoflora Concentrated Multipurpose D…120ml,£1.70,£14.17 per litre,
Zoflora Concentrated Multipurpose Disinfectant Mandarin & Lime,Zoflora Concentrated Multipurpose D…250ml,£3,£12.00 per litre,
Zoflora Concentrated Multipurpose Disinfectant Midnight Blooms,Zoflora Concentrated Multipurpose D…250ml,£3,£12.00 per litre,
Zoflora Disinfectant Cleaner Lemon Zing ,Zoflora Disinfectant Cleaner Lemon Zing 1ml,£2.50,£250.00 per 100ml,
Zoflora Lemon Zing ,Zoflora Lemon Zing 120ml,£1.70,£1.42 per 100ml,
Zoflora Linen Fresh Concentrated Disinfectant ,Zoflora Linen Fresh Concentrated Disinfectant 500ml,£6,£1.20 per 100ml,
Zoflora Power Bathroom Caribbean Grapefruit & Lime,Zoflora Power Bathroom Cari…1ml,£2.50,£250.00 per 100ml,
