name,Price Per Unit,Price Per Measure,Promotion
Morrisons Carvery Thinly Sliced Honey Roast Ham,Morrisons Carvery…120g,£2.25,£1.88 per 100g,Buy 2 for £3.50
Morrisons Roast Chicken Slices,Morrisons Roast…180g,£3.25,£1.81 per 100g,
Morrisons 30% Reduced Fat Houmous,Morrisons 30% Red…200g,£1.35,67.5p per 100g,Buy 2 for £2
(CP) Morrisons British Lamb Easy Carve Shoulder Joint (CP),(CP) Morrisons British Lamb Easy…Typically: 1.7kg,£10.18,£5.99 per kg,
Bangers & Co 8 Pork Sausages,Bangers & Co 8 Pork Sausages410g,£1.25,£3.05 per kg,
Bernard Matthews 2 Turkey Escalopes,Bernard Matthews 2 Turkey Escalopes260g,£2.25,£8.65 per kg,
Beyond Meat Burger,Beyond Meat Burger226g,£3,£1.33 per 100g,"Offer price £3, was £4"
Beyond Meat Sausage,Beyond Meat Sausage200g,£3,£1.50 per 100g,"Offer price £3, was £4"
British Flat Iron Steak  ,British Flat Iron Steak  365g,£4.85,£13.29 per kg,
Bury Black Pudding Slices,Bury Black Pudding Slices230g,£1.20,£5.22 per kg,
Cauldron Vegan Organic Marinated Tofu,Cauldron Vegan Organic Marinated Tofu160g,£2.75,£17.19 per kg,
Cauldron Vegan Organic Tofu,Cauldron Vegan Organic Tofu396g,£2.75,£6.94 per kg,
Edwards Of Conwy Thick Oak Smoked Dry Cured Bacon,Edwards Of Conwy Thick Oak…240g,£3,£1.25 per 100g,
Edwards Of Conwy Thick Unsmoked Dry Cured Bacon,Edwards Of Conwy Thick Un…240g,£3,£1.25 per 100g,
Finnebrogue Artisan Naked Bacon 6 Unsmoked Rashers ,Finnebrogue Artisan Naked Bac…200g,£3,£15.00 per kg,
Finnebrogue Unsmoked 12 Naked Streaky Bacon,Finnebrogue Unsmoked 12 Naked Streaky Bacon200g,£3,£15.00 per kg,
Garden Gourmet  Sensational Mini Fillets,Garden Gourmet  Sensational Mini Fillets190g,£2.75,£1.45 per 100g,
Garden Gourmet Sensational Vegan Burger,Garden Gourmet Sensational Vegan Burger226g,£3,£13.27 per kg,
Garden Gourmet Sensational Vegan Cumberland Sausage,Garden Gourmet Sensational Ve…240g,£2.75,£11.46 per kg,
Gressingham Bistro Duck With Orange & Maple ,Gressingham Bistro Duck With Orange & Maple 530g,£5.79,£1.09 per 100g,
Gressingham Duck Breast Fillets,Gressingham Duck Breast Fillets300g,£7.49,£24.97 per kg,
Gressingham Duck Crown,Gressingham Duck Crown900g,£5.50,£6.11 per kg,"Offer price £5.50, was £6.79"
Gressingham Duck Legs,Gressingham Duck Legs462g,£4.79,£1.04 per 100g,
Gressingham Half Aromatic Duck,Gressingham Half Aromatic Duck550g,£7.99,£14.53 per kg,
Gressingham Whole Duck,Gressingham Whole Duck1.7kg,£8.99,£5.29 per kg,
Heck 97% Sausage,Heck 97% Sausage400g,£3.15,£7.88 per kg,Buy 2 for £5
Heck Breakfast Sausages,Heck Breakfast Sausages440g,£2.50,£5.68 per kg,
Heck Chicken Italia Sausage,Heck Chicken Italia Sausage340g,£3.15,£9.26 per kg,Buy 2 for £5
Heck Meat Free Sausage,Heck Meat Free Sausage300g,£2,£6.67 per kg,
Heck Simply Chicken Sausages 10Pk ,Heck Simply Chicken Sausages 10Pk 340g,£3.15,£9.26 per kg,Buy 2 for £5
Heck Steak & Butter Burger,Heck Steak & Butter Burger320g,£3.25,£1.02 per 100g,
Highland Cumberland Venison Sausages,Highland Cumberland Venison Sausages300g,£3.25,£1.08 per 100g,
Highland Game Diced Venison,Highland Game Diced Venison300g,£4.20,£14.00 per kg,
Highland Game Venison Grill Steaks 2 Pack ,Highland Game Venison Grill Steaks 2 Pack 300g,£2.80,£9.33 per kg,
Highland Game Venison Steaks,Highland Game Venison Steaks200g,£5.60,£28.00 per kg,
Malcolm Allan Steak Burgers,Malcolm Allan Steak Burgers360g,£3,83.3p per 100g,
Market Street Beef Roasting Joint ,Market Street Beef Roasting Joint Typically: 1.7kg,£20,£12.50 per kg,
Market Street Beef Rump Steak ,Market Street Beef Rump Steak 283g,£4.99,£17.63 per kg,
Market Street Beef Topside Joint,Market Street Beef Topside JointTypically: 1.3kg,£16.89,£12.99 per kg,
Market Street British Pork Loin Medallions,Market Street British Pork Loin Medallions380g,£3.50,£9.21 per kg,
Market Street British Turkey Easy Carve Butter Basted Breast Joint,Market Street British Turkey Easy Carve…600g,£5.49,£9.15 per kg,
Market Street Cooked Squid Tentacles,Market Street Cooked Squid Tentacles200g,£4.25,£21.25 per kg,Buy 3 for £10
Market Street Lamb Hearts,Market Street Lamb HeartsTypically: 0.6kg,£2.99,£6.49 per kg,
Market Street Lamb Kidney,Market Street Lamb KidneyTypically: 0.3kg,£1.95,£6.50 per kg,
 Market Street Lambs Liver, Market Street Lambs LiverTypically: 0.35kg,£2.10,£6.00 per kg,
Market Street Pork Loin Joint,Market Street Pork Loin JointTypically: 950g,£5.70,£6.00 per kg,
Market Street Pork Shoulder With Sage And Onion Stuffing,Market Street Pork Shoulder Wit…Typically: 500g,£5.79,£5.79 per kg,
Mattessons Lightly Smoked Turkey Bacon Rashers,Mattessons Lightly Smoked…200g,£2.50,£12.50 per kg,
Mattessons Unsmoked Turkey Bacon Rashers,Mattessons Unsmoked Turkey Bacon Rashers200g,£2.50,£12.50 per kg,
Meatless Farm Mince ,Meatless Farm Mince 350g,£2.50,71.4p per 100g,"Offer price £2.50, was £3"
Meatless Farm Plant-Based Burgers ,Meatless Farm Plant-Based Burgers 227g,£2,£8.81 per kg,"Offer price £2, was £2.50"
Meatless Farm Plant-Based Chicken Breasts,Meatless Farm Plant-Based Chicken Breasts210g,£3,£14.29 per kg,"Offer price £3, was £3.50"
Meatless Farm Plant Based 4 Burgers,Meatless Farm Plant Based 4 Burgers400g,£3.50,£8.75 per kg,
Meatless Farm Plant Based 4 Chicken Burgers,Meatless Farm Plant Based 4 Chicken Burgers360g,£3.50,£9.72 per kg,
Meatless Farm Plant Based 8 Sausages ,Meatless Farm Plant Based 8 Sausages 320g,£3,£9.38 per kg,
Meatless Farm Plant Based Meatballs,Meatless Farm Plant Based Meatballs270g,£3,£11.11 per kg,
Meatless Farm Plant Based Mince,Meatless Farm Plant Based Mince400g,£3,£7.50 per kg,
Morrison Half Leg Of Lamb,Morrison Half Leg Of Lamb850g,£12,£1.41 per 100g,
Morrisons 12 Beef Meatballs,Morrisons 12 Beef Meatballs340g,£1.90,£5.59 per kg,
Morrisons 12 Beef Meatballs 5% Fat,Morrisons 12 Beef Meatballs 5% Fat340g,£3.25,£9.56 per kg,
Morrisons 12 Butchers Style Pork Chipolatas ,Morrisons 12 Butchers Style Pork Chipolatas 340g,£2.25,66.2p per 100g,
Morrisons 12 Pigs In Blankets ,Morrisons 12 Pigs In Blankets 210g,£2.50,£11.90 per kg,
Morrisons 12 Pork Meatballs,Morrisons 12 Pork Meatballs340g,£1.79,£5.26 per kg,
Morrisons 24 British Beef Meatballs ,Morrisons 24 British Beef Meatballs 645g,£4.25,£6.59 per kg,Buy 3 for £10
Morrisons 2 Breaded Chicken Fillets ,Morrisons 2 Breaded Chicken Fillets 340g,£3.49,£10.26 per kg,
Morrisons 2 Breaded Garlic Chicken Kyivs,Morrisons 2 Breaded Garlic Chicken Kyivs260g,£2.69,£10.35 per kg,
Morrisons 2 Cheese & Ham Chicken Kyivs,Morrisons 2 Cheese & Ham Chicken Kyivs260g,£2.69,£10.35 per kg,
Morrisons 2 Hunters Chicken ,Morrisons 2 Hunters Chicken 415g,£4.25,£10.24 per kg,
Morrisons 2 Lamb Shanks,Morrisons 2 Lamb ShanksTypically: 750g,£10.13,£13.50 per kg,
Morrisons 4 Beef Burgers 5% Fat,Morrisons 4 Beef Burgers 5% Fat454g,£4,£8.81 per kg,
Morrisons 4 Breaded Chicken Steaks,Morrisons 4 Breaded Chicken Steaks500g,£3.99,£7.98 per kg,
Morrisons 4 British Beef Quarter Pounders,Morrisons 4 British Beef Quarter Pounders454g,£2.69,£5.93 per kg,"Offer price £2.69, was £2.99"
Morrisons 4 Southern Fried Chicken Steaks,Morrisons 4 Southern Fried Chicken Steaks500g,£3.99,£7.98 per kg,
Morrisons 8 Lean Smoked Bacon Medallions,Morrisons 8 Lean Smoked Bacon Medallions225g,£3.25,£14.44 per kg,Buy 2 for £5
Morrisons Bacon Topped Three Bird Roast Serves 8,Morrisons Bacon Topped Three Bird Roast Serves 81.5 per pack,£15,£10.00 each,
Morrisons Battered Chicken Nuggets,Morrisons Battered Chicken Nuggets260g,£2.25,86.5p per 100g,
Morrisons BBQ Roast In Bag Whole Chicken ,Morrisons BBQ Roast In Bag Whole Chicken 1.6kg,£6.49,£4.06 per kg,
Morrisons Beef Brisket Joint,Morrisons Beef Brisket JointTypically: 1.8kg,£16.20,£9.00 per kg,
Morrisons Beef Denver Steak,Morrisons Beef Denver Steak300g,£4,£13.33 per kg,Buy 3 for £10
Morrisons Beef Gravy,Morrisons Beef Gravy300g,£1.69,£5.63 per kg,
Morrisons Beef Salmon Joint ,Morrisons Beef Salmon Joint ,£7.80,£13.00 per kg,
Morrisons Black Pudding Slices,Morrisons Black Pudding Slices250g,£1.20,£4.80 per kg,
Morrisons Bone In Pork Chops,Morrisons Bone In Pork Chops400g,£4.25,£1.06 per 100g,Buy 3 for £10
Morrisons Bourbon BBQ Pork Rib Rack ,Morrisons Bourbon BBQ Pork Rib Rack 450g,£5,£11.11 per kg,
Morrisons Breaded Chicken Goujons,Morrisons Breaded Chicken Goujons650g,£4.25,£6.54 per kg,Buy 3 for £10
Morrisons  Breaded Chicken Goujons,Morrisons  Breaded Chicken Goujons270g,£2.49,£9.22 per kg,
Morrisons Breaded Chicken Mini Fillets ,Morrisons Breaded Chicken Mini Fillets 300g,£3.99,£13.30 per kg,
Morrisons Breaded Chicken Platter,Morrisons Breaded Chicken Platter600g,£3.99,66.5p per 100g,
Morrisons Breaded Chicken Pops,Morrisons Breaded Chicken Pops260g,£2.49,£9.58 per kg,
Morrisons Breaded Chunky Cod Fish Fingers,Morrisons Breaded Chunky Cod Fish Fingers300g,£3.50,£11.67 per kg,Buy 3 for £10
Morrisons Breaded Hot & Spicy Chicken Wings,Morrisons Breaded Hot & Spicy Chicken Wings500g,£2.50,50p per 100g,
Morrisons Breaded Pollock Fillets,Morrisons Breaded Pollock Fillets600g,£3.75,£6.25 per kg,Buy 3 for £10
Morrisons  Breaded Southern Fried Chicken Goujon,Morrisons  Breaded Southern…270g,£2.49,£9.22 per kg,
Morrisons British Bavette Steak ,Morrisons British Bavette Steak 350g,£4.85,£13.86 per kg,
Morrisons British Beef 12% Fat Mince,Morrisons British Beef 12% Fat Mince750g,£4.75,£6.33 per kg,
Morrisons British Beef Lean Mince 5% Fat,Morrisons British Beef Lean Mince 5% Fat500g,£3.59,£7.18 per kg,
Morrisons British Beef Lean Mince 5% Fat,Morrisons British Beef Lean Mince 5% Fat750g,£4.99,£6.65 per kg,
Morrisons British Beef Mince Steak 5%,Morrisons British Beef Mince Steak 5%250g,£2.35,£9.40 per kg,
Morrisons British Beef Roasting Joint (CP),Morrisons British Beef Roasting Joint (CP)Typically: 1.5kg,£11.99,£7.99 per kg,Save £1 Off Your Next Shop
Morrisons British  Beef Sizzle Steak,Morrisons British  Beef Sizzle Steak320g,£4.25,£13.28 per kg,
Morrisons British Beef Skirt,Morrisons British Beef SkirtTypically: 350g,£3.68,£10.50 per kg,
Morrisons British Chicken Breast Crown,Morrisons British Chicken Breast Crown500g,£4.25,£8.50 per kg,
Morrisons  British Chicken Drumsticks,Morrisons  British Chicken Drumsticks1kg,£3.33,£3.33 per kg,
Morrisons British Chicken Fillets,Morrisons British Chicken Fillets1.6kg,£9.69,£6.06 per kg,
Morrisons British Chicken Thighs,Morrisons British Chicken Thighs1kg,£3.04,£3.04 per kg,
Morrisons British Chicken Wings ,Morrisons British Chicken Wings 1kg,£2.60,£2.60 per kg,
Morrisons British Diced Beef,Morrisons British Diced Beef430g,£4.49,£10.44 per kg,
Morrisons British Diced Chicken Breast Fillets,Morrisons British Diced Chicken Breast Fillets600g,£4.69,£7.82 per kg,
Morrisons British Diced Lean Leg Of Lamb,Morrisons British Diced Lean Leg Of Lamb300g,£5.75,£19.17 per kg,
Morrisons British Fillet Steak,Morrisons British Fillet SteakTypically: 0.15kg,£4.77,£31.79 per kg,
Morrisons British Lamb Chump Joint With Pesto Butter,Morrisons British Lamb Chump…Typically: 0.4kg,£7.20,£18.00 per kg,
Morrisons British Lamb Loin Chops,Morrisons British Lamb Loin Chops360g,£5.49,£15.25 per kg,
Morrisons British Lamb Shoulder In Herby Butter & Rosemary,Morrisons British Lamb Shoulder I…850g,£12,£14.12 per kg,
Morrisons British Lean Diced Beef,Morrisons British Lean Diced Beef350g,£4.25,£1.21 per 100g,Buy 3 for £10
Morrisons British Minced Beef 20% Fat ,Morrisons British Minced Beef 20% Fat 500g,£2.49,£4.98 per kg,
Morrisons  British Minced Lamb ,Morrisons  British Minced Lamb 454g,£4.99,£10.99 per kg,
Morrisons British Minced Pork 5% Fat ,Morrisons British Minced Pork 5% Fat 500g,£2.89,£5.78 per kg,
Morrisons British Ox Cheek,Morrisons British Ox CheekTypically: 0.25kg,£2.70,£9.00 per kg,
Morrisons British Pork Leg Joint ,Morrisons British Pork Leg Joint ,£5.50,£5.00 per kg,
Morrisons British Pork Loin Steaks,Morrisons British Pork Loin Steaks400g,£4.25,£1.06 per 100g,Buy 3 for £10
Morrisons British Pork Shoulder Joint ,Morrisons British Pork Shoulder Joint ,£6.25,£5.00 per kg,
Morrisons British Pork Shoulder Steaks,Morrisons British Pork Shoulder Steaks500g,£4.25,£8.50 per kg,Buy 3 for £10
Morrisons British Salt & Pepper Chicken Crown,Morrisons British Salt & Pepper Chicken Crown700g,£4.50,£6.43 per kg,
Morrisons British Turkey Meatballs,Morrisons British Turkey Meatballs340g,£3.25,£9.56 per kg,
Morrisons British Turkey Sausages,Morrisons British Turkey Sausages454g,£2.99,£6.59 per kg,
Morrisons British Whole Chicken ,Morrisons British Whole Chicken 1.4kg,£4.25,£3.04 per kg,Buy 3 for £10
Morrisons Butcher's Style Pork Sausagemeat,Morrisons Butcher's Style Pork Sausagemeat400g,£2.50,£6.25 per kg,
Morrisons  Butcher's Style Pork Sausages,Morrisons  Butcher's Style Pork Sausages454g,£2.25,£4.96 per kg,
Morrisons Butcher's Style Reduced Fat Pork Sausages ,Morrisons Butcher's Style Red…400g,£2.25,£5.63 per kg,
Morrisons Butcher's Style Thick Cumberland Sausages,Morrisons Butcher's Style Thi…454g,£2.25,£4.96 per kg,
Morrisons Butcher's Style Thick Lincolnshire Sausages,Morrisons Butcher's Style Thi…454g,£2.25,£4.96 per kg,
Morrisons Carvery Pork Lunch Tongue,Morrisons Carvery Pork Lunch Tongue120g,£2.25,£1.88 per 100g,Buy 2 for £3.50
"Morrisons Char Sui Pulled Pork With Black Beans, Ginger & Glaze",Morrisons Char Sui Pulled Pork With B…430g,£5,£11.63 per kg,
"Morrisons Cheese, Bacon & Leeks Chicken Breast Fillets ","Morrisons Cheese, Bacon & Leeks…405g",£4.25,£10.49 per kg,
Morrisons Chicken Breast Fillet ,Morrisons Chicken Breast Fillet 630g,£4.99,£7.92 per kg,
Morrisons Chicken Breast Fillets,Morrisons Chicken Breast Fillets1kg,£6.49,£6.49 per kg,
Morrisons Chicken Breast Fillets ,Morrisons Chicken Breast Fillets 300g,£2.25,£7.50 per kg,
"Morrisons Chicken Breast Fillets with Bacon, Stuffing & Gravy",Morrisons Chicken Breast Fillets wi…500g,£4.49,£8.98 per kg,Buy 2 for £8
Morrisons Chicken Drumsticks & Thigh,Morrisons Chicken Drumsticks & Thigh1.2kg,£4.25,35.4p per 100g,Buy 3 for £10
Morrisons Chicken En Croute,Morrisons Chicken En Croute410g,£4.50,£10.98 per kg,
Morrisons Chicken Fillet,Morrisons Chicken Fillet400g,£4.25,£1.06 per 100g,Buy 3 for £10
Morrisons Chicken Gravy,Morrisons Chicken Gravy300g,£1.69,56.3p per 100g,
Morrisons Chicken Legs With Mushrooms & Garlic ,Morrisons Chicken Legs With Mushrooms & Garlic 615g,£5,£8.13 per kg,
Morrisons Chicken Mini Fillet,Morrisons Chicken Mini Fillet450g,£4.25,94.4p per 100g,Buy 3 for £10
Morrisons Chicken Mini Fillets,Morrisons Chicken Mini Fillets600g,£4.49,£7.48 per kg,
Morrisons Chicken Thigh Fillets Boneless ,Morrisons Chicken Thigh Fillets Boneless 600g,£4.49,£7.48 per kg,
Morrisons Chicken Thigh Fillets Boneless,Morrisons Chicken Thigh Fillets Boneless1kg,£5.99,£5.99 per kg,
Morrisons Chinese Style Chicken Stir Fry Kit,Morrisons Chinese Style Chicken Stir Fry Kit,£4.50,,
Morrisons Cold Water Prawns,Morrisons Cold Water Prawns200g,£3.75,£1.88 per 100g,Buy 3 for £10
Morrisons Cooked & Peeled King Prawns ,Morrisons Cooked & Peeled King Prawns 150g,£3.75,£2.50 per 100g,Buy 3 for £10
Morrisons Cook in The Bag Stuffed Whole Chicken,Morrisons Cook in The Bag…1.6kg,£6.49,£4.06 per kg,
Morrisons Diane Sauce,Morrisons Diane Sauce200g,£1.69,84.5p per 100g,
Morrisons Diced Beef,Morrisons Diced Beef500g,£4.50,90p per 100g,Just Add - Buy Meat & Slow Cooker Sauce for £6
Morrisons Diced Chicken Fillet,Morrisons Diced Chicken Fillet400g,£3.84,£9.60 per kg,
Morrisons Diced Ox Kidney,Morrisons Diced Ox KidneyTypically: 0.35kg,£1.44,£4.00 per kg,
Morrisons Diced Turkey Thigh,Morrisons Diced Turkey Thigh500g,£3.09,£6.18 per kg,
Morrisons Dog Chicken Sausages,Morrisons Dog Chicken Sausages70g,£1.25,£17.86 per kg,
Morrisons Extra Large British Whole Chicken ,Morrisons Extra Large British Whole Chicken 2.15kg,£6.79,£3.16 per kg,
Morrisons Extra Tasty Boneless Chicken Breast Joint ,Morrisons Extra Tasty Boneles…450g,£4.50,£10.00 per kg,
Morrisons Extra Thick Unsmoked Back Bacon Rashers,Morrisons Extra Thick Unsmo…300g,£2.25,£7.50 per kg,
Morrisons Fajita Chicken Meal Kit ,Morrisons Fajita Chicken Meal Kit 650g,£4.50,£6.92 per kg,
Morrisons Fishmongers Frozen Raw Peeled Argentinian Red Shrimp,Morrisons Fishmongers Frozen Raw Pe…150g,£4.25,£28.33 per kg,Buy 3 for £10
Morrisons Fishmongers Frozen Ready To Cook Breaded Squid Rings,Morrisons Fishmongers Frozen Ready…300g,£4.25,£14.17 per kg,Buy 3 for £10
Morrisons Fishmongers Frozen Yellow Fin Tuna Steaks ,Morrisons Fishmongers Frozen…225g,£4.25,£18.89 per kg,Buy 3 for £10
Morrisons Fishmongers Raw PatagonianScallops,Morrisons Fishmongers Raw PatagonianScallops125g,£4.25,£34.00 per kg,Buy 3 for £10
"Morrisons Flexitarian Pork, Tomato And Red Pepper Sausage","Morrisons Flexitarian Pork, Tomat…400g",£2.50,62.5p per 100g,
Morrisons Fresh Ideas Ready To Cook Chicken Kiev,Morrisons Fresh Ideas Ready…390g,£4.49,£11.51 per kg,Buy 2 for £8
Morrisons Garlic & Herb Spatchcock Chicken,Morrisons Garlic & Herb Spatchcock Chicken1.1kg,£4.99,£4.54 per kg,Easy Chicken Dinner Meal Deal for £7
Morrisons German Sausage Selection,Morrisons German Sausage Selection175g,£2.89,£1.65 per 100g,
Morrisons Global Grill BBQ Chicken Wings,Morrisons Global Grill BBQ Chicken Wings750g,£4.25,£5.67 per kg,Buy 3 for £10
Morrisons Global Grill Beef Burger,Morrisons Global Grill Beef Burger,£4.25,,Buy 3 for £10
Morrisons Global Grill Cajun Style Chicken Breast Steaks,Morrisons Global Grill Cajun St…350g,£4.25,£12.14 per kg,Buy 3 for £10
Morrisons Global Grill Chicken & Chorizo Kebabs,Morrisons Global Grill Chicken & Chorizo Kebabs350g,£4.25,£12.14 per kg,
Morrisons Global Grill Chinese Style Chicken Drumsticks & Thighs,Morrisons Global Grill Chinese Style…750g,£4.25,£5.67 per kg,Buy 3 for £10
Morrisons Global Grill Honey Chilli & Garlic Pork Belly Slices,Morrisons Global Grill Honey Chilli…455g,£4.25,£9.34 per kg,Buy 3 for £10
Morrisons Global Grill Mango & Lime Steaks,Morrisons Global Grill Mango & Lime Steaks350g,£4.25,£12.14 per kg,Buy 3 for £10
Morrisons Gourmet British Tomahawk ,Morrisons Gourmet British Tomahawk Typically: 0.9kg,£19.80,£22.00 per kg,
Morrisons Gourmet Collect Tomapork ,Morrisons Gourmet Collect Tomapork Typically: 0.9kg,£7.52,£8.00 per kg,
Morrisons Hunters Chicken,Morrisons Hunters Chicken430g,£4.49,£10.44 per kg,Buy 2 for £8
Morrisons Lamb Cutlets,Morrisons Lamb CutletsTypically: 330g,£4.46,£13.50 per kg,
Morrisons Lamb Mince,Morrisons Lamb Mince500g,£4.99,£9.98 per kg,
Morrisons Lamb Shoulder Roast Whole ,Morrisons Lamb Shoulder Roast Whole Typically: 2.2kg,£20.90,£9.50 per kg,
Morrisons Lean British Beef Medallions ,Morrisons Lean British Beef Medallions 340g,£4,£11.76 per kg,
Morrisons Lean British Diced Pork,Morrisons Lean British Diced Pork445g,£3.19,£7.17 per kg,
Morrisons Lean Unsmoked Bacon Medallions,Morrisons Lean Unsmoked Bacon Medallions225g,£3.25,£14.44 per kg,Buy 2 for £5
Morrisons Market St 2 Battered Haddock Fillets,Morrisons Market St 2 Battered Haddock Fillets300g,£3.75,£12.50 per kg,Buy 3 for £10
Morrisons Market St Battered Cod Fillets,Morrisons Market St Battered Cod Fillets300g,£3.75,£12.50 per kg,Buy 3 for £10
Morrisons Market St Beef Marrowbone,Morrisons Market St Beef MarrowboneTypically: 0.65kg,£4,£4.00 per kg,
Morrisons Market St British Half Lamb Leg (CP),Morrisons Market St British Half Lamb Leg (CP)Typically: 1.1kg,£8.79,£7.99 per kg,Save £1 Off Your Next Shop
Morrisons Market St British Lean Diced Beef,Morrisons Market St British Lean Diced Beef750g,£7.49,£9.99 per kg,
Morrisons Market St British Minced Beef 12 % Fat,Morrisons Market St British…500g,£3.29,£6.58 per kg,
Morrisons Market St British Sirloin Steak,Morrisons Market St British Sirloin Steak227g,£4.99,£21.98 per kg,
Morrisons Market St British Turkey Mini Fillets,Morrisons Market St British Turkey Mini Fillets400g,£4.49,£11.23 per kg,
Morrisons Market St British Whole Lamb Leg (CP),Morrisons Market St Briti…Typically: 2.2kg,£17.58,£7.99 per kg,Save £2 Off Your Next Shop
Morrisons Market St Raw Peeled King Prawns,Morrisons Market St Raw Peeled King Prawns150g,£3.75,£25.00 per kg,Buy 3 for £10
Morrisons Market Street 2 Haddock Fillets,Morrisons Market Street 2 Haddock Fillets220g,£4.25,£19.32 per kg,Buy 3 for £10
Morrisons Market Street 2 Sea Bass Fillets,Morrisons Market Street 2 Sea Bass Fillets180g,£4.25,£23.61 per kg,Buy 3 for £10
Morrisons Market Street Beef And Pork Mince,Morrisons Market Street Beef And Pork Mince650g,£4.25,65.4p per 100g,Buy 3 for £10
Morrisons Market Street British Turkey Thigh Mince ,Morrisons Market Street British Turkey Thigh Mince 750g,£4.25,£5.67 per kg,Buy 3 for £10
Morrisons Market Street Cooked Cockle Meat ,Morrisons Market Street Cooked Cockle Meat 180g,£4.25,£23.61 per kg,Buy 3 for £10
Morrisons Market Street Cooked Half Shell Mussels ,Morrisons Market Street Cooked Half Shell Mussels 350g,£4.25,£1.21 per 100g,Buy 3 for £10
Morrisons Market Street Cooked Jumbo King Prawns ,Morrisons Market Street Coo…200g,£4.25,£2.13 per 100g,Buy 3 for £10
Morrisons Market Street Cooked Large Cold Water Prawns,Morrisons Market Street Cooked…210g,£4.25,£2.02 per 100g,Buy 3 for £10
Morrisons Market Street Cooked Mussel Meat,Morrisons Market Street Cooked Mussel Meat400g,£4.25,£1.06 per 100g,Buy 3 for £10
Morrisons Market Street Cooked Seafood Selection ,Morrisons Market Street Cooked Seafood Selection 250g,£4.25,£17.00 per kg,Buy 3 for £10
Morrisons Market Street Cooked Shell On Cold Water Prawns,Morrisons Market Street Cooked Sh…400g,£4.25,£1.06 per 100g,Buy 3 for £10
Morrisons Market Street Raw Easy Peel Shell On Argentinian Red Shrimp,Morrisons Market Street Raw Easy Peel She…180g,£4.25,£23.61 per kg,Buy 3 for £10
Morrisons Market Street Raw Peeled King Prawns,Morrisons Market Street Raw Peeled King Prawns200g,£4.25,£21.25 per kg,Buy 3 for £10
Morrisons Market Street Raw Razor Clams ,Morrisons Market Street Raw Razor Clams 400g,£4.25,£1.06 per 100g,Buy 3 for £10
Morrisons Market Street Raw Squid Rings,Morrisons Market Street Raw Squid Rings250g,£4.25,£17.00 per kg,Buy 3 for £10
Morrisons Market Street Raw White Shell Clams,Morrisons Market Street Raw White Shell Clams400g,£4.25,£10.63 per kg,Buy 3 for £10
Morrisons Market Street Raw Whole King Prawns,Morrisons Market Street Raw Whole King Prawns200g,£4.25,£21.25 per kg,Buy 3 for £10
Morrisons Market Street Raw Whole Squid ,Morrisons Market Street Raw Whole Squid 300g,£4.25,£14.17 per kg,Buy 3 for £10
Morrisons Market Street  Smoked Salmon,Morrisons Market Street  Smoked Salmon120g,£3.75,£3.13 per 100g,Buy 3 for £10
Morrisons Market Street Whitebait,Morrisons Market Street Whitebait500g,£4.25,£8.50 per kg,Buy 3 for £10
Morrisons Medium Smoked Gammon Joint,Morrisons Medium Smoked Gammon JointTypically: 2.7kg,£12.15,£4.50 per kg,
Morrisons Medium Unsmoked Gammon Joint,Morrisons Medium Unsmoked Gammon JointTypically: 2.7kg,£12.15,£4.50 per kg,
Morrisons Mini BBQ Pork Ribs,Morrisons Mini BBQ Pork Ribs300g,£4.39,£14.63 per kg,
Morrisons Mini Chicken Breast Fillets,Morrisons Mini Chicken Breast Fillets400g,£3.49,£8.73 per kg,
Morrisons Ox Heart,Morrisons Ox HeartTypically: 0.46kg,£1.61,£3.50 per kg,
Morrisons Ox Liver,Morrisons Ox LiverTypically: 0.49kg,£1,£2.50 per kg,
Morrisons Peppercorn Sauce,Morrisons Peppercorn Sauce200g,£1.69,£8.45 per kg,
Morrisons Peri Peri Chicken Breast Fillets,Morrisons Peri Peri Chicken Breast Fillets371g,£4.50,£12.13 per kg,
Morrisons Pigs Heart,Morrisons Pigs HeartTypically: 456.5g,£1.50,£3.29 per kg,
Morrisons Pigs Kidney,Morrisons Pigs KidneyTypically: 365g,95p,£2.60 per kg,
Morrisons Pigs Liver,Morrisons Pigs LiverTypically: 400g,96p,£2.40 per kg,
Morrisons Piri Piri Spatchcock Chicken,Morrisons Piri Piri Spatchcock Chicken1.1kg,£4.99,£4.54 per kg,
Morrisons Plant Revolution 2 Nice N Spicy No Chick'N Burgers,Morrisons Plant Revolution 2 Nice N…225g,£2.75,£1.22 per 100g,
Morrisons Plant Revolution 6 Crispy No Chick'N Goujons,Morrisons Plant Revolution 6 Cr…210g,£3,£1.43 per 100g,
Morrisons Plant Revolution 8 Streaky Rashers,Morrisons Plant Revolut…90g,£2.75,£3.06 per 100g,
Morrisons Plant Revolution Thai Style Fishcakes,Morrisons Plant Revolutio…260g,£3,£1.15 per 100g,
Morrisons Pork Boneless Shoulder Joint,Morrisons Pork Boneless Shoulder Joint,£4.25,,Buy 3 for £10
Morrisons Pork Fillet Whole,Morrisons Pork Fillet WholeTypically: 415g,£3.11,£7.50 per kg,
Morrisons Pork Riblet And Wings Sharing Pack ,Morrisons Pork Riblet And Wings Sharing Pack 925g,£5.99,£6.48 per kg,
Morrisons Pork Shank Joint,Morrisons Pork Shank JointTypically: 1kg,£2.50,£2.50 per kg,
Morrisons Pork Trotters,Morrisons Pork TrottersTypically: 0.75kg,£2.25,£3.00 per kg,
Morrisons Rib Eye Steak,Morrisons Rib Eye Steak200g,£4.99,£24.95 per kg,
Morrisons Roast Chicken Drumsticks,Morrisons Roast Chicken Drumsticks430g,£2.99,69.5p per 100g,
Morrisons Roast In The Bag Extra Tasty Whole Chicken,Morrisons Roast In The Bag Ex…1.6kg,£6.49,£4.06 per kg,
Morrisons Roast Thighs,Morrisons Roast Thighs450g,£3.49,77.6p per 100g,
Morrisons Salt & Pepper Picanha With Garlic Butter,Morrisons Salt & Pepper Pic…Typically: 0.725kg,£10.88,£15.00 per kg,
Morrisons Salt & Pepper Seasoned Lamb Meatballs ,Morrisons Salt & Pepper Seasoned Lamb Meatballs 340g,£3.50,£10.29 per kg,
Morrisons Savers 2 Garlic Chicken,Morrisons Savers 2 Garlic Chicken260g,£1.99,76.5p per 100g,
"Morrisons Savers Beef Steaks (May be Sirloin, Rump or Ribeye)",Morrisons Savers Beef Steaks (May b…200g,£3.25,£16.25 per kg,
Morrisons Savers Breaded Chicken Goujons,Morrisons Savers Breaded Chicken Goujons270g,£1.99,73.7p per 100g,
Morrisons Savers Pork Mince 20% Fat,Morrisons Savers Pork Mince 20% Fat454g,£2.13,46.9p per 100g,
Morrisons Savers Unsmoked Back Bacon,Morrisons Savers Unsmoked Back Bacon250g,£1.17,£4.68 per kg,
Morrisons Savers Unsmoked Gammon Steak,Morrisons Savers Unsmoked Gammon Steak250g,£1.99,£7.96 per kg,
Morrisons  Scotch Mince 12% ,Morrisons  Scotch Mince 12% 750g,£4.75,£6.33 per kg,
Morrisons Shell On King Prawns,Morrisons Shell On King Prawns200g,£3.75,£18.75 per kg,Buy 3 for £10
Morrisons Shin Of Beef,Morrisons Shin Of Beef500g,£4,£8.00 per kg,
Morrisons Sizzling Breaded Chicken Steaks,Morrisons Sizzling Breaded Chicken Steaks480g,£3.99,83.1p per 100g,
Morrisons Slow Cooked BBQ Beef Burnt Ends,Morrisons Slow Cooked BBQ Beef Burnt Ends380g,£5,£13.16 per kg,
Morrisons Slow Cooked BBQ Beef Burnt Ends,Morrisons Slow Cooked BBQ Beef Burnt Ends190g,£2.99,£1.57 per 100g,
Morrisons Slow Cooked Beef Bourguignon,Morrisons Slow Cooked Beef Bourguignon540g,£5,92.6p per 100g,
Morrisons Slow Cooked Beef Brisket Joint In Red Wine Sauce,Morrisons Slow Cooked Beef Briske…400g,£5,£12.50 per kg,
Morrisons Slow Cooked Beef Joint With A Red Wine Gravy ,Morrisons Slow Cooked Beef Join…470g,£5,£10.64 per kg,
Morrisons Slow Cooked Beef Stroganoff,Morrisons Slow Cooked Beef Stroganoff450g,£5,£11.11 per kg,
Morrisons Slow Cooked Bourbon BBQ Rack Of Pork Ribs,Morrisons Slow Cooked Bourbon…510g,£5,£9.80 per kg,
Morrisons Slow Cooked Cherrywood Smoked Pulled Pork With Memphis BBQ Sauce ,Morrisons Slow Cooked Cherrywoo…380g,£5,£13.16 per kg,
Morrisons Slow Cooked Chicken Shawarma,Morrisons Slow Cooked Chicken Shawarma455g,£5,£10.99 per kg,
Morrisons Slow Cooked Chicken Wings Sharing Pack,Morrisons Slow Cooked Chick…1kg,£4.99,£4.99 per kg,
Morrisons Slow Cooked Duck Legs With A Cherry Hoisin Glaze,Morrisons Slow Cooked Duck Legs W…525g,£6,£11.43 per kg,
Morrisons Slow Cooked Honey & Garlic Lamb Shoulder,Morrisons Slow Cooked Honey…352g,£5,£14.20 per kg,
Morrisons Slow Cooked Lamb Shoulder With Mint & Balsamic Glaze ,Morrisons Slow Cooked Lamb Shoulder W…360g,£5,£13.89 per kg,
Morrisons Slow Cooked Mint Gravy Lamb Shank,Morrisons Slow Cooked Mint Gravy Lamb Shank430g,£5,£11.63 per kg,
Morrisons Slow Cooked Pork Belly Joint With A Sticky Asian Glaze,Morrisons Slow Cooked Pork Belly Join…400g,£5,£12.50 per kg,
Morrisons Slow Cooked Sweet & Smokey BBQ Rack Of Pork Ribs ,Morrisons Slow Cooked Sweet & Smo…510g,£5,£9.80 per kg,
Morrisons Small Smoked Natural Gammon Joint,Morrisons Small Smoked Natural Gammon JointTypically: 1kg,£8.70,£6.00 per kg,
Morrisons Smoked Back Bacon 20 Rashers,Morrisons Smoked Back Bacon 20 Rashers600g,£4.25,£7.08 per kg,Buy 3 for £10
Morrisons Smoked Back Bacon Rashers 10 Pack,Morrisons Smoked Back Bacon Rashers 10 Pack300g,£2.25,£7.50 per kg,
Morrisons Smoked Bacon Loin Joint ,Morrisons Smoked Bacon Loin Joint 600g,£4.75,£7.92 per kg,
Morrisons Smoked Extra Thick Rindless Back Bacon Rashers 6 Pack,Morrisons Smoked Extra Thick Rindless…300g,£2.25,£7.50 per kg,
Morrisons Smoked Gammon Joint,Morrisons Smoked Gammon Joint750g,£4.25,£5.67 per kg,Buy 3 for £10
Morrisons Smoked Gammon Steaks,Morrisons Smoked Gammon Steaks2 x 125g,£2,£8.00 per kg,
Morrisons Smoked Horseshoe Gammon Steak,Morrisons Smoked Horseshoe Gammon Steak2 x 200g,£4.25,£10.63 per kg,
Morrisons Smoked Lardons,Morrisons Smoked Lardons200g,£2.50,£12.50 per kg,"Offer price £2.50, was £2.69"
Morrisons Smoked Rindless Back Bacon,Morrisons Smoked Rindless Back Bacon500g,£2.25,£4.50 per kg,
Morrisons Smoked Streaky Bacon 16 Rashers,Morrisons Smoked Streaky Bacon 16 Rashers225g,£2.25,£10.00 per kg,
Morrisons Southern Fried Breaded Chicken Breast Fillets,Morrisons Southern Fried Breade…340g,£3.49,£10.26 per kg,
Morrisons Southern Fried Chicken Mini Fillets ,Morrisons Southern Fried Chicken Mini Fillets 300g,£3.99,£13.30 per kg,
Morrisons Southern Fried Chicken Portions,Morrisons Southern Fried Chicken Portions800g,£3.69,£4.61 per kg,
Morrisons Space To Roam Chicken Drumsticks,Morrisons Space To Roam Chicken Drumsticks1kg,£3.49,£3.49 per kg,
Morrisons Space To Roam Chicken Fillets,Morrisons Space To Roam Chicken Fillets330g,£4.15,£12.58 per kg,
Morrisons Space To Roam Chicken Fillets ,Morrisons Space To Roam Chicken Fillets 600g,£6.99,£11.65 per kg,
Morrisons Space To Roam Chicken Thigh Fillets,Morrisons Space To Roam Chicken Thigh Fillets600g,£5.49,£9.15 per kg,
Morrisons Space To Roam Large Chicken Wholebird,Morrisons Space To Roam Large Chicken Wholebird1.75kg,£6.75,£3.86 per kg,
Morrisons Space To Roam Medium Wholebird Chicken ,Morrisons Space To Roam Med…1.45kg,£5.49,£3.79 per kg,
Morrisons Spanish Style Chicken Casserole,Morrisons Spanish Style Chicken Casserole1.025kg,£4.50,£4.39 per kg,
Morrisons Stuffed Boneless Chicken Thighs ,Morrisons Stuffed Boneless Chicken Thighs 500g,£4.25,£8.50 per kg,
Morrisons Sweet & Smokey BBQ Chicken Wings ,Morrisons Sweet & Smoke…290g,£2.99,£10.31 per kg,
Morrisons Sweet & Smokey BBQ Pork Ribs,Morrisons Sweet & Smokey BBQ Pork Ribs260g,£2.99,£11.50 per kg,
Morrisons Sweet BBQ Rack Of Pork Ribs ,Morrisons Sweet BBQ Rack Of Pork Ribs 460g,£4.39,£9.54 per kg,
Morrisons Sweet Chilli Chicken,Morrisons Sweet Chilli Chicken390g,£4.49,£11.51 per kg,Buy 2 for £8
Morrisons Tandoori Chicken Breast Fillets,Morrisons Tandoori Chicken Breast Fillets420g,£4.49,£10.69 per kg,Buy 2 for £8
Morrisons Tempura Chicken Mini Fillets,Morrisons Tempura Chicken Mini Fillets300g,£3.99,£13.30 per kg,
Morrisons Teriyaki Chicken Mini Fillets,Morrisons Teriyaki Chicken Mini Fillets410g,£4.25,£10.37 per kg,
Morrisons The Best 10 Thick Pork Sausages,Morrisons The Best 10 Thick Pork Sausages600g,£4.25,£7.08 per kg,Buy 3 for £10
Morrisons The Best 12% Fat Matured Scotch Minced Beef,Morrisons The Best 12% Fat Ma…500g,£4.45,£8.90 per kg,
Morrisons The Best 20 Pork Chipolatas,Morrisons The Best 20 Pork Chipolatas560g,£4.25,£7.59 per kg,Buy 3 for £10
Morrisons The Best 2 British Chuck Steak Burgers,Morrisons The Best 2 Britis…340g,£2.99,£8.79 per kg,
Morrisons The Best 4 Scotch Beef Quarter Pounders,Morrisons The Best 4 Scotch…454g,£3.50,£7.71 per kg,
Morrisons The Best 6 Extra Thick Dry Cured Unsmoked Back Bacon ,Morrisons The Best 6 Extra Thick Dry…240g,£2.69,£11.21 per kg,
Morrisons The Best 6 Hot And Spicy Sausages,Morrisons The Best 6 Hot And Spicy Sausages400g,£3.25,£8.13 per kg,Buy 2 for £5
Morrisons The Best Air Dried Smoked British Back Bacon,Morrisons The Best Air Dried Sm…200g,£2.75,£1.38 per 100g,
Morrisons The Best Air Dried Unsmoked British Back Bacon,Morrisons The Best Air Dried Un…200g,£2.75,£1.38 per 100g,
Morrisons The Best Beef Gravy Granules,Morrisons The Best Beef Gravy Granules200g,£1.89,94.5p per 100g,
Morrisons The Best Braising Steak,Morrisons The Best Braising SteakTypically: 320g,£3.37,£10.52 per kg,
Morrisons The Best Bramley Apple Sauce with Kent Cider,Morrisons The Best Bramley Appl…210g,£1.85,88.1p per 100g,
Morrisons The Best British Dry Cured Unsmoked Gammon Steaks,Morrisons The Best British Dry Cu…400g,£4.50,£11.25 per kg,
Morrisons The Best British Outdoor Bred Pork Fillet,Morrisons The Best British Outdoor Bred Pork FilletTypically: 0.425kg,£6.37,£14.99 per kg,
Morrisons The Best Cheese & Black Pepper Sausages,Morrisons The Best Cheese &…400g,£3.25,£8.13 per kg,Buy 2 for £5
Morrisons The Best Chicken Gravy Granules,Morrisons The Best Chicken Gravy Granules200g,£1.89,94.5p per 100g,
Morrisons The Best Corn Fed Free Range Chicken Breast Fillets,Morrisons The Best Corn Fed Free Ra…Typically: 340g,£5.78,£16.99 per kg,
Morrisons The Best Corn Fed Free Range Whole Chicken,Morrisons The Best Corn Fed F…Typically: 1.575kg,£9.91,£6.29 per kg,
Morrisons The Best Cranberry Sauce,Morrisons The Best Cranberry Sauce220g,£1.85,84.1p per 100g,
Morrisons The Best Cumberland Chipolata Sausages 12 Pack,Morrisons The Best Cumberland C…375g,£3.25,£8.67 per kg,Buy 2 for £5
Morrisons The Best Cumberland Sausages,Morrisons The Best Cumberland Sausages540g,£2.50,£4.63 per kg,
Morrisons The Best Dry Aged Beef Meatballs,Morrisons The Best Dry Aged Beef Meatballs300g,£3,£10.00 per kg,
Morrisons The Best Dry Cured 8 Smoked Back Bacon,Morrisons The Best Dry Cure…200g,£3.25,£16.25 per kg,Buy 2 for £5
Morrisons The Best Dry Cured Smoked Bacon ,Morrisons The Best Dry Cured Smoked Bacon 200g,£3.25,£16.25 per kg,Buy 2 for £5
Morrisons The Best Dry Cured Smoked Streaky Bacon,Morrisons The Best Dry Cure…210g,£3.25,£15.48 per kg,Buy 2 for £5
Morrisons The Best Dry Cured Unsmoked Streaky Bacon ,Morrisons The Best Dry Cured…210g,£3.25,£15.48 per kg,Buy 2 for £5
Morrisons The Best Dry Cure Unsmoked Bacon,Morrisons The Best Dry Cure Unsmoked Bacon200g,£3.25,£16.25 per kg,Buy 2 for £5
Morrisons The Best Fillet Steak,Morrisons The Best Fillet Steak200g,£7.99,£39.95 per kg,
Morrisons The Best Hampshire Breed Dry Cured Unsmoked Back Bacon 8 Pack,Morrisons The Best Hampshire…200g,£3.25,£16.25 per kg,Buy 2 for £5
Morrisons The Best Hampshire Breed Unsmoked Maple Cured Back Bacon,Morrisons The Best Hampshir…200g,£3.25,£16.25 per kg,Buy 2 for £5
Morrisons The Best Lamb & Mint Gravy Granules,Morrisons The Best Lamb & Mint Gravy Granules200g,£1.89,94.5p per 100g,
Morrisons The Best Old English Cure Bacon,Morrisons The Best Old English Cure Bacon200g,£3.25,£16.25 per kg,Buy 2 for £5
Morrisons The Best Outdoor Bred Pork Loins With Chorizo & Butter,Morrisons The Best Outdoor Bred Pork…Typically: 0.425kg,£4.04,£9.50 per kg,
Morrisons The Best Pigs In Blankets,Morrisons The Best Pigs In Blankets210g,£3,£14.29 per kg,Buy 2 for £5
Morrisons The Best Pork Cheek With Creamy Cider Glaze,Morrisons The Best Pork Cheek…340g,£4,£11.76 per kg,
Morrisons The Best Pork Chipolatas 12 Pack,Morrisons The Best Pork Chipolatas 12 Pack375g,£3.25,£8.67 per kg,Buy 2 for £5
Morrisons The Best Pork Fillet Medallions With Dijonnaise Sauce,Morrisons The Best Pork Fillet Medall…420g,£4.99,£11.88 per kg,
Morrisons The Best Pork Gravy Granules,Morrisons The Best Pork Gravy Granules200g,£1.89,94.5p per 100g,
Morrisons The Best Pork Sausages,Morrisons The Best Pork Sausages540g,£2.50,£4.63 per kg,
Morrisons The Best Reduced Fat Sausages,Morrisons The Best Reduced Fat Sausages400g,£3.25,£8.13 per kg,Buy 2 for £5
Morrisons The Best Rib Eye Steak,Morrisons The Best Rib Eye Steak227g,£6.99,£30.79 per kg,
Morrisons The Best Rump Steak,Morrisons The Best Rump Steak227g,£5.49,£24.19 per kg,
Morrisons The Best Sirloin Steak,Morrisons The Best Sirloin Steak227g,£6.49,£28.59 per kg,
Morrisons The Best Thick Cumberland Sausages,Morrisons The Best Thick Cumberland Sausages400g,£3.25,£8.13 per kg,Buy 2 for £5
Morrisons The Best Thick Lincolnshire Sausages,Morrisons The Best Thick Lincolnshire Sausages400g,£3.25,£8.13 per kg,Buy 2 for £5
Morrisons The Best Thick Old English Sausages,Morrisons The Best Thick Old English Sausages400g,£3.25,£8.13 per kg,Buy 2 for £5
Morrisons The Best  Thick Pork & Bramley Apple Sausages,Morrisons The Best  Thick Pork…400g,£3.25,£8.13 per kg,Buy 2 for £5
Morrisons The Best Thick Pork & Caramelised Onion Sausages,Morrisons The Best Thick Pork & C…400g,£3.25,£8.13 per kg,Buy 2 for £5
Morrisons The Best Thick Pork Sausages,Morrisons The Best Thick Pork Sausages400g,£3.25,£8.13 per kg,Buy 2 for £5
Morrisons The Best Thick Pork Sausages ,Morrisons The Best Thick Pork Sausages 1kg,£5.50,55p per 100g,
Morrisons The Best Traditional British Beef Topside Joint ,Morrisons The Best Traditional Br…Typically: 0.78kg,£13.25,£16.99 per kg,
Morrisons The Best Traditionally Cured Unsmoked Gammon Joint 1.25-1.6kg,Morrisons The Best Traditiona…Typically: 1.42kg,£12.78,£9.00 per kg,
Morrisons Tikka Style Diced Chicken Breast,Morrisons Tikka Style Diced Chicken Breast350g,£4.25,£1.21 per 100g,Buy 3 for £10
Morrisons Turkey Breast Mince,Morrisons Turkey Breast Mince500g,£4.19,£8.38 per kg,
Morrisons Turkey Breast Steaks ,Morrisons Turkey Breast Steaks 400g,£4.25,£10.63 per kg,
Morrisons Turkey Thigh Mince ,Morrisons Turkey Thigh Mince 500g,£2.99,£5.98 per kg,
Morrisons Unsmoked 16 Back Bacon Rashers,Morrisons Unsmoked 16 Back Bacon Rashers500g,£2.25,£4.50 per kg,
Morrisons Unsmoked Back Bacon 20 Rashers,Morrisons Unsmoked Back Bacon 20 Rashers600g,£4.25,£7.08 per kg,Buy 3 for £10
Morrisons Unsmoked Back Bacon Rashers 10 Pack,Morrisons Unsmoked Back Bacon Rashers 10 Pack300g,£2.25,£7.50 per kg,
Morrisons Unsmoked Gammon Joint,Morrisons Unsmoked Gammon Joint750g,£4.25,£5.67 per kg,Buy 3 for £10
Morrisons Unsmoked Gammon Steaks,Morrisons Unsmoked Gammon Steaks2 x 125g,£2,£8.00 per kg,
Morrisons Unsmoked Horseshoe Gammon Steaks,Morrisons Unsmoked Hors…2 x 200g,£4.25,£10.63 per kg,Buy 3 for £10
Morrisons Unsmoked Lardons,Morrisons Unsmoked Lardons200g,£2.50,£12.50 per kg,"Offer price £2.50, was £2.69"
Morrisons Unsmoked Streaky Bacon 16 Rashers,Morrisons Unsmoked Streaky Bacon 16 Rashers225g,£2.25,£10.00 per kg,
Morrisons Whole Chicken Large,Morrisons Whole Chicken Large1.7kg,£5.29,£3.11 per kg,
Morrisons Whole Chicken Medium,Morrisons Whole Chicken Medium1.45kg,£4.99,£3.44 per kg,
Morrisons Whole Lamb Leg Roast,Morrisons Whole Lamb Leg RoastTypically: 2.25kg,£30.38,£13.50 per kg,
Morrisons Yorkshire Puddings,Morrisons Yorkshire Puddings180g,£1.85,£1.03 per 100g,"Offer price £1.85, was £2.10"
Morrison Unsmoked Gammon  Joint ,Morrison Unsmoked Gammon  Joint 1.4kg,£7.49,£5.35 per kg,
Mr Crumb Sage & Onion Stuffing,Mr Crumb Sage & Onion Stuffing225g,£1.99,£8.85 per kg,"Offer price £1.99, was £2.49"
Oakpark Smoked Bacon Medallions 6 Pack,Oakpark Smoked Bacon Medallions 6 Pack170g,£2,£11.76 per kg,
Oakpark Unsmoked Bacon Medallions 6 Pack,Oakpark Unsmoked Bacon Medallions 6 Pack170g,£2,£11.76 per kg,
Pek Premium Gammon Ham,Pek Premium Gammon Ham455g,£4,87.9p per 100g,
Porky Lights Low Fat Sausages 6 Pack,Porky Lights Low Fat Sausages 6 Pack400g,£3,£7.50 per kg,
Porky Whites Surrey Pork Sausages,Porky Whites Surrey Pork Sausages400g,£3.20,£8.00 per kg,
Quorn 6 Vegan Brilliant Bangers ,Quorn 6 Vegan Brilliant Bangers 270g,£2.65,£9.81 per kg,
Quorn Lasagne ,Quorn Lasagne 380g,£3.49,£9.18 per kg,
Quorn Vegan Tempura Chiqin Fillets,Quorn Vegan Tempura Chiqin Fillets200g,£3,£1.50 per 100g,
Quorn Vegetarian Mince,Quorn Vegetarian Mince350g,£3.25,£9.29 per kg,
Quorn Vegetarian Mozzarella & Pesto Escalopes,Quorn Vegetarian Mozzarel…240g,£3,£12.50 per kg,
Quorn Vegetarian Peppered Steaks 2 Pack,Quorn Vegetarian Peppered Steaks 2 Pack196g,£3.25,£16.58 per kg,
Richmond 12 Skinless Pork Sausages,Richmond 12 Skinless Pork Sausages319g,£2.30,£7.21 per kg,
Richmond 12 Thick Pork Sausages,Richmond 12 Thick Pork Sausages615g,£2.25,£3.66 per kg,"Offer price £2.25, was £3.25"
Richmond 12 Thin Pork Sausages,Richmond 12 Thin Pork Sausages340g,£2.30,£6.76 per kg,
Richmond 20 Thick Pork Sausages Twin Pack,Richmond 20 Thick Pork Sausages Twin Pack2 x 512g,£4.25,41.5p per 100g,Buy 3 for £10
Richmond 8 Meat Free Vegan Sausages,Richmond 8 Meat Free Vegan Sausages336g,£2.25,67p per 100g,"Offer price £2.25, was £2.70"
Richmond 8 Thick Pork Sausages,Richmond 8 Thick Pork Sausages410g,£2.30,£5.61 per kg,
Richmond 8 Vegan No Bacon Smoked Rashers,Richmond 8 Vegan No Bacon Smoked Rashers150g,£2.70,£18.00 per kg,
Richmond No Chicken Pieces,Richmond No Chicken Pieces165g,£2.75,£1.67 per 100g,
Saver Pork Sizzle Steaks,Saver Pork Sizzle Steaks350g,£2.50,71.4p per 100g,
Savers Smoked Back Bacon 250G,Savers Smoked Back Bacon 250G250g,£1.17,£4.68 per kg,
Simon Howie Original Haggis,Simon Howie Original Haggis454g,£2.75,£6.06 per kg,
"Simon Howie Pork, Black Pudding & Apple Stuffing Balls","Simon Howie Pork, Black Pudding…300g",£3,£1.00 per 100g,
Speyside Black Pudding Slices,Speyside Black Pudding Slices250g,£1.75,£7.00 per kg,
Spoilt Pig Dry Cured Smoked Streaky Bacon,Spoilt Pig Dry Cured Smoked Streaky Bacon184g,£3.15,£17.12 per kg,
Spoiltpig Smoked Dry Cured Back Bacon Rashers,Spoiltpig Smoked Dry Cure…184g,£3,£16.30 per kg,
Spoiltpig Unsmoked Dry Cured Back Bacon Rashers,Spoiltpig Unsmoked Dry Cu…184g,£3,£16.30 per kg,
Taste & Glory Meat Free Burgers,Taste & Glory Meat Free Burgers227g,£2.70,£1.19 per 100g,
Taste & Glory Meat Free Sausages ,Taste & Glory Meat Free Sausages 240g,£2.70,£11.25 per kg,
The Best Gourmet Collection Cherrywood Smoked Pork Belly,The Best Gourmet Collection Che…1.13kg,£12,£10.62 per kg,
The Best Gourmet Collection Currywurst Sausage ,The Best Gourmet Collecti…600g,£4,£6.67 per kg,
The Best Gourmet Collection Hickory Smoked Boneless Beef Ribs,The Best Gourmet Collection Hickory…700g,£10,£14.29 per kg,
The Best Gourmet Collection Hickory Smoked Chicken Wings,The Best Gourmet Collection Hic…700g,£5,£7.14 per kg,
The Best Gourmet Collection Smokey Pork Hot Dog,The Best Gourmet Collecti…600g,£4,£6.67 per kg,
The Best Gourmet Collection Tennessee Whiskey BBQ Pork Ribs,The Best Gourmet Collection Tenne…785g,£8,£10.19 per kg,
The Black Farmer Premium Pork Sausages,The Black Farmer Premium Pork Sausages400g,£3.15,£7.88 per kg,
The Lions Kingdom 100 Day Age 2 Ostrich Fillet Steaks In Marinade,The Lions Kingdom 100 Day Age 2 Ostri…250g,£5.99,£23.96 per kg,
The Real Yorkshire Pudding Co. 4 Gluten Free Yorkshire Puddings,The Real Yorkshire Pudding Co. 4 Glut…160g,£1.99,£1.25 per 100g,"Offer price £1.99, was £2.25"
The Tofoo Co. Naked Tofu,The Tofoo Co. Naked Tofu280g,£2.50,89.3p per 100g,
The Tofoo Co. Naked Xl ,The Tofoo Co. Naked Xl 450g,£3.45,£7.67 per kg,
The Tofoo Co. Scrambled,The Tofoo Co. Scrambled200g,£2.85,£1.43 per 100g,
The Tofoo Co. Smoked Tofu,The Tofoo Co. Smoked Tofu225g,£2.50,£11.11 per kg,
The Tofoo Co. Sriracha,The Tofoo Co. Sriracha280g,£2.85,£1.02 per 100g,
The Vegetarian Butcher Patty On The Back,The Vegetarian Butcher Patty On The Back226g,£3.99,£1.77 per 100g,
The Vegetarian Butcher Unbelievaballs,The Vegetarian Butcher Unbelievaballs170g,£3,£1.76 per 100g,
The Vegetarian Butcher Vegan Magic Mince,The Vegetarian Butcher Vegan Magic Mince200g,£3,£1.50 per 100g,
The Vegetarian Butcher Vegan What the Cluck,The Vegetarian Butcher Vegan What the Cluck160g,£3,£1.88 per 100g,
This Isn't Bacon Plant-Based Rashers,This Isn't Bacon Plant-Based Rashers120g,£3,£2.50 per 100g,
This Isn't Beef Plant Based Burgers,This Isn't Beef Plant Based Burgers226g,£2.50,£1.11 per 100g,"Offer price £2.50, was £3"
VBites Cheatin Rashers ,VBites Cheatin Rashers 115g,£2.35,£20.43 per kg,
Vivera Veggie Shawarma Kebab,Vivera Veggie Shawarma Kebab175g,£2.59,£14.80 per kg,
Wall's 6 Ready Baked Pork Sausages,Wall's 6 Ready Baked Pork Sausages240g,£2.49,£10.38 per kg,
Yorkshire Sausage Company Thick Pork Sausages,Yorkshire Sausage Company…410g,£2,48.8p per 100g,
