title,name,Price Per Unit,Price Per Measure,Promotion,
Cow & Gate 2 Follow On Baby Milk Formula,Cow & Gate 2 Fo...800g,£10.50,£1.31 per 100g,,baby-toddler
Organix Choco Orange Soft Oaty Bars 12+ Months,Organix Choco Ora...6 x 30g,£3.00,£1.67 per 100g,,baby-toddler
Organix Apple Rice Cake Clouds Multipack ,Organix Apple R...4 x 18g,£2.80,£3.89 per 100g,,baby-toddler
Aptamil 2 Follow On Baby Milk Formula  ,Aptamil 2 Fol...800g,£14.50,£1.81 per 100g,,baby-toddler
Organix Strawberry & Apple Soft Oaty Bars 12+ Months ,Organix Strawbe...6 x 30g,£3.00,£1.67 per 100g,,baby-toddler
Organix Jammie Monsters Organic Jam Toddler Snack Biscuits Multipack,Organix Jammi...8 x 8g,£2.80,£4.38 per 100g,,baby-toddler
 Organix Raspberry & Apple Soft Oaty Bars 12+ Months , Organix Raspbe...180g,£3.00,£1.67 per 100g,,baby-toddler
Organix Carrot Cake Soft Oaty Bars 12+ Months ,Organix Carrot Ca...180g,£3.00,£1.67 per 100g,,baby-toddler
Organix Cocoa & Vanilla Gruffalo Biscuits 12+ Months,Organix Cocoa &...5 x 20g,£2.80,£2.80 per 100g,,baby-toddler
Organix Goodies Gingerbread Men Biscuits,Organix Goodies...135g,£2.30,£1.70 per 100g,,baby-toddler
Organix Mini Organic Cheese Crackers Toddler Snack Multipack,Organix Mini Or...80g,£2.20,£2.75 per 100g,,baby-toddler
Organix Banana Organic Soft Oat Snack Bars Multipack,Organix Banana...6 x 30g,£3.00,£1.67 per 100g,,baby-toddler
Organix Apple & Orange Soft Oaty Bars 12+ Months,Organix Apple & Ora...180g,£3.00,£1.67 per 100g,,baby-toddler
Vaseline Petroleum Jelly,Vaseline Petroleum Jelly100ml,£2.00,£2.00 per 100ml,,baby-toddler
Cussons Antibacterial Carex Protects Moisture Plus Hand Gel,Cussons Antibacte...50ml,£1.00,£2.00 per 100ml,"Offer price £1, was £1.25",baby-toddler
Peppa Pig Strawberry Fromage Frais,Peppa Pig Strawbe...6 x 45g,£1.00,37p per 100g,,baby-toddler
Morrisons Kids 2 In 1 Strawberry Shampoo & Conditioner,Morrisons Kids...250ml,£1.00,40p per 100ml,,baby-toddler
Aptamil Pre-Measured Tabs 2 Follow On Milk 6-12 Months 24 Sachets,Aptamil Pre-Measured Tabs 2 Follow On...576g,£14.50,£2.52 per 100g,,baby-toddler
Bio-Oil Skincare Oil  Helps Improve the Appearance of Scars & Stretch Marks,Bio-Oil Skincare Oil  Helps Improve the Appea...60ml,£10,£16.67 per 100ml,,baby-toddler
Cow & Gate 3 Growing Up Milk Formula Multipack,Cow & Gate 3 Growing Up Milk Formula Multipack15 x 200ml,£8.55,28.5p per 100ml,,baby-toddler
Cow & Gate Follow On Milk,Cow & Gate Follow On Milk2 x 600g,£12.50,£1.04 per 100g,,baby-toddler
Organix Animal Biscuits,Organix Animal Biscuits100g,£2,£2.00 per 100g,,baby-toddler
Organix Apple Rice Cake Clouds,Organix Apple Rice Cake Clouds40g,£1.40,£3.50 per 100g,,baby-toddler
"	Heinz By Nature Sweet & Sour Chicken Baby Food Jar 7+ Month","	Heinz By Nature Sweet & Sour Chick...200g",£1.10,55p per 100g,Buy 5 for £4,baby-toddler
"	Heinz By Nature Sweet Potato & Lean Beef Hotpot Baby Food Tray 1+ Yea","	Heinz By Nature Sweet Potato...230g",£1.70,73.9p per 100g,,baby-toddler
"	Heinz Chicken & Sweetcorn Risotto Baby Food Tray 1+ Ye","	Heinz Chicken & Sweetcorn Riso...230g",£1.70,73.9p per 100g,,baby-toddler
"	Heinz Sweet & Sour Chicken Baby Food Pouch 10+ Month","	Heinz Sweet & Sour Chicken B...180g",£1.90,£1.06 per 100g,Buy 2 for £3,baby-toddler
"	Heinz Sweet & Sour Chicken Baby Food Tray 1+ Yea","	Heinz Sweet & Sour Chicken...230g",£1.70,73.9p per 100g,,baby-toddler
"	Heinz Tomato Mozzarella Pasta Shells Baby Food Tray 1+ Yea","	Heinz Tomato Mozzarella Pasta Sh...230g",£1.70,73.9p per 100g,,baby-toddler
Abidec Kid Multivitamin Syrup - Food Supplement Suitable for Kids Aged 1-5 ,Abidec Kid Multivitamin Syrup - Food Suppleme...150ml,£4.50,£3.00 per 100ml,,baby-toddler
Always Dailies Extra Protect Panty Liners Long Plus 24 liners,Always Dailies Extra Protect Panty...24 per pack,£1.90,7.9p each,Buy 2 for £3.50,baby-toddler
Always Dailies Extra Protect Panty Liners Long Plus 44 liners,Always Dailies Extra Protect Panty...44 per pack,£1.75,4p each,,baby-toddler
Always Dailies Fresh and Protect Panty Liners Normal,Always Dailies Fresh and Prot...32 per pack,£2,6.3p each,Buy 2 for £3.50,baby-toddler
Always Discreet Incontinence Liners Long For Sensitive Bladder 20 pack,Always Discreet Incontinence...20 per pack,£2.25,11.3p each,Buy 2 for £4,baby-toddler
Always Discreet Incontinence Liners Normal For Sensitive Bladder 24 pack,Always Discreet Incontinence Li...24 per pack,£2.25,9.4p each,Buy 2 for £4,baby-toddler
Always Discreet Incontinence Pads+ Long for Sensitive Bladder 10 pack,Always Discreet Incontinence...10 per pack,£2.75,27.5p each,Buy 2 for £5,baby-toddler
Always Discreet Incontinence Pads+ Long For Sensitive Bladder 20 pack,Always Discreet Incontinence...20 per pack,£4.70,23.5p each,Buy 2 for £9,baby-toddler
Always Discreet Incontinence Pads+ Long Plus Sensitive Bladder 8 pack,Always Discreet Incontinence...8 per pack,£2.75,34.4p each,Buy 2 for £5,baby-toddler
Always Discreet Incontinence Pads Normal For Sensitive Bladder 24 pack,Always Discreet Incontinence...24 per pack,£4.70,19.6p each,Buy 2 for £9,baby-toddler
Always Discreet Incontinence Pads Small for Sensitive Bladder 20 pack,Always Discreet Incontinence...20 per pack,£2.75,13.8p each,Buy 2 for £5,baby-toddler
Always Discreet Underwear Incontinence Pants Normal Large 10 pack,Always Discreet Underwear I...10 per pack,£9,90p each,,baby-toddler
Always Discreet Underwear Incontinence Pants Normal Medium 12 pack,Always Discreet Underwear I...12 per pack,£9,75p each,,baby-toddler
Always Discreet Underwear Incontinence Pants Plus Large 8 pack,Always Discreet Underwear Incontine...8 per pack,£9,£1.13 each,,baby-toddler
Always Discreet Underwear Incontinence Pants Plus M 9 pack,Always Discreet Underwear Inconti...9 per pack,£9,£1.00 each,,baby-toddler
Always Sensitive Normal Ultra (Size 1) Sanitary Towels Wings 14 pads,Always Sensitive Normal Ultra (Size 1)...14 per pack,£1,7.1p each,,baby-toddler
Always Ultra Normal (Size 1) Sanitary Towels Wings 26 pads,Always Ultra Normal (Size 1) Sani...2 x 13 per pack,£3.40,13.1p each,Buy 2 for £5.50,baby-toddler
Angelcare Nappy Disposal Bin System,Angelcare Nappy Disposal Bin System,£20,£20.00 each,,baby-toddler
Angelcare Refill Cassettes,Angelcare Refill Cassettes3 per pack,£20,£6.67 each,,baby-toddler
"Angelcare Refill Cassettes, Multipack","Angelcare Refill Cassettes, Multipack6 per pack",£30,£5.00 each,,baby-toddler
"Angelcare Soft Touch Baby Bath Support, Aqua","Angelcare Soft Touch Baby Bath Support, Aqua",£28,£28.00 each,,baby-toddler
"Annabel Karmel Chicken,Tomato & Mascarpone Pasta ","Annabel Karmel Chicken,Toma...200g",£1.79,89.5p per 100g,"Offer price £1.79, was £2",baby-toddler
Annabel Karmel Scrummy Cottage Pie with Hidden Veggies ,Annabel Karmel Scrummy Cottage...200g,£1.79,£8.95 per kg,"Offer price £1.79, was £2",baby-toddler
Annabel Karmel Tasty Spaghetti Bolognese with Hidden Veggies ,Annabel Karmel Tasty Spaghetti Bolo...200g,£1.79,£8.95 per kg,"Offer price £1.79, was £2",baby-toddler
Aptamil 1 First Baby Milk Formula From Birth,Aptamil 1 First Baby Milk Formula From Birth1L,£5.25,52.5p per 100ml,,baby-toddler
Aptamil 1 First Baby Milk Formula From Birth ,Aptamil 1 First Baby Milk Formula From Birth 800g,£14.50,£1.81 per 100g,,baby-toddler
Aptamil 1 First Baby Milk Formula Starter Pack From Birth,Aptamil 1 First Baby Milk Formula...6 x 70ml,£9,£2.14 per 100ml,,baby-toddler
Aptamil 1 First Infant Milk Ready To Feed ,Aptamil 1 First Infant Milk Ready To Feed 200ml,£1.20,60p per 100ml,,baby-toddler
Aptamil 2 Follow On Baby Milk Formula  ,Aptamil 2 Follow On Baby Milk Formula  800g,£14.50,£1.81 per 100g,,baby-toddler
Aptamil 2 Follow On Milk Ready to Feed ,Aptamil 2 Follow On Milk Ready to Feed 200ml,£1.20,60p per 100ml,,baby-toddler
Aptamil 6-12 Months Follow On Milk Bag-In-Box,Aptamil 6-12 Months Follo...1.2kg,£16,£1.33 per 100g,,baby-toddler
Aptamil Advanced 1 From Birth First Infant Milk Formula,Aptamil Advanced 1 From Birth F...800g,£19,£2.38 per 100g,,baby-toddler
Aptamil Advanced 2 6-12 Months Follow On Milk Formula,Aptamil Advanced 2 6-12 Month...800ml,£19,£2.38 per 100ml,,baby-toddler
Aptamil Advanced 3 1-3 Years Toddler Milk Formula,Aptamil Advanced 3 1-3 Year...800g,£19,£2.38 per 100g,,baby-toddler
Aptamil Anti - Reflux Baby Formula From Birth,Aptamil Anti - Reflux Baby Formula From Birth800g,£18,£2.25 per 100g,,baby-toddler
Aptamil Apple & Plum Muesli ,Aptamil Apple & Plum Muesli 275g,£3.80,£1.38 per 100g,,baby-toddler
Aptamil Comfort Baby Milk Formula From Birth ,Aptamil Comfort Baby Milk Formula From Birth 800g,£18,£2.25 per 100g,,baby-toddler
Aptamil Creamed Banana Porridge,Aptamil Creamed Banana Porridge125g,£3,£2.40 per 100g,,baby-toddler
 Aptamil Creamed Porridge Cereals , Aptamil Creamed Porridge Cereals 125g,£3,£2.40 per 100g,,baby-toddler
Aptamil Growing Up Milk,Aptamil Growing Up Milk15 x 200ml,£11.09,37p per 100ml,,baby-toddler
Aptamil Hungry Baby Milk Formula From Birth ,Aptamil Hungry Baby Milk Formula From Birth 800g,£14.50,£1.81 per 100g,,baby-toddler
 Aptamil Multigrain Banana & Berry Cereals, Aptamil Multigrain Banana & Berry Cereals200g,£3.75,£1.88 per 100g,,baby-toddler
Aptamil Multigrain Cereals,Aptamil Multigrain Cereals200g,£3.75,£1.88 per 100g,,baby-toddler
Aptamil Organic 1 0-6 Months Infant Milk,Aptamil Organic 1 0-6 Months Infant Milk200ml,£1.05,52.5p per 100ml,,baby-toddler
Aptamil Organic Baby Rice,Aptamil Organic Baby Rice100g,£2.50,£2.50 per 100g,,baby-toddler
Aptamil Organic Banana & Strawberry Porridge 6 Months+ ,Aptamil Organic Banana & Strawb...180g,£3.75,£2.08 per 100g,,baby-toddler
Aptamil Organic First Infant Milk,Aptamil Organic First Infant Milk800g,£15.75,£1.97 per 100g,,baby-toddler
Aptamil Organic Follow On Milk,Aptamil Organic Follow On Milk800g,£15.75,£1.97 per 100g,,baby-toddler
Aptamil Organic Growing Up Milk,Aptamil Organic Growing Up Milk800g,£15.75,£1.97 per 100g,,baby-toddler
Aptamil Organic Seven Grain Cereal 7 Months+ ,Aptamil Organic Seven Grain Cereal 7 Months+ 180g,£3.50,£1.94 per 100g,,baby-toddler
Aptamil Pre-Measured Tabs 1 First Infant Milk 24 Sachets ,Aptamil Pre-Measured Tabs 1 First...552g,£14.50,£2.63 per 100g,,baby-toddler
Aptamil Pre-Measured Tabs 2 Follow On Milk 6-12 Months 24 Sachets,Aptamil Pre-Measured Tabs 2 Follow On...576g,£14.50,£2.52 per 100g,,baby-toddler
Aptamil ProFutura 1 First Baby Milk Formula From Birth,Aptamil ProFutura 1 First Baby...200ml,£1.45,72.5p per 100ml,,baby-toddler
Aptamil ProFutura 2 Follow On Baby Milk Formula,Aptamil ProFutura 2 Follo...200ml,£1.45,72.5p per 100ml,,baby-toddler
Aptamil Profutura First Infant Milk Starter Pack  ,Aptamil Profutura First Infant Milk Starter Pack  6 x 70ml,£12,£2.86 per 100ml,,baby-toddler
Aptamil Ready To Drink 2 6-12 Months Follow On Milk ,Aptamil Ready To Drink 2 6-12...6 x 200ml,£6.75,56.3p per 100ml,,baby-toddler
Aptamil Ready To Feed 1 From Birth First Infant Milk,Aptamil Ready To Feed 1 From Birth First Infant Milk6 x 200ml,£6.75,56.3p per 100ml,,baby-toddler
Aptamil Toddler Milk ,Aptamil Toddler Milk 800g,£14.50,£1.81 per 100g,,baby-toddler
 Aptamil Toddler Milk 1-2 Yrs, Aptamil Toddler Milk 1-2 Yrs200ml,£1.05,52.5p per 100ml,,baby-toddler
Aptamil Toddler Milk 1 Yr ,Aptamil Toddler Milk 1 Yr 1L,£4.25,42.5p per 100ml,,baby-toddler
Aptamil Toddler Milk 3 1-2 Years,Aptamil Toddler Milk 3 1-2 Years800g,£14.50,£1.81 per 100g,,baby-toddler
"Aquafresh Baby Toothpaste Milk Teeth 0-2 Years,",Aquafresh Baby Toothpaste...50ml,£1.70,£3.40 per 100ml,,baby-toddler
Aquafresh Kids Big Teeth Mouthwash Fruity Flavour 6-8 Years,Aquafresh Kids Big Teeth Mouthwas...300ml,£1.20,40p per 100ml,"Offer price £1.20, was £2",baby-toddler
Aquafresh Kids Big Teeth Toothbrush 6-8 Years,Aquafresh Kids Big Teeth Toothbrush 6-8 Years,£1.50,,"Offer price £1.50, was £2",baby-toddler
Aquafresh Little Teeth 3-5 years Soft Bristles Kids Toothbrush,Aquafresh Little Teeth 3-5 years So...,£1.50,,"Offer price £1.50, was £2",baby-toddler
Ashton & Parsons Teething Gel 3+ Months 10Ml,Ashton & Parsons Teethi...10ml,£5.75,£57.50 per 100ml,,baby-toddler
Ashton & Parsons Teething Powders For Teething Pain Relief ,Ashton & Parsons Teething Powders...20 per pack,£6,30p each,,baby-toddler
Aveeno Baby Bath & Wash ,Aveeno Baby Bath & Wash 400ml,£5,£1.25 per 100ml,,baby-toddler
Aveeno Baby Daily Care 2-In-1,Aveeno Baby Daily Care 2-In-1250ml,£4.30,£1.72 per 100ml,,baby-toddler
Aveeno Baby Daily Care Baby Wipes,Aveeno Baby Daily Care Baby Wipes72 per pack,£1.60,2.2p each,,baby-toddler
Aveeno Baby Daily Lotion ,Aveeno Baby Daily Lotion 150ml,£4.30,£2.87 per 100ml,,baby-toddler
Aveeno Baby Dermexa Cream,Aveeno Baby Dermexa Cream150ml,£6,40p per 10ml,,baby-toddler
Aveeno Baby Emolient Wash,Aveeno Baby Emolient Wash250ml,£5,£2.00 per 100ml,,baby-toddler
Aveeno Baby Hair & Body Wash,Aveeno Baby Hair & Body Wash250ml,£4.30,£1.72 per 100ml,,baby-toddler
Aveeno Baby Hair & Body Wash,Aveeno Baby Hair & Body Wash400ml,£6,£1.50 per 100ml,,baby-toddler
Aveeno Baby Moisturising Lotion,Aveeno Baby Moisturising Lotion250ml,£6,£2.40 per 100ml,,baby-toddler
Aveeno Baby Soothing Cream ,Aveeno Baby Soothing Cream 150ml,£5,£3.33 per 100ml,,baby-toddler
Baby Mild All-One Magic Soap,Baby Mild All-One Magic Soap945ml,£20.49,£2.17 per 100ml,,baby-toddler
Bambino Mio Reusable Nappy,Bambino Mio Reusable Nappy,£10,,"Offer price £10, was £14",baby-toddler
Bassetts 3-6 Multi Vitamins & Omega 3 Blackcurrant & Apple,Bassetts 3-6 Multi Vitamins & Ome...30 per pack,£5.75,19.2p each,,baby-toddler
Bassetts 3-6 Multivitamin Strawberry ,Bassetts 3-6 Multivitamin Strawberry 30 per pack,£4.49,15p each,,baby-toddler
Bassetts 7-11 Multivitamin Raspberry,Bassetts 7-11 Multivitamin Raspberry30 per pack,£5.75,19.2p each,,baby-toddler
BEAR Paws Mango & Carrot +12 Months,BEAR Paws Mango & Carrot +12 Months5 x 20g,£2.50,25p per 10g,Buy 2 for £4.50,baby-toddler
Bear Paws Pure Fruit & Veg Mango Carrot 12+ Months,Bear Paws Pure Fruit & Veg...20g,55p,£2.75 per 100g,,baby-toddler
BEAR Paws Raspberry & Blueberry +12 Months,BEAR Paws Raspberry & Blueberry +12 Months5 x 20g,£2.50,£2.50 per 100g,Buy 2 for £4.50,baby-toddler
BEAR Paws Raspberry & Blueberry +12 Months,BEAR Paws Raspberry & Blueberry +12 Months20g,60p,£3.00 per 100g,,baby-toddler
BEAR Paws Strawberry & Apple +12 Months,BEAR Paws Strawberry & Apple +12 Months5 x 20g,£2.50,£2.50 per 100g,Buy 2 for £4.50,baby-toddler
BEAR Paws Strawberry & Apple +12 Months,BEAR Paws Strawberry & Apple +12 Months20g,60p,£3.00 per 100g,,baby-toddler
Benylin Childrens Cough Syrup Apple,Benylin Childrens Cough Syrup Apple125ml,£4,£3.20 per 100ml,,baby-toddler
Bepanthen Nappy Care Ointment,Bepanthen Nappy Care Ointment30g,£3.30,£11.00 per 100g,,baby-toddler
Bepanthen Nappy Care Ointment,Bepanthen Nappy Care Ointment100g,£7.50,£7.50 per 100g,,baby-toddler
Bickiepegs Finger Toothbrush & Gum Massager,Bickiepegs Finger Tooth...2 per pack,£4.25,£2.13 each,,baby-toddler
Bio-Oil Skincare Oil  Helps Improve the Appearance of Scars & Stretch Marks,Bio-Oil Skincare Oil  Helps Improve the Appea...60ml,£10,£16.67 per 100ml,,baby-toddler
Bodyform So Slim Panty Liners,Bodyform So Slim Panty Liners34 per pack,£1.55,4.6p each,,baby-toddler
Bodyform Ultra Long Sanitary Towels with wings,Bodyform Ultra Long Sanit...12 per pack,£1,8.3p each,"Offer price £1, was £1.55",baby-toddler
Bodyform Ultra Normal Sanitary Towels with wings,Bodyform Ultra Normal Sanit...14 per pack,£1,7.2p each,"Offer price £1, was £1.55",baby-toddler
Bonjela Junior Oral Gel,Bonjela Junior Oral Gel15g,£4,£26.67 per 100g,,baby-toddler
Bonjela Soothing Teething Gel,Bonjela Soothing Teething Gel15ml,£4,£26.67 per 100ml,,baby-toddler
Bonjela Soothing Teething Gel ,Bonjela Soothing Teething Gel 15ml,£3.60,£2.40 per 10ml,,baby-toddler
Brica Baby - In Sight Mirror,Brica Baby - In Sight Mirror,£9.99,,,baby-toddler
Brica Dual Sight Mirror,Brica Dual Sight Mirror,£4.99,,,baby-toddler
Brush-Baby Baby Sonic Electric Toothbrush 0-3 Years,Brush-Baby Baby Sonic Electri...,£10,,,baby-toddler
Brush-Baby Dental Wipes 0-16 Months,Brush-Baby Dental Wipes 0-16 Months,£5,,,baby-toddler
Brush-Baby My First Brush And Teether Set 0-18 Months,Brush-Baby My First Brush And...,£6.75,,,baby-toddler
Brush-Baby Soft Chewable Toothbrush 10-36 Months,Brush-Baby Soft Chewable To...,£5.50,,,baby-toddler
Calcough Childrens Syrup  Blackcurrant,Calcough Childrens Syrup  Blackcurrant125ml,£4.50,£3.60 per 100ml,,baby-toddler
Calpol 2+ Months Infant Strawberry Liquid Paracetamol,Calpol 2+ Months Infant Straw...100ml,£3.50,£3.50 per 100ml,,baby-toddler
Calpol 6+ Sugar Free Strawberry Liquid Paracetamol,Calpol 6+ Sugar Free Strawb...80ml,£3.50,£4.38 per 100ml,,baby-toddler
Calpol 6+ Years Sugar Free Strawberry Fastmelts Paracetamol,Calpol 6+ Years Sugar Free Strawb...12 per pack,£4,33.3p each,,baby-toddler
Calpol 6+ Years Sugar Free Strawberry Paracetamol Sachets,Calpol 6+ Years Sugar Free Strawb...12 x 5ml,£4,£6.67 per 100ml,,baby-toddler
Calpol Infant 2+ Months Sugar Free Strawberry Liquid,Calpol Infant 2+ Months Sugar...100ml,£3.50,£3.50 per 100ml,,baby-toddler
Calpol Infant Sugar Free Colour Free Strawberry Liquid +2 Months,Calpol Infant Sugar Free Colour Free...100ml,£3.50,£3.50 per 100ml,,baby-toddler
Calpol Nasal Drops      ,Calpol Nasal Drops      10ml,£3.50,£35.00 per 100ml,,baby-toddler
Calpol Saline Nasal Spray,Calpol Saline Nasal Spray15ml,£4.25,£28.33 per 100ml,,baby-toddler
Calpol Sugar Free Infant Sachets,Calpol Sugar Free Infant Sachets12 x 5ml,£4,£6.67 per 100ml,,baby-toddler
Calpol Vapour Plug Refill Pads,Calpol Vapour Plug Refill Pads5 per pack,£7,£1.40 each,,baby-toddler
Care Colactase Lactase Infant Drops ,Care Colactase Lactase Infant Drops 10ml,£10.50,£105.00 per 100ml,,baby-toddler
Carefree Breathable Pantyliners with Aloe,Carefree Breathable Pantyliners with Aloe20 per pack,85p,4.3p each,,baby-toddler
Carefree Cotton Breathable Pantyliners,Carefree Cotton Breathable Pantyliners20 per pack,85p,4.3p each,,baby-toddler
Carefree Cotton Fresh Scented Breathable Pantyliners,Carefree Cotton Fresh Scented...20 per pack,85p,4.3p each,,baby-toddler
Cerelac Honey    Key Stage 4      ,Cerelac Honey    Key Stage 4      400g,£4.20,£1.05 per 100g,,baby-toddler
Cerelac Mixed Fruits & Wheat Cereal,Cerelac Mixed Fruits & Wheat Cereal400g,£4.20,£1.05 per 100g,,baby-toddler
Cerelac Wheat Cereal,Cerelac Wheat Cereal400g,£4.20,£1.05 per 100g,,baby-toddler
Childs Farm 3 In 1 Swim Strawberry & Organic Mint,Childs Farm 3 In 1 Swim Strawberry & Organic Mint250ml,£4.25,£1.70 per 100ml,,baby-toddler
Childs Farm Baby Bedtime Bubbles Organic Tangerine,Childs Farm Baby Bedtime Bu...250ml,£4.25,£1.70 per 100ml,,baby-toddler
 Childs Farm Baby Bedtime Pillow Spray Organic Tangerine, Childs Farm Baby Bedtime Pillo...100ml,£8,£8.00 per 100ml,,baby-toddler
 Childs Farm Baby Moisturiser Mildly Fragranced, Childs Farm Baby Moistur...250ml,£4.25,£1.70 per 100ml,,baby-toddler
Childs Farm Baby Oaty Bubbles,Childs Farm Baby Oaty Bubbles250ml,£4.25,£1.70 per 100ml,,baby-toddler
Childs Farm Baby Shampoo ,Childs Farm Baby Shampoo 250ml,£4.25,£1.70 per 100ml,,baby-toddler
 Childs Farm Baby Wash Unfragranced, Childs Farm Baby Wash Unfragranced250ml,£4.25,£1.70 per 100ml,,baby-toddler
Childs Farm Blackberry & Organic Apple Hair & Body Wash ,Childs Farm Blackberry & Organi...250ml,£4.25,£1.70 per 100ml,,baby-toddler
Childs Farm Bubble Bath Organic Tangerine,Childs Farm Bubble Bath Organic Tangerine250ml,£4.25,£1.70 per 100ml,,baby-toddler
Childs Farm Conditioner Strawberry & Organic Mint,Childs Farm Conditioner Strawberry & Organic Mint250ml,£4.25,£1.70 per 100ml,,baby-toddler
Childs Farm Hair & Body Wash Watermelon & Organic Pineapple ,Childs Farm Hair & Body Wash Waterm...250ml,£4.25,£1.70 per 100ml,,baby-toddler
Childs Farm Moisturiser Unfragranced ,Childs Farm Moisturiser Unfragranced 250ml,£4.25,£1.70 per 100ml,,baby-toddler
Childs Farm Nappy Cream,Childs Farm Nappy Cream100ml,£4.25,£4.25 per 100ml,,baby-toddler
Childs Farm Organic Raspberry Extract Bubble Bath,Childs Farm Organic Raspber...250ml,£4.25,£1.70 per 100ml,,baby-toddler
Childs Farm Organic Rhubarb & Custard,Childs Farm Organic Rhubarb & Custard250ml,£4.25,£1.70 per 100ml,,baby-toddler
Childs Farm Organic Sweet Orange Hair & Body Wash,Childs Farm Organic Sweet O...250ml,£4.25,£1.70 per 100ml,,baby-toddler
Childs Farm Strawberry & Organic Mint Shampoo,Childs Farm Strawberry & Organic Mint Shampoo250ml,£4.25,£1.70 per 100ml,,baby-toddler
Colgate Kids Barbie Extra Soft Battery Toothbrush 3+ Years,Colgate Kids Barbie Extra Soft Ba...,£4,,"Offer price £4, was £8",baby-toddler
Colgate Maximum Cavity Protection Kids Toothpaste 3+ Years ,Colgate Maximum Cavity Protection...50ml,£2,£4.00 per 100ml,,baby-toddler
Cow & Gate 1 First Baby Milk Formula From Birth,Cow & Gate 1 First Baby Milk Formula From Birth800g,£10.50,£1.31 per 100g,,baby-toddler
Cow & Gate 1 First Baby Milk Formula Starter Pack From Birth,Cow & Gate 1 First Baby Milk Formul...6 x 70ml,£7.50,£1.79 per 100ml,,baby-toddler
Cow & Gate 2 Follow On Baby Milk Formula,Cow & Gate 2 Follow On Baby Milk Formula800g,£10.50,£1.31 per 100g,,baby-toddler
Cow & Gate 3 Growing Up Milk Formula,Cow & Gate 3 Growing Up Milk Formula800g,£10.50,£1.31 per 100g,,baby-toddler
Cow & Gate 3 Growing Up Milk Formula Multipack,Cow & Gate 3 Growing Up Milk Formula Multipack15 x 200ml,£8.55,28.5p per 100ml,,baby-toddler
Cow & Gate Anti-Reflux Baby Milk Formula From Birth,Cow & Gate Anti-Reflux Baby M...800g,£14,£1.75 per 100g,,baby-toddler
Cow & Gate Baby Rice From 4 - 6M Onwards ,Cow & Gate Baby Rice From 4 - 6M Onwards 100g,£2.10,£2.10 per 100g,,baby-toddler
Cow & Gate Banana Porridge From 4 - 6M Onwards ,Cow & Gate Banana Porridg...125g,£2.40,19.2p per 10g,,baby-toddler
Cow & Gate Banana Wholegrain Porridge With Buckwheat From 7M Onwards,Cow & Gate Banana Wholegrain...200g,£2.75,£1.38 per 100g,,baby-toddler
Cow & Gate Berry Multigrain Porridge With Oat & Rye 4-6M Onwards,Cow & Gate Berry Multigrain Porridge...125g,£2.25,18p per 10g,,baby-toddler
Cow & Gate Comfort Baby Milk Formula From Birth,Cow & Gate Comfort Baby Milk Formula From Birth800g,£14,£1.75 per 100g,,baby-toddler
Cow & Gate Creamy Porridge From 4 - 6M Onwards ,Cow & Gate Creamy Porridg...125g,£2.40,£1.92 per 100g,,baby-toddler
Cow & Gate First Infant Milk,Cow & Gate First Infant Milk2 x 600g,£12.50,£1.04 per 100g,,baby-toddler
Cow & Gate First Infant Milk From Birth ,Cow & Gate First Infant Milk From Birth 1L,£4.30,43p per 100ml,,baby-toddler
 Cow & Gate First Infant Milk From Birth Ready To Feed , Cow & Gate First Infant Milk F...200ml,£1,50p per 100ml,,baby-toddler
Cow & Gate Follow On Milk,Cow & Gate Follow On Milk2 x 600g,£12.50,£1.04 per 100g,,baby-toddler
Cow & Gate Follow On Milk From 6-12 Months Ready To Feed,Cow & Gate Follow On Milk From...200ml,£1,50p per 100ml,,baby-toddler
Cow & Gate Fruity Porridge From 4 - 6M Onwards ,Cow & Gate Fruity Porridg...125g,£2.40,£1.92 per 100g,,baby-toddler
Cow & Gate Growing Up Milk From 2-3 Years ,Cow & Gate Growing Up Milk From 2-3 Years 800g,£10.50,£1.31 per 100g,,baby-toddler
 Cow & Gate Hungry Infant Milk From Birth , Cow & Gate Hungry Infant Milk From Birth 800g,£10.50,£1.31 per 100g,,baby-toddler
Cow & Gate My First Muesli Baby Cereal,Cow & Gate My First Muesli Baby Cereal330g,£2.79,84.5p per 100g,,baby-toddler
Cow & Gate Ready To Use 1 First Infant Milk From Birth,Cow & Gate Ready To Use 1 First...6 x 200ml,£5.75,47.9p per 100ml,,baby-toddler
Cow & Gate Ready To Use 2 Follow On Milk From 6 Months,Cow & Gate Ready To Use 2 Follo...6 x 200ml,£5.75,47.9p per 100ml,,baby-toddler
 Cow & Gate Red Berry Wholegrain Porridge With Spelt From 7M Onwards , Cow & Gate Red Berry Wholegrain Porridge...200g,£2.75,£1.38 per 100g,,baby-toddler
Cow & Gate Toddler Milk 1-3 Years ,Cow & Gate Toddler Milk 1-3 Years 1L,£3.40,34p per 100ml,,baby-toddler
 Cow & Gate Toddler Milk 1-3 Years, Cow & Gate Toddler Milk 1-3 Years200ml,90p,45p per 100ml,,baby-toddler
Dentinox Cradle Cap Shampoo ,Dentinox Cradle Cap Shampoo 125ml,£4,£3.20 per 100ml,,baby-toddler
Dr. Bronner's Unscented Organic Baby Soap Bar ,Dr. Bronner's Unscented Organic Baby Soap Bar 140g,£5.35,£3.82 per 100g,,baby-toddler
Dr. Bronner's Unscented Organic Baby Sugar Pump Soap ,Dr. Bronner's Unscented Organ...355ml,£11.50,£3.24 per 100ml,,baby-toddler
Elastoplast Disney Frozen Plasters,Elastoplast Disney Frozen Plasters,£3,,,baby-toddler
Ella's Kitchen 2 Weaning Spoons,Ella's Kitchen 2 Weaning Spoons,£3.50,,,baby-toddler
Ella's Kitchen 7 Mths+ Organic Rice Pudding with Mangoes & Apples,Ella's Kitchen 7 Mths+ Organic Rice P...80g,£1.60,£2.00 per 100g,,baby-toddler
" Ella's Kitchen Apple, Sweet Potato & Peppers 4+ Months"," Ella's Kitchen Apple, Sweet Po...120g",£1.30,£1.08 per 100g,Buy 5 for £6,baby-toddler
Ella's Kitchen Apple and Ginger Baby Biscuits Multipack Snack 10+ Months,Ella's Kitchen Apple and Ginger...108g,£2.25,£2.08 per 100g,,baby-toddler
Ella's Kitchen Apples 4+ Months,Ella's Kitchen Apples 4+ Months70g,99p,£1.41 per 100g,Buy 6 for £5.50,baby-toddler
"Ella's Kitchen Banana, Apple and Bluberry Baby Rice Baby Pouch 4+ Months","Ella's Kitchen Banana, Apple an...120g",£1.30,£1.08 per 100g,Buy 5 for £6,baby-toddler
Ella's Kitchen Banana and Cinnamon Dry Museli Baby Breakfast 10+ Months,Ella's Kitchen Banana and Cin...215g,£2.70,£1.26 per 100g,,baby-toddler
Ella's Kitchen Banana and Vanilla Bread Pudding Baby Dessert Pot 7+ Months,Ella's Kitchen Banana and Vanil...320g,£2.25,70.3p per 100g,,baby-toddler
Ella's Kitchen Bananas 4+ Months,Ella's Kitchen Bananas 4+ Months70g,99p,£1.41 per 100g,Buy 6 for £5.50,baby-toddler
Ella's Kitchen Beef Stew With Spuds 7+ Months,Ella's Kitchen Beef Stew With Spuds 7+ Months130g,£1.70,£1.31 per 100g,Buy 4 for £6,baby-toddler
"Ella's Kitchen Bluberries, Apples, Bananas and Vanilla Baby Pouch 4+ Months","Ella's Kitchen Bluberries, Appl...120g",£1.30,£1.08 per 100g,Buy 5 for £6,baby-toddler
"Ella's Kitchen Butternut Squash, Carrots, Apples and Prunes Pouch 4+ Months",Ella's Kitchen Butternut Squash...120g,£1.30,£1.08 per 100g,Buy 5 for £6,baby-toddler
Ella's Kitchen Cheese+Pickle Flavour Butterfly Pops 12+ Months ,Ella's Kitchen Cheese+Pickle Flavour...5 x 12g,£2.75,45.8p per 10g,Buy 2 for £4.50,baby-toddler
"Ella's Kitchen Cheese, Tomato & Basil Mini Puffs","Ella's Kitchen Cheese, Tomato & Basil Mini Puffs32g",£2.25,70.3p per 10g,,baby-toddler
 Ella's Kitchen Cheesy Pie With Veggies 7+ Months, Ella's Kitchen Cheesy Pie With Veggies 7+ Months130g,£1.70,£1.31 per 100g,Buy 4 for £6,baby-toddler
Ella's Kitchen Cherry Pie Butterfly Pops 12+ Months,Ella's Kitchen Cherry Pie Butterfly Pops 12+ Months5 x 12g,£2.75,45.8p per 10g,Buy 2 for £4.50,baby-toddler
Ella's Kitchen Chicken & Veg With Sweetcorn Mash 7+ Months,Ella's Kitchen Chicken & Veg With...130g,£1.70,£1.31 per 100g,Buy 4 for £6,baby-toddler
Ella's Kitchen Chicken Casserole With Rice 7+ Months,Ella's Kitchen Chicken Casser...130g,£1.70,£1.31 per 100g,Buy 4 for £6,baby-toddler
 Ella's Kitchen Cottage Pie With Cinnamon 7+ Months, Ella's Kitchen Cottage Pie W...130g,£1.70,£1.31 per 100g,Buy 4 for £6,baby-toddler
Ella's Kitchen Dairy Free Coconut Milk Banana & Apple Yogurt 6+ Months,Ella's Kitchen Dairy Free Coconut Milk Ba...90g,£1.10,£1.22 per 100g,Buy 6 for £5.50,baby-toddler
 Ella's Kitchen Dairy Free Organic Coconut Milk Pear & Fig 6M+ Stage 1, Ella's Kitchen Dairy Free Organic Coconu...100g,£1.40,£1.40 per 100g,Buy 4 for £5,baby-toddler
Ella's Kitchen Dairy Free Rice Pudding Banana & Strawberry 7+ Months,Ella's Kitchen Dairy Free Rice Pudding...80g,£1.70,£2.13 per 100g,Buy 4 for £6,baby-toddler
Ella's Kitchen Groovy Greens Veggie Risotto With Cheese,Ella's Kitchen Groovy Greens Ve...130g,£1.70,£1.31 per 100g,Buy 4 for £6,baby-toddler
 Ella's Kitchen Mangoes 4+ Months, Ella's Kitchen Mangoes 4+ Months70g,99p,£1.41 per 100g,Buy 6 for £5.50,baby-toddler
Ella's Kitchen Mild Chilli Con Carne From 7 Months,Ella's Kitchen Mild Chilli Con Carne From 7 Months320g,£1.70,53.1p per 100g,Buy 4 for £6,baby-toddler
 Ella's Kitchen Mixed Herb Munchy Fingers With Chickpeas 9+ Months, Ella's Kitchen Mixed Herb Munchy Finge...48g,£2.25,£4.69 per 100g,,baby-toddler
Ella's Kitchen Mushroom Stroganoff Stage 2,Ella's Kitchen Mushroom Stroganoff Stage 2130g,£1.70,13.1p per 10g,Buy 4 for £6,baby-toddler
Ella's Kitchen Organic Apple and Cinnamon Crumble Baby Dessert Pot 7+Months,Ella's Kitchen Organic Apple an...320g,£2.25,70.3p per 100g,,baby-toddler
"Ella's Kitchen Organic Apples, Carrots and Parsnips Baby Pouch 4+ Months",Ella's Kitchen Organic Apples...120g,£1.30,£1.08 per 100g,Buy 5 for £6,baby-toddler
Ella's Kitchen Organic Apricot and Banana Baby Rice Baby Pouch 4+ Months,Ella's Kitchen Organic Apricot...120g,£1.30,£1.08 per 100g,Buy 5 for £6,baby-toddler
Ella's Kitchen Organic Banana & Poppy Seed Overnight Oats,Ella's Kitchen Organic Banana & P...130g,£1.50,£1.15 per 100g,,baby-toddler
Ella's Kitchen Organic Banana Baby Brekkie Pouch 6+ Months,Ella's Kitchen Organic Banana Bab...100g,£1.40,£1.40 per 100g,Buy 4 for £5,baby-toddler
Ella's Kitchen Organic Bananas and Apples Baby Pouch 4+ Months,Ella's Kitchen Organic Bananas and...120g,£1.30,£1.08 per 100g,Buy 5 for £6,baby-toddler
Ella's Kitchen Organic Bananas and Coconuts Baby Pouch 4+ Months ,Ella's Kitchen Organic Bananas and Co...120g,£1.30,£1.08 per 100g,Buy 5 for £6,baby-toddler
Ella's Kitchen Organic Bangers and Mash Baby Pouch 7+ Months,Ella's Kitchen Organic Bangers and...130g,£1.70,£1.31 per 100g,Buy 4 for £6,baby-toddler
Ella's Kitchen Organic Beef Stew with Potatoes Baby Pouch 10+ Months,Ella's Kitchen Organic Beef Stew with P...190g,£2.10,£1.11 per 100g,,baby-toddler
Ella's Kitchen Organic Berry Greek Style Yoghurt Baby Pouch 6+ Months,Ella's Kitchen Organic Berry Greek Style...90g,£1.19,£1.32 per 100g,Buy 6 for £5.50,baby-toddler
Ella's Kitchen Organic Blueberry and Pear Baby Brekkie Pouch 6+ Months,Ella's Kitchen Organic Blueberry and Pear...100g,£1.40,£1.40 per 100g,Buy 4 for £5,baby-toddler
Ella's Kitchen Organic Carribbean Chicken Baby Pouch 10+ Months,Ella's Kitchen Organic Carribbean Chi...190g,£2.10,£1.11 per 100g,,baby-toddler
Ella's Kitchen Organic Carrot & Raisin Overnight Oats,Ella's Kitchen Organic Carrot...130g,£1.50,£1.15 per 100g,,baby-toddler
"Ella's Kitchen Organic Carrots, Peas and Pears Baby Pouch 4+ Months","Ella's Kitchen Organic Carrots, Peas an...120g",£1.30,£1.08 per 100g,Buy 5 for £6,baby-toddler
Ella's Kitchen Organic Cheese and Apple Melty Sticks Baby Snack 7+ Months,Ella's Kitchen Organic Cheese a...16g,£1.20,75p per 10g,,baby-toddler
Ella's Kitchen Organic Cheesy Bean Pesto Dip,Ella's Kitchen Organic Cheesy Bean Pesto Dip120g,£1.60,£1.33 per 100g,,baby-toddler
Ella's Kitchen Organic Cheesy Pasta Baby Pouch 10+ Months,Ella's Kitchen Organic Cheesy Pas...190g,£2.10,£1.11 per 100g,,baby-toddler
Ella's Kitchen Organic Chicken and Noodles Baby Pouch 7+ Months,Ella's Kitchen Organic Chicken and No...130g,£1.70,£1.31 per 100g,Buy 4 for £6,baby-toddler
Ella's Kitchen Organic Chicken and Rice Casserole Baby Pouch 10+ Months,Ella's Kitchen Organic Chicke...190g,£2.10,£1.11 per 100g,,baby-toddler
Ella's Kitchen Organic Chicken Roast Dinner Baby Pouch 7+ Months,Ella's Kitchen Organic Chicken Roast...130g,£1.70,£1.31 per 100g,Buy 4 for £6,baby-toddler
Ella's Kitchen Organic Cottage Pie Baby Pouch 10+ Months,Ella's Kitchen Organic Cottage...190g,£2.10,£1.11 per 100g,,baby-toddler
Ella's Kitchen Organic Fish Pie Baby Pouch 7+ Months,Ella's Kitchen Organic Fish P...130g,£1.70,£1.31 per 100g,Buy 4 for £6,baby-toddler
Ella's Kitchen Organic Lamb Roast Dinner Baby Pouch 10+ Months,Ella's Kitchen Organic Lamb Roast D...190g,£2.10,£1.11 per 100g,,baby-toddler
Ella's Kitchen Organic Lamb Roast Dinner Baby Pouch 7+ Months,Ella's Kitchen Organic Lamb Roast D...130g,£1.70,£1.31 per 100g,Buy 4 for £6,baby-toddler
Ella's Kitchen Organic Lamb Tagine,Ella's Kitchen Organic Lamb Tagine130g,£1.60,£1.23 per 100g,Buy 4 for £6,baby-toddler
Ella's Kitchen Organic Mango Baby Brekkie Pouch 6+ Months,Ella's Kitchen Organic Mango Baby...100g,£1.40,£1.40 per 100g,Buy 4 for £5,baby-toddler
Ella's Kitchen Organic Mangoes Pears + Papayas 4+ Months,Ella's Kitchen Organic Mangoes...120g,£1.30,£1.08 per 100g,Buy 5 for £6,baby-toddler
Ella's Kitchen Organic Mango Greek Style Yoghurt Baby Pouch 6+ Months ,Ella's Kitchen Organic Mango...90g,£1,£1.11 per 100g,Buy 6 for £5.50,baby-toddler
Ella's Kitchen Organic Peach and Banana Melty Sticks Baby Snack 7+ Months,Ella's Kitchen Organic Peach an...16g,£1.20,75p per 10g,,baby-toddler
Ella's Kitchen Organic Peaches and Bananas Baby Pouch 4+ Months,Ella's Kitchen Organic Peaches and Ba...120g,£1.30,£1.08 per 100g,Buy 5 for £6,baby-toddler
Ella's Kitchen Organic Pear and Apple Baby Rice Baby Pouch 4+ Months,Ella's Kitchen Organic Pear and Apple B...120g,£1.30,£1.08 per 100g,Buy 5 for £6,baby-toddler
Ella's Kitchen Organic Pear and Peach Baby Rice Baby Pouch 4+ Months,Ella's Kitchen Organic Pear and Peach B...120g,£1.30,£1.08 per 100g,Buy 5 for £6,baby-toddler
"Ella's Kitchen Organic Pumpkin, Broccoli and Sweetcorn Baby Pouch 4+ Months",Ella's Kitchen Organic Pumpkin...120g,£1.30,£1.08 per 100g,Buy 5 for £6,baby-toddler
Ella's Kitchen Organic Spag Bol with a Sprinkle of Cheese 10+ Months,Ella's Kitchen Organic Spag Bol with a...190g,£2.10,£1.11 per 100g,,baby-toddler
Ella's Kitchen Organic Spinach Ricotta Pasta,Ella's Kitchen Organic Spinach Ricotta Pasta130g,£1.60,£1.23 per 100g,Buy 4 for £6,baby-toddler
Ella's Kitchen Organic Strawberries and Apples Baby Pouch 4+ Months,Ella's Kitchen Organic Strawberries and...120g,£1.30,£1.08 per 100g,Buy 5 for £6,baby-toddler
Ella's Kitchen Organic Strawberry Greek Style Yoghurt Baby Pouch 6+ Months,Ella's Kitchen Organic Strawber...90g,£1.19,£1.32 per 100g,Buy 6 for £5.50,baby-toddler
Ella's Kitchen Organic Sweetcorn & Paprika Munchy Fingers 9 months+,Ella's Kitchen Organic Swee...48g,£2.25,£4.69 per 100g,,baby-toddler
Ella's Kitchen Organic Sweet Potatoes First Tastes Baby Pouch 4+ Months,Ella's Kitchen Organic Sweet...70g,99p,£1.41 per 100g,,baby-toddler
Ella's Kitchen Organic Sweet Potato Falafel With Hummus,Ella's Kitchen Organic Sweet Po...100g,£1.40,£1.40 per 100g,Buy 4 for £5,baby-toddler
Ella's Kitchen Organic The Green One Smoothie Multipack Pouch 6+ Months ,Ella's Kitchen Organic The Gree...450g,£3.75,83.3p per 100g,,baby-toddler
Ella's Kitchen Organic The Orange One Smoothie Multipack Pouch 6+ Months,Ella's Kitchen Organic The Oran...5 x 90g,£3.75,83.3p per 100g,,baby-toddler
Ella's Kitchen Organic The Pink One Smoothie Multipack Pouch 6+ Months,Ella's Kitchen Organic The Pi...450g,£3.75,83.3p per 100g,,baby-toddler
Ella's Kitchen Organic The Purple One Smoothie Multipack Pouch 6+ Months,Ella's Kitchen Organic The Purp...450g,£3.75,83.3p per 100g,,baby-toddler
Ella's Kitchen Organic The Red One Smoothie Multipack Pouch 6+ Months,Ella's Kitchen Organic The Re...5 x 90g,£3.75,83.3p per 100g,,baby-toddler
Ella's Kitchen Organic The White One Smoothie Multipack Pouch 6+ Months,Ella's Kitchen Organic The Wh...360g,£3.75,£1.04 per 100g,,baby-toddler
Ella's Kitchen Organic Tomato & Basil Melty Sticks Baby Snack 7+ Months,Ella's Kitchen Organic Tomato...17g,£1.20,£7.06 per 100g,,baby-toddler
Ella's Kitchen Organic Tomato & Basil Oaty Biccies,Ella's Kitchen Organic Toma...5 x 20g,£2.75,£2.75 per 100g,Buy 2 for £4.50,baby-toddler
Ella's Kitchen Organic Tomato-y Pasta Baby Pouch 10+ Months,Ella's Kitchen Organic Tomato-y P...190g,£2.10,£1.11 per 100g,,baby-toddler
Ella's Kitchen Organic Tomato-y Pasta Baby Pouch 7+ Months,Ella's Kitchen Organic Tomato-y P...130g,£1.70,£1.31 per 100g,Buy 4 for £6,baby-toddler
Ella's Kitchen Organic Tomato and Leek Melty Puffs Baby Snack 6+ Months,Ella's Kitchen Organic Tomato...20g,80p,£4.00 per 100g,Buy 2 for £1.30,baby-toddler
Ella's Kitchen Organic Veggie Hummus Dip,Ella's Kitchen Organic Veggie Hummus Dip120g,£1.60,£1.33 per 100g,,baby-toddler
Ella's Kitchen Organic Veggie Lasagne Baby Pouch 7+ Months,Ella's Kitchen Organic Veggie Las...130g,£1.70,£1.31 per 100g,Buy 4 for £6,baby-toddler
 Ella's Kitchen Peaches 4+ Months, Ella's Kitchen Peaches 4+ Months70g,99p,£1.41 per 100g,Buy 6 for £5.50,baby-toddler
 Ella's Kitchen Pears & Broccoli 4+ Months, Ella's Kitchen Pears & Broccoli 4+ Months120g,£1.30,£1.08 per 100g,Buy 5 for £6,baby-toddler
Ella's Kitchen Pears 4+ Months,Ella's Kitchen Pears 4+ Months70g,99p,£1.41 per 100g,Buy 6 for £5.50,baby-toddler
"Ella's Kitchen Plums, Pears, Parsnips and Swedes Baby Pouch 4+ Months","Ella's Kitchen Plums, Pears...120g",£1.30,£1.08 per 100g,Buy 5 for £6,baby-toddler
Ella's Kitchen Prunes 4+ Months,Ella's Kitchen Prunes 4+ Months70g,99p,£1.41 per 100g,Buy 6 for £5.50,baby-toddler
Ella'S Kitchen Raspberry + Mango Puff Pops ,Ella'S Kitchen Raspberry + Mango Puff Pops 4 x 9g,£2.25,£6.25 per 100g,,baby-toddler
Ella's Kitchen Spag Bol 7+ Months,Ella's Kitchen Spag Bol 7+ Months130g,£1.70,£1.31 per 100g,Buy 4 for £6,baby-toddler
Ella's Kitchen Stage 1.5 Organic Pesto Pasta Chicken & Mushroom 100g,Ella's Kitchen Stage 1.5 Orga...100g,£1.40,£1.40 per 100g,Buy 4 for £5,baby-toddler
Ella's Kitchen Stage 1.5 Organic Veggie Dahl With Cauliflower,Ella's Kitchen Stage 1.5 Organic Ve...100g,£1.40,£1.40 per 100g,Buy 4 for £5,baby-toddler
Ella's Kitchen Stage 2 Organic Cracking Katsu Curry With Chicken,Ella's Kitchen Stage 2 Organic Cracki...130g,£1.70,£1.31 per 100g,Buy 4 for £6,baby-toddler
Ella's Kitchen Stage 2 Organic Punchy Pulled Pork With Bbq Sauce,Ella's Kitchen Stage 2 Organic Punchy...130g,£1.70,£1.31 per 100g,Buy 4 for £6,baby-toddler
Ella's Kitchen Stage 4 Organic Cheesy Veg Pasta,Ella's Kitchen Stage 4 Organic Cheesy Veg Pasta200g,£2,£1.00 per 100g,,baby-toddler
Ella's Kitchen Stage 4 Organic Pasta Bolognese With Red Peppers,Ella's Kitchen Stage 4 Organic Pasta...200g,£2,£1.00 per 100g,,baby-toddler
Ella's Kitchen Stage 4 Organic Veggie & Chicken Rice,Ella's Kitchen Stage 4 Organi...200g,£2,£1.00 per 100g,,baby-toddler
Ella's Kitchen Stage 4 Organic Veggie Quinoa Chilli,Ella's Kitchen Stage 4 Organi...200g,£2,£1.00 per 100g,,baby-toddler
"Ella's Kitchen Strawberries, Rhubarb and Apples Baby Pouch 4+ Months",Ella's Kitchen Strawberries...120g,£1.30,£1.08 per 100g,Buy 5 for £6,baby-toddler
Ella's Kitchen Strawberry & Banana Mini Puffs,Ella's Kitchen Strawberry & Banana Mini Puffs32g,£2.25,70.3p per 10g,,baby-toddler
Ella's Kitchen Strawberry and Banana Melty Puffs Baby Snack 6+ Months,Ella's Kitchen Strawberry and Banana Melt...20g,80p,£4.00 per 100g,Buy 2 for £1.30,baby-toddler
Ella's Kitchen Strawberry and Raspberry Dry Porridge Breakfast 7+ Months,Ella's Kitchen Strawberry and R...175g,£2.50,£1.43 per 100g,,baby-toddler
Ella's Kitchen Sweetcorn + Carrot Melty Sticks ,Ella's Kitchen Sweetcorn + Carrot Melty Sticks 4 x 6g,£2.25,£9.38 per 100g,,baby-toddler
 Ella's Kitchen Sweetcorn 4+ Months, Ella's Kitchen Sweetcorn 4+ Months70g,99p,£1.41 per 100g,Buy 6 for £5.50,baby-toddler
Ella's Kitchen Sweetcorn and Carrot Melty Sticks Baby Snack 7+ Months,Ella's Kitchen Sweetcorn and Carrot Melty...17g,£1.20,£7.06 per 100g,,baby-toddler
"Ella's Kitchen Sweet Potatoes, Broccoli and Carrots Baby Pouch 4+ Months",Ella's Kitchen Sweet Potatoes...120g,£1.30,£1.08 per 100g,Buy 5 for £6,baby-toddler
"Ella's Kitchen Sweet Potatoes, Pumpkin, Apples and Blueberries Baby Pouch",Ella's Kitchen Sweet Potatoes...120g,£1.30,£1.08 per 100g,Buy 5 for £6,baby-toddler
Ella's Kitchen Tomato + Basil Melty Sticks,Ella's Kitchen Tomato + Basil Melty Sticks4 x 6g,£2.25,£9.38 per 100g,,baby-toddler
Ella's Kitchen Vanilla and Banana Baby Biscuits Multipack Snack 10+ Months,Ella's Kitchen Vanilla and Bana...108g,£2.25,£2.08 per 100g,,baby-toddler
Ella's Kitchen Veggie Biryani Stage 2,Ella's Kitchen Veggie Biryani Stage 2130g,£1.70,13.1p per 10g,Buy 4 for £6,baby-toddler
Ella's Kitchen Veggie Feast With Basil ,Ella's Kitchen Veggie Feast With Basil 130g,£1.70,£1.31 per 100g,Buy 4 for £6,baby-toddler
Femfresh Intimate Hygiene Large Feminine Freshness Wipes,Femfresh Intimate Hygiene Large...25 per pack,£2.75,11p each,,baby-toddler
Femfresh Natural Balance Daily Intimate Wash,Femfresh Natural Balance Daily Intimate Wash250ml,£2.75,£1.10 per 100ml,,baby-toddler
Fenjal Classic Creme Bath Oil,Fenjal Classic Creme Bath Oil125ml,£8.49,£6.79 per 100ml,,baby-toddler
For Aisha Chicken & Sweet Potato Curry Baby Pouch 7m+ ,For Aisha Chicken & Sweet Potat...130g,£1.70,£1.31 per 100g,,baby-toddler
For Aisha Chicken & Sweet Potato Curry Tray Meal 10m+,For Aisha Chicken & Sweet Pot...190g,£1.85,97.4p per 100g,,baby-toddler
For Aisha Chicken Guisada Toddler Tray Meal 12m+ ,For Aisha Chicken Guisada T...230g,£2.30,£1.00 per 100g,,baby-toddler
For Aisha Fish & Coconut Curry Toddler Tray Meal 12m+ ,For Aisha Fish & Coconut Curry...230g,£2.30,£1.00 per 100g,,baby-toddler
For Aisha Green Bean & Lamb Curry Tray Meal 10m+,For Aisha Green Bean & Lamb...190g,£1.85,97.4p per 100g,,baby-toddler
For Aisha Jamaican Jerk Chicken Baby Pouch 7m+ ,For Aisha Jamaican Jerk Chicken Baby Pouch 7m+ 130g,£1.70,£1.31 per 100g,,baby-toddler
For Aisha Moroccan Chicken Tagine Baby Pouch 7m+ ,For Aisha Moroccan Chicken...130g,£1.70,£1.31 per 100g,,baby-toddler
For Aisha Roast Lamb Dinner with Vegetables Baby Pouch 7m+ ,For Aisha Roast Lamb Dinner with...130g,£1.70,£1.31 per 100g,,baby-toddler
Full Marks Solution         ,Full Marks Solution         100ml,£5.25,£5.25 per 100ml,,baby-toddler
Gigo Baby Care Pack,Gigo Baby Care Pack,£4.65,,,baby-toddler
Haberman Replacement Teat & Filter        ,Haberman Replacement Teat & Filter        ,£5.78,,,baby-toddler
Haliborange Kid's Calcium & Iron Orange Chewable Tablets 3yrs+ ,Haliborange Kid's Calcium & Iron Oran...30 per pack,£3.50,11.7p each,,baby-toddler
Haliborange Mr Happy Softies 30's Strawberry,Haliborange Mr Happy Softies 30's Strawberry30 per pack,£5,16.7p each,,baby-toddler
Heinz 4 Mths+ Original Farley's Rusks,Heinz 4 Mths+ Original Farley's Rusks150g,£1.50,£1.00 per 100g,,baby-toddler
Heinz 7+ Months By Nature Spaghetti Bolognese Baby Food,Heinz 7+ Months By Nature Spagh...200g,£1.10,55p per 100g,Buy 5 for £4,baby-toddler
Heinz 7 Mths+ Banana Biscotti Biscuits,Heinz 7 Mths+ Banana Biscotti Biscuits60g,90p,£1.50 per 100g,,baby-toddler
Heinz 7 Mths+ Chocolate Biscotti Biscuits,Heinz 7 Mths+ Chocolate Biscotti Biscuits60g,90p,£1.50 per 100g,,baby-toddler
Heinz 7 Mths + Mango & Apricot Biscotti Biscuits,Heinz 7 Mths + Mango & Apricot Biscotti Biscuits60g,90p,£1.50 per 100g,,baby-toddler
Heinz Apple & Mango Puree 6+ months,Heinz Apple & Mango Puree 6+ months100g,£1,£1.00 per 100g,Buy 6 for £5,baby-toddler
Heinz Apple & Strawberry Puree 6+ months,Heinz Apple & Strawberry Puree 6+ months100g,£1,£1.00 per 100g,Buy 6 for £5,baby-toddler
Heinz Apple & Yoghurt 4+ Months,Heinz Apple & Yoghurt 4+ Months120g,£1,83.3p per 100g,Buy 5 for £3.50,baby-toddler
"Heinz Apple, Apricot, Banana & Orange Baby Food Jar 6+ Months ","Heinz Apple, Apricot, Banana & Oran...120g",£1,83.3p per 100g,Buy 5 for £3.50,baby-toddler
"Heinz Apple, Banana & Apricot 6+ months  ","Heinz Apple, Banana & Apricot 6+ months  4 x 100g",£1.60,40p per 100g,,baby-toddler
Heinz Apple Biscotti Baby Food Snacks 7+ Months ,Heinz Apple Biscotti Baby Food Snacks 7+ Months 60g,90p,£1.50 per 100g,,baby-toddler
Heinz Apple Pear & Banana Puree 4-36 Months,Heinz Apple Pear & Bana...100g,£1,£1.00 per 100g,Buy 6 for £5,baby-toddler
 Heinz Blueberry Porridge , Heinz Blueberry Porridge 240g,£3.35,£1.40 per 100g,,baby-toddler
"Heinz By Nature Carrot, Potato & Courgette Jar Baby Food 6+ Months ","Heinz By Nature Carrot, Potato & Courge...120g",£1,8.3p per 10g,Buy 5 for £3.50,baby-toddler
Heinz By Nature Cauliflower & Broccoli Cheese Baby Food Jar 6+ Months ,Heinz By Nature Cauliflower &...120g,£1,83.3p per 100g,Buy 5 for £3.50,baby-toddler
Heinz By Nature Cheesy Tomato Pasta Baby Food Jar 6+ Months,Heinz By Nature Cheesy Tomato Pas...120g,£1,83.3p per 100g,Buy 5 for £3.50,baby-toddler
Heinz By Nature Cottage Pie Baby Food Jar 7+ Months ,Heinz By Nature Cottage Pie B...200g,£1.10,55p per 100g,Buy 5 for £4,baby-toddler
Heinz By Nature Creamy Rice Pudding 6+ Months Baby Food ,Heinz By Nature Creamy Rice Pud...4 x 100g,£1.60,40p per 100g,,baby-toddler
Heinz By Nature Fruity Banana Custard Baby Food Dessert Pots 6+ Months,Heinz By Nature Fruity Banana...4 x 100g,£1.60,40p per 100g,,baby-toddler
Heinz By Nature Fruity Medley Custard Baby Food Dessert Pots 6+ Months,Heinz By Nature Fruity Medley...4 x 100g,£1.60,40p per 100g,,baby-toddler
Heinz By Nature Fruity Peach Yogurt Baby Food 6+ Months,Heinz By Nature Fruity Peach Yo...4 x 100g,£1.60,40p per 100g,,baby-toddler
Heinz By Nature Sunday Chicken Dinner Baby Food Jar 7+ Months ,Heinz By Nature Sunday Chicken Dinn...200g,£1.10,55p per 100g,Buy 5 for £4,baby-toddler
Heinz By Nature Winter Veggies & Lamb Baby Food Jar 7+ Months,Heinz By Nature Winter Veggies & La...200g,£1.10,55p per 100g,Buy 5 for £4,baby-toddler
Heinz Cheesy Tomato Pasta Stars 7+ Months,Heinz Cheesy Tomato Pasta Stars 7+ Months200g,£1.10,55p per 100g,Buy 5 for £4,baby-toddler
Heinz Cottage Pie Baby Food Tray 1+ Year ,Heinz Cottage Pie Baby Food Tray 1+ Year 230g,£1.70,73.9p per 100g,,baby-toddler
Heinz Creamy Banana Oat Porridge Baby Food 7+ Months ,Heinz Creamy Banana Oat Porri...220g,£3.35,£1.52 per 100g,,baby-toddler
Heinz Creamy Oat Porridge 6+ months,Heinz Creamy Oat Porridge 6+ months120g,£1,83.3p per 100g,Buy 5 for £3.50,baby-toddler
Heinz Egg Custard Baby Food Jar 6+ Months ,Heinz Egg Custard Baby Food Jar 6+ Months 120g,£1,83.3p per 100g,Buy 5 for £3.50,baby-toddler
 Heinz First Steps Apple & Oat Porridge , Heinz First Steps Apple & Oat Porridge 240g,£3.35,£1.40 per 100g,,baby-toddler
Heinz First Steps Breakfast Baby Porridge 6+ Months,Heinz First Steps Breakfast B...240g,£3.35,£1.40 per 100g,,baby-toddler
Heinz First Steps Breakfast Creamy Fruit & Yogurt Porridge 6+ Months,Heinz First Steps Breakfast C...240g,£3.35,£1.40 per 100g,,baby-toddler
Heinz First Steps Breakfast Peachy Porridge 7+ Months,Heinz First Steps Breakfast P...240g,£3.35,£1.40 per 100g,,baby-toddler
Heinz First Steps Dinner Rice with Garden Veg Baby Food 6+ Months,Heinz First Steps Dinner Rice with Ga...200g,£3.35,£1.68 per 100g,,baby-toddler
Heinz First Steps Summer Fruit Porridge ,Heinz First Steps Summer Fruit Porridge 220g,£3.35,£1.52 per 100g,,baby-toddler
Heinz Fruity Apple & Pear Custard 6+ months,Heinz Fruity Apple & Pear Custard 6+ months4 x 100g,£1.60,40p per 100g,,baby-toddler
 Heinz Fruity Spring Water Apple , Heinz Fruity Spring Water Apple 500ml,£1.65,33p per 100ml,,baby-toddler
 Heinz Fruity Spring Water Apple & Blackcurrant, Heinz Fruity Spring Water Apple & Blackcurrant500ml,£1.65,33p per 100ml,,baby-toddler
Heinz Lamb Hotpot 7+ Months,Heinz Lamb Hotpot 7+ Months130g,£1.45,£1.12 per 100g,Buy 4 for £5,baby-toddler
Heinz Mango Chicken Curry 7+ Months,Heinz Mango Chicken Curry 7+ Months200g,£1.10,55p per 100g,Buy 5 for £4,baby-toddler
Heinz Multigrain With Carrot Sweetcorn & Cheese 7+ Months,Heinz Multigrain With Carrot Swee...200g,£3.35,£1.68 per 100g,,baby-toddler
Heinz Multigrain With Cauliflower Broccoli & Cheese 6+ months,Heinz Multigrain With Cauliflower B...200g,£3.35,£1.68 per 100g,,baby-toddler
Heinz Pasta Bake With Tuna 7+ Months,Heinz Pasta Bake With Tuna 7+ Months200g,£1.10,55p per 100g,Buy 5 for £4,baby-toddler
"Heinz Peach, Mango, Banana & Apple Baby Food Fruit Puree Pouch 6+ Months","Heinz Peach, Mango, Banana & Ap...100g",£1,£1.00 per 100g,Buy 6 for £5,baby-toddler
Heinz Potato Bake With Green Beans & Sweet Garden Peas 7+ Months ,Heinz Potato Bake With Green Beans &...200g,£1.10,55p per 100g,Buy 5 for £4,baby-toddler
Heinz Risotto with Chickpeas & Pumpkin Baby Food Jar 7+ Months,Heinz Risotto with Chickpeas & Pump...200g,£1.10,55p per 100g,Buy 5 for £4,baby-toddler
Heinz Saucy Pasta Stars With Beans & Carrot,Heinz Saucy Pasta Stars With Beans & Carrot200g,£1.10,55p per 100g,Buy 5 for £4,baby-toddler
Heinz Spaghetti Bolognese Baby Food Tray 1+ Year,Heinz Spaghetti Bolognese B...230g,£1.70,73.9p per 100g,,baby-toddler
Heinz Spaghetti Bolognese Pouch 10m+,Heinz Spaghetti Bolognese Pouch 10m+180g,£1.90,£1.06 per 100g,Buy 2 for £3,baby-toddler
Heinz Strawberry & Banana Biscotti,Heinz Strawberry & Banana Biscotti60g,90p,£1.50 per 100g,,baby-toddler
" Heinz Strawberry, Raspberry, Apple & Banana Puree 6+ months"," Heinz Strawberry, Raspberry, Apple...100g",£1,£1.00 per 100g,Buy 6 for £5,baby-toddler
Heinz Sunday Chicken Dinner 7+ Months,Heinz Sunday Chicken Dinner 7+ Months130g,£1.45,£1.12 per 100g,Buy 4 for £5,baby-toddler
Heinz Sweet Potato & Beef Casserole 7+ Months,Heinz Sweet Potato & Beef Casserole 7+ Months130g,£1.45,£1.12 per 100g,Buy 4 for £5,baby-toddler
Heinz Sweet Potato & Tender Chicken 4+ Months,Heinz Sweet Potato & Tender Chicken 4+ Months120g,£1,83.3p per 100g,Buy 5 for £3.50,baby-toddler
Heinz Sweet Potato Chicken & Veggies 7+ Months,Heinz Sweet Potato Chicke...130g,£1.45,£1.12 per 100g,Buy 4 for £5,baby-toddler
Heinz Thai Chicken Curry 10+ Months,Heinz Thai Chicken Curry 10+ Months180g,£1.90,£1.06 per 100g,Buy 2 for £3,baby-toddler
Heinz Tomato & Mozzarella Pasta 7+ Months,Heinz Tomato & Mozzar...130g,£1.45,£1.12 per 100g,Buy 4 for £5,baby-toddler
Heinz Veggie Pasta with Cheese Porridge Baby Food 7+ Months,Heinz Veggie Pasta with Cheese Po...200g,£3.35,£1.68 per 100g,,baby-toddler
"Heinz Veggies, Pork & Mango Baby Food Tray 1+ Year ","Heinz Veggies, Pork & Mango B...230g",£1.70,73.9p per 100g,,baby-toddler
Heinz Veggies with Lamb Baby Food Tray 1+ Year,Heinz Veggies with Lamb Baby Food Tray 1+ Year230g,£1.70,73.9p per 100g,,baby-toddler
HiPP 3 Growing up Baby Milk Powder from 1 year onwards,HiPP 3 Growing up Baby Milk Pow...600g,£10,£1.67 per 100g,,baby-toddler
 HiPP Anti-reflux Milk , HiPP Anti-reflux Milk 800g,£15.50,£1.94 per 100g,,baby-toddler
Hipp Kids Clean & Green Bubbly Bath Hippo,Hipp Kids Clean & Green Bubbly Bath Hippo300ml,£3.75,£1.25 per 100ml,,baby-toddler
Hipp Kids Fluffy & Foamy Lotion Cat,Hipp Kids Fluffy & Foamy Lotion Cat150ml,£3.50,£2.33 per 100ml,,baby-toddler
Hipp Kids Rich & Silky Cream Tortoise,Hipp Kids Rich & Silky Cream Tortoise100ml,£3.75,£3.75 per 100ml,,baby-toddler
Hipp Kids Soft & Foamy Handwash Duck,Hipp Kids Soft & Foamy Handwash Duck250ml,£3.75,£1.50 per 100ml,,baby-toddler
Hipp Kids Soft & Foamy Handwash Duck Refill ,Hipp Kids Soft & Foamy Handwash Duck Refill 250ml,£2.75,£1.10 per 100ml,,baby-toddler
Hipp Kids Soft & Smooth All-In-One Wash Seal,Hipp Kids Soft & Smooth All-In-One Wash Seal200ml,£2.75,£1.38 per 100ml,,baby-toddler
HiPP Organic 1 First Infant Baby Milk Powder from birth,HiPP Organic 1 First Infant Bab...800g,£13.50,£1.69 per 100g,,baby-toddler
HiPP Organic 2 Follow on Baby Milk Powder from 6 months,HiPP Organic 2 Follow on Baby M...800g,£13.50,£1.69 per 100g,,baby-toddler
HiPP Organic Apple and Pear 100% Fruit Baby Food Jar 4+ Months,HiPP Organic Apple and Pear 100% Fr...125g,85p,68p per 100g,,baby-toddler
HiPP Organic Banana Rice Breakfast Baby Food Jar 4+ Months,HiPP Organic Banana Rice Breakfas...125g,85p,68p per 100g,"Offer price 85p, was 90p",baby-toddler
Hipp Organic Carrots & Peas Baby Food Jar 4+ Months,Hipp Organic Carrots & Peas B...125g,85p,68p per 100g,,baby-toddler
HiPP Organic Carrots Cauliflower & Peas Baby Food Jar 4+ Months,HiPP Organic Carrots Cauliflower & Pe...125g,85p,68p per 100g,,baby-toddler
HiPP Organic Cheesy Potato & Spinach Bake Baby Food Jar 6+ Months,HiPP Organic Cheesy Potato & Spinach...125g,85p,68p per 100g,,baby-toddler
 HiPP Organic Combiotic First Infant Milk 1 From Birth Onwards, HiPP Organic Combiotic First Infan...200ml,£1.10,55p per 100ml,,baby-toddler
 Hipp Organic Combiotic Follow On Baby Milk From 6 Months , Hipp Organic Combiotic Follow On...200ml,£1.10,55p per 100ml,,baby-toddler
Hipp Organic Courgettes & Potatoes Baby Food Jar 4+Months,Hipp Organic Courgettes & Potatoe...125g,85p,68p per 100g,,baby-toddler
HiPP Organic Creamed Porridge Breakfast Baby Food Jar 6+ Months,HiPP Organic Creamed Porridge Breakfa...125g,85p,68p per 100g,,baby-toddler
HiPP Organic Creamy Porridge Baby Food Jar 7+ Months,HiPP Organic Creamy Porridge...160g,£1,62.5p per 100g,,baby-toddler
HiPP Organic Hearty Vegetable & Beef Casserole Toddler Tray Meal 1-3 Years,HiPP Organic Hearty Vegetable &...230g,£2,87p per 100g,,baby-toddler
Hipp Organic Lasagne Bolognese 15+ Months,Hipp Organic Lasagne Bolognese 15+ Months250g,£2.50,£1.00 per 100g,,baby-toddler
Hipp Organic Little Meal Makers Chicken Puree Sauce 7+ Months,Hipp Organic Little Meal Makers Chi...80g,£1.25,£1.56 per 100g,,baby-toddler
Hipp Organic Macaroni Cheese With Carrot & Peas Baby Food Jar 7M+ ,Hipp Organic Macaroni Cheese With Carro...190g,£1,52.6p per 100g,,baby-toddler
HiPP Organic Mango & Banana topped with Yogurt Baby Food Jar 7+ Months,HiPP Organic Mango & Banana t...160g,£1,62.5p per 100g,,baby-toddler
HiPP Organic Potato Pumpkin & Chicken Scrumble Toddler Tray Meal 1-3 Years,HiPP Organic Potato Pumpkin & C...230g,£2,87p per 100g,,baby-toddler
HiPP Organic Rice Pudding with Apple & Pear Baby Food Jar 7+ Months,HiPP Organic Rice Pudding w...160g,£1,62.5p per 100g,,baby-toddler
HiPP Organic Scrumptious Lasagne Toddler Tray Meal 1-3 Years,HiPP Organic Scrumptious Lasagne To...230g,£2,87p per 100g,,baby-toddler
HiPP Organic Shell Pasta With Tomato & Courgette 1-3 Years,HiPP Organic Shell Pasta With Tom...230g,£2.10,91.3p per 100g,,baby-toddler
HiPP Organic Spaghetti Bolognese Baby Food Jar 6+ Months,HiPP Organic Spaghetti Bolognes...125g,85p,68p per 100g,,baby-toddler
HiPP Organic Spaghetti Bolognese Toddler Tray Meal 1-3 Years,HiPP Organic Spaghetti Bolognese To...230g,£2,87p per 100g,,baby-toddler
HiPP Organic Strawberry Cereal With Yoghurt 7+ Months,HiPP Organic Strawberry Cerea...160g,£1,62.5p per 100g,,baby-toddler
HiPP Organic Sweet Squash & Chicken Baby Food Jar 6+ Months,HiPP Organic Sweet Squash & Chick...125g,85p,68p per 100g,,baby-toddler
HiPP Organic Tomato & Ham Pasta Bake Baby Food Jar 7+ Months ,HiPP Organic Tomato & Ham Pasta Bak...190g,£1,52.6p per 100g,,baby-toddler
HiPP Organic Tomato & Mozzarella Spaghetti Toddler Tray Meal 1-3 Years,HiPP Organic Tomato & Mozzare...230g,£2,87p per 100g,,baby-toddler
HiPP Organic Veg & Chicken Noodles Baby Food Jar 7+ Months,HiPP Organic Veg & Chicken Noodle...190g,£1,52.6p per 100g,,baby-toddler
Hipp Organic Veg & Mozzarella Potato Bake Baby Food Jar 7+ Months ,Hipp Organic Veg & Mozzarella Potato Ba...190g,£1,52.6p per 100g,,baby-toddler
Hipp Organic Vegetable Cannelloni 15+ Months,Hipp Organic Vegetable Cannelloni 15+ Months250g,£2.50,£1.00 per 100g,,baby-toddler
HiPP Organic Vegetable Lasagne Baby Food Jar 7+ Months,HiPP Organic Vegetable Lasagne...190g,£1,52.6p per 100g,,baby-toddler
HiPP Organic Vegetables with Rice And Chicken Baby Food Jar 6+ Months,HiPP Organic Vegetables with Rice And Chi...125g,85p,68p per 100g,,baby-toddler
Huggies All Over Clean,Huggies All Over Clean56 per pack,£1.25,2.2p each,,baby-toddler
Huggies Drynites Bedmats ,Huggies Drynites Bedmats 7 per pack,£7.50,£1.07 each,,baby-toddler
Huggies Drynites Pyjama Pants 8-15 Years Boy Maxi Pack,Huggies Drynites Pyjama Pants 8...13 per pack,£8,61.5p each,Buy 2 for £12.50,baby-toddler
Huggies Drynites Pyjama Pants 8 -15 Years Girl Maxi Pack,Huggies Drynites Pyjama Pants 8...13 per pack,£8,61.5p each,Buy 2 for £12.50,baby-toddler
Huggies Drynites Pyjama Pants Disney Fairies 3-5Yr ,Huggies Drynites Pyjama Pants Disney Fairies 3-5Yr 10 per pack,£4.50,45p each,"Offer price £4.50, was £5.25",baby-toddler
Huggies Drynites Pyjama Pants Disney Fairies 3-5Yr Jumbo Pack,Huggies Drynites Pyjama Pants Disne...16 per pack,£8,50p each,Buy 2 for £12.50,baby-toddler
Huggies Drynites Pyjama Pants Disney Fairies 4-7Yr ,Huggies Drynites Pyjama Pants Disney Fairies 4-7Yr 10 per pack,£4.50,45p each,"Offer price £4.50, was £5.25",baby-toddler
Huggies Drynites Pyjama Pants Disney Fairies 4-7Yr Jumbo Pack,Huggies Drynites Pyjama Pants Disne...16 per pack,£8,50p each,Buy 2 for £12.50,baby-toddler
Huggies Drynites Pyjama Pants Marvel 3-5Yr ,Huggies Drynites Pyjama Pants Marvel 3-5Yr 10 per pack,£4.50,45p each,"Offer price £4.50, was £5.25",baby-toddler
Huggies Drynites Pyjama Pants Marvel 3-5Yr Jumbo Pack,Huggies Drynites Pyjama Pants...16 per pack,£8,50p each,Buy 2 for £12.50,baby-toddler
Huggies Drynites Pyjama Pants Marvel 4-7 Years,Huggies Drynites Pyjama Pants Marvel 4-7 Years10 per pack,£4.50,45p each,"Offer price £4.50, was £5.25",baby-toddler
Huggies Drynites Pyjama Pants Marvel 4-7Yr Jumbo Pack,Huggies Drynites Pyjama Pants...16 per pack,£8,50p each,Buy 2 for £12.50,baby-toddler
Huggies Drynites Pyjama Pants Teen Blue 8-15Yr ,Huggies Drynites Pyjama Pants Teen Blue 8-15Yr 9 per pack,£4.50,50p each,"Offer price £4.50, was £5.25",baby-toddler
Huggies Drynites Pyjama Pants Teen Pink 8 -15 Years ,Huggies Drynites Pyjama Pants...9 per pack,£4.50,50p each,"Offer price £4.50, was £5.25",baby-toddler
Huggies Little Swimmers Size 2-3 3-8kg,Huggies Little Swimmers Size 2-3 3-8kg12 per pack,£5.50,45.8p each,,baby-toddler
 Huggies Little Swimmers Size 3-4, Huggies Little Swimmers Size 3-412 per pack,£5.50,45.8p each,,baby-toddler
Huggies Little Swimmers Size 5-6        ,Huggies Little Swimmers Size 5-6        11 per pack,£5.50,50p each,,baby-toddler
Huggies Natural Care Baby Wipes ,Huggies Natural Care Baby Wipes 56 per pack,£3.50,6.3p each,,baby-toddler
Huggies Natural Care Baby Wipe Single,Huggies Natural Care Baby Wipe Single56 per pack,95p,1.7p each,"Offer price 95p, was £1",baby-toddler
Huggies Pull Ups Explorers Disney Cars 18-36Month ,Huggies Pull Ups Explorers...24 per pack,£8,33.3p each,Buy 2 for £8.50,baby-toddler
Huggies Pull Ups Explorers Disney Minnie Mouse 18-36Month ,Huggies Pull Ups Explorers Disney...24 per pack,£8,33.3p each,Buy 2 for £8.50,baby-toddler
Huggies Pull Ups Trainers Day Disney Cars 2-4Yr ,Huggies Pull Ups Trainers Day Disney Cars 2-4Yr 20 per pack,£8,40p each,Buy 2 for £8.50,baby-toddler
Huggies Pull Ups Trainers Day Disney Princess 2-4Yr ,Huggies Pull Ups Trainers Day Disney Princess 2-4Yr 20 per pack,£8,40p each,Buy 2 for £8.50,baby-toddler
Huggies Pull Ups Trainers Night Disney Cars 2-4Yr ,Huggies Pull Ups Trainers Night Disney Cars 2-4Yr 18 per pack,£8,44.4p each,Buy 2 for £8.50,baby-toddler
Huggies Pull Ups Trainers Night Disney Princess 2-4Yr ,Huggies Pull Ups Trainers Night...18 per pack,£8,44.4p each,Buy 2 for £8.50,baby-toddler
Huggies Pure Baby Wipes,Huggies Pure Baby Wipes12 x 56 per pack,£10.50,1.6p each,,baby-toddler
Huggies Pure Baby Wipes Single Pack,Huggies Pure Baby Wipes Single Pack56 per pack,95p,1.7p each,"Offer price 95p, was £1",baby-toddler
Huggies Pure Extra Care Baby Wipes,Huggies Pure Extra Care Baby Wipes3 x 56 per pack,£4.50,2.7p each,,baby-toddler
Huggies Pure Extra Care Baby Wipes,Huggies Pure Extra Care Baby Wipes56 per pack,£2,3.6p each,Buy 2 for £2.50,baby-toddler
Huggies Pure Extra Care Baby Wipes,Huggies Pure Extra Care Baby Wipes8 x 56 per pack,£10,2.2p each,Buy 2 for £16,baby-toddler
Huggies Pure Quad Baby Wipes Quad Pack,Huggies Pure Quad Baby Wipes Quad Pack4 x 56 per pack,£3.50,1.6p each,,baby-toddler
Infacare Baby Bath,Infacare Baby Bath400ml,£2.50,62.5p per 100ml,,baby-toddler
Infacol,Infacol85ml,£8.49,99.9p per 10ml,,baby-toddler
Infacol Colic Treatment,Infacol Colic Treatment55ml,£5.50,£1.00 per 10ml,,baby-toddler
Johnson's Baby Bath ,Johnson's Baby Bath 500ml,£3,60p per 100ml,,baby-toddler
Johnson's Baby Bath ,Johnson's Baby Bath 300ml,£1.50,50p per 100ml,,baby-toddler
Johnson's Baby Bedtime Bath Refill,Johnson's Baby Bedtime Bath Refill1L,£4,40p per 100ml,"Offer price £4, was £5.25",baby-toddler
Johnson's Baby Cotton Buds ,Johnson's Baby Cotton Buds 200 per pack,£1.25,0.6p each,,baby-toddler
Johnson's Baby Lotion ,Johnson's Baby Lotion 500ml,£3,60p per 100ml,,baby-toddler
Johnson's Baby Lotion ,Johnson's Baby Lotion 300ml,£1.50,50p per 100ml,,baby-toddler
Johnson's Baby Oil ,Johnson's Baby Oil 500ml,£3,60p per 100ml,,baby-toddler
Johnson's Baby Oil ,Johnson's Baby Oil 200ml,£1.35,67.5p per 100ml,,baby-toddler
Johnson's Baby Powder,Johnson's Baby Powder200g,£1.50,75p per 100g,,baby-toddler
Johnson's Baby Powder,Johnson's Baby Powder500g,£3,60p per 100g,,baby-toddler
Johnson's Baby Shampoo ,Johnson's Baby Shampoo 500ml,£3,60p per 100ml,,baby-toddler
Johnson's Baby Shampoo ,Johnson's Baby Shampoo 300ml,£1.50,50p per 100ml,,baby-toddler
Johnson's Baby Shampoo Refill Pack,Johnson's Baby Shampoo Refill Pack1L,£4.25,42.5p per 100ml,,baby-toddler
Johnson's Bedtime Bath ,Johnson's Bedtime Bath 500ml,£2.30,46p per 100ml,"Offer price £2.30, was £3.50",baby-toddler
Johnson's Bedtime Lotion ,Johnson's Bedtime Lotion 500ml,£2.30,46p per 100ml,"Offer price £2.30, was £3.50",baby-toddler
Johnson's Bedtime Oil ,Johnson's Bedtime Oil 300ml,£2.30,76.7p per 100ml,"Offer price £2.30, was £3",baby-toddler
Johnson's Bedtime Powder ,Johnson's Bedtime Powder 500g,£2.30,46p per 100g,"Offer price £2.30, was £3.50",baby-toddler
Johnson's Bedtime Shampoo ,Johnson's Bedtime Shampoo 500ml,£2.30,46p per 100ml,"Offer price £2.30, was £3.50",baby-toddler
Johnson's Bedtime Wash ,Johnson's Bedtime Wash 500ml,£2.30,46p per 100ml,"Offer price £2.30, was £3.50",baby-toddler
Johnson's Kids Bubble Bath & Wash ,Johnson's Kids Bubble Bath & Wash 500ml,£2.30,46p per 100ml,"Offer price £2.30, was £3.50",baby-toddler
Johnson's Kids Conditioner Shiny Drops ,Johnson's Kids Conditioner Shiny Drops 500ml,£3.50,70p per 100ml,,baby-toddler
Johnson's Kids Shampoo Shiny Drops ,Johnson's Kids Shampoo Shiny Drops 500ml,£3.50,70p per 100ml,,baby-toddler
Johnson's Kids Shiny Drops Conditioner Spray ,Johnson's Kids Shiny Drops Conditioner Spray 200ml,£3.50,£1.75 per 100ml,,baby-toddler
Johnson's No More Tangles Kids Conditioner ,Johnson's No More Tangles Kids Conditioner 500ml,£3.50,70p per 100ml,,baby-toddler
Johnson's No More Tangles Kids Shampoo ,Johnson's No More Tangles Kids Shampoo 500ml,£3.50,70p per 100ml,,baby-toddler
Johnson's No More Tangles Spray,Johnson's No More Tangles Spray200ml,£3.50,£1.75 per 100ml,,baby-toddler
Johnson's Top To Toe Baby Wash Cloths ,Johnson's Top To Toe Baby Wash Cloths 15 per pack,£3,20p each,,baby-toddler
Johnson's Top To Toe Wash ,Johnson's Top To Toe Wash 500ml,£3,60p per 100ml,,baby-toddler
Joie Cutlery On The Go 3Pc,Joie Cutlery On The Go 3Pc,£2.50,,,baby-toddler
Kendamil 1 First Baby Infant Milk Formula Powder From Birth,Kendamil 1 First Baby Infant Milk...800g,£12,£1.50 per 100g,,baby-toddler
Kendamil 3 Toddler Milk Formula Powder From 1 To 3 Years,Kendamil 3 Toddler Milk Formula...800g,£12,£1.50 per 100g,,baby-toddler
Kendamil  Follow On Baby Infant Milk Formula Powder Months,Kendamil  Follow On Baby Infant M...800g,£12,£1.50 per 100g,,baby-toddler
Kiddilicious Banana Wafers,Kiddilicious Banana Wafers10 x 4g,£2.50,£6.25 per 100g,,baby-toddler
Kiddylicious Apple Bakes ,Kiddylicious Apple Bakes 6 x 22g,£2.65,£2.01 per 100g,,baby-toddler
Kiddylicious Apple Fruit Wriggles,Kiddylicious Apple Fruit Wriggles12g,70p,£5.83 per 100g,Buy 5 for £3,baby-toddler
Kiddylicious Apple Fruit Wriggles,Kiddylicious Apple Fruit Wriggles4 x 12g,£2.50,£5.21 per 100g,,baby-toddler
Kiddylicious Apple Soft Biscotti 7+ Months,Kiddylicious Apple Soft Biscotti 7+ Months6 x 20g,£2.65,£2.21 per 100g,,baby-toddler
Kiddylicious Banana & Pumpkin Melty Buttons,Kiddylicious Banana & Pumpkin Melty Buttons5 x 6g,£2.65,£8.83 per 100g,,baby-toddler
Kiddylicious Banana & Strawberry Juicy Fruit Bars,Kiddylicious Banana & Straw...5 x 20g,£2.50,£2.50 per 100g,,baby-toddler
"Kiddylicious Banana, Mango & Passion Fruit Smoothie Melts ","Kiddylicious Banana, Mango & Pass...6g",70p,£11.67 per 100g,Buy 5 for £3,baby-toddler
"Kiddylicious Banana, Mango & Passion Fruit Smoothie Melts","Kiddylicious Banana, Mango & Pass...4 x 60g",£2.65,11p per 10g,,baby-toddler
Kiddylicious Banana Crispie Tiddlers 12 Months +,Kiddylicious Banana Crispie...12g,70p,£5.83 per 100g,Buy 5 for £3,baby-toddler
Kiddylicious Banana Crispy Tiddlers 12+ Months,Kiddylicious Banana Crisp...4 x 12g,£2.50,£5.21 per 100g,,baby-toddler
Kiddylicious Banana Fruity Puffs Yummy Bags x 4,Kiddylicious Banana Fruity Puffs Yummy Bags x 440g,£2,£5.00 per 100g,,baby-toddler
Kiddylicious Banana Soft Biscotti 7+ Months ,Kiddylicious Banana Soft Biscotti 7+ Months 6 x 20g,£2.65,£2.21 per 100g,,baby-toddler
Kiddylicious Banana Wafers 6 Months+ ,Kiddylicious Banana Wafers 6 Months+ 4 x 4g,£1,£6.25 per 100g,,baby-toddler
Kiddylicious Bbq Popped Hoops ,Kiddylicious Bbq Popped Hoops 5 x 10g,£2.50,£5.00 per 100g,,baby-toddler
Kiddylicious Blueberry Wafers ,Kiddylicious Blueberry Wafers 10 x 4g,£2.50,£6.25 per 100g,,baby-toddler
Kiddylicious Blueberry Wafers 6 Months+ ,Kiddylicious Blueberry Wafers 6 Months+ 4 x 4g,£1,£6.25 per 100g,,baby-toddler
Kiddylicious Butternut Squash & Beetroot Veggie Hippos,Kiddylicious Butternut Squash &...5 x 8g,£2.50,£6.25 per 100g,,baby-toddler
 Kiddylicious Cheesy Flavour Veggie Straws , Kiddylicious Cheesy Flavour Veggie Straws 12g,79p,£6.58 per 100g,Buy 5 for £3,baby-toddler
Kiddylicious Cheesy Flavour Veggie Straws 9+ Months ,Kiddylicious Cheesy Flavour V...4 x 12g,£2.65,£5.52 per 100g,,baby-toddler
Kiddylicious Cheesy Popped Hoops ,Kiddylicious Cheesy Popped Hoops 5 x 10g,£2.50,£5.00 per 100g,,baby-toddler
Kiddylicious Coconut Rolls ,Kiddylicious Coconut Rolls 8 x 7g,£2.50,£4.46 per 100g,,baby-toddler
Kiddylicious Mixed Pepper Veggie Hippos ,Kiddylicious Mixed Pepper Veggie Hippos 5 x 8g,£2.50,£6.25 per 100g,,baby-toddler
Kiddylicious Raspberry & Apple Fruity Drops,Kiddylicious Raspberry & Apple Fruity Drops4 x 16g,£2.50,£3.91 per 100g,,baby-toddler
Kiddylicious Raspberry & Beetroot Melty Buttons,Kiddylicious Raspberry & Beetroot Melty Buttons5 x 6g,£2.65,£8.83 per 100g,,baby-toddler
Kiddylicious Raspberry Crispy Tiddlers ,Kiddylicious Raspberry Crispy Tiddlers 12g,70p,£5.83 per 100g,Buy 5 for £3,baby-toddler
Kiddylicious Raspberry Crispy Tiddlers,Kiddylicious Raspberry Crispy Tiddlers4 x 12g,£2.50,£5.21 per 100g,,baby-toddler
Kiddylicious Sour Cream & Chive Lentil Straws,Kiddylicious Sour Cream & Chive Lentil Straws12g,70p,£5.83 per 100g,Buy 5 for £3,baby-toddler
Kiddylicious Sour Cream & Chive Lentil Straws,Kiddylicious Sour Cream & Chive Lentil Straws4 x 12g,£2.65,£5.52 per 100g,,baby-toddler
Kiddylicious Strawberry & Banana Smoothie Melts,Kiddylicious Strawberry & Banana Smoothie Melts6g,70p,£11.67 per 100g,Buy 5 for £3,baby-toddler
Kiddylicious Strawberry & Banana Smoothie Melts,Kiddylicious Strawberry & Banana Smoothie Melts4 x 60g,£2.65,11p per 10g,,baby-toddler
"Kiddylicious Strawberry, Apple & Pumpkin Fruity Drops ","Kiddylicious Strawberry, Apple...4 x 16g",£2.50,£3.91 per 100g,,baby-toddler
Kiddylicious Strawberry Bakes ,Kiddylicious Strawberry Bakes 6 x 22g,£2.65,£2.01 per 100g,,baby-toddler
Kiddylicious Strawberry Fruit Wriggles,Kiddylicious Strawberry Fruit Wriggles12g,70p,£5.83 per 100g,Buy 5 for £3,baby-toddler
Kiddylicious Strawberry Fruit Wriggles 4 Yummy Bags,Kiddylicious Strawberry Fruit...48g,£2.50,£5.21 per 100g,,baby-toddler
Kiddylicious Strawberry Fruity Puffs Yummy Bags x 4,Kiddylicious Strawberry Fruit...40g,£2,£5.00 per 100g,,baby-toddler
Kiddylicious Strawberry Mini Coconut Rolls,Kiddylicious Strawberry Mini Coconut Rolls8 x 7g,£2.50,£4.46 per 100g,,baby-toddler
Kiddylicious Strawberry Wafers,Kiddylicious Strawberry Wafers10 x 4g,£2.50,£6.25 per 100g,,baby-toddler
Kiddylicious Veggie Straws,Kiddylicious Veggie Straws12g,79p,£6.58 per 100g,Buy 5 for £3,baby-toddler
Kiddylicious Veggie Straws,Kiddylicious Veggie Straws4 x 12g,£2.65,£5.52 per 100g,,baby-toddler
Kool'N'Soothe Soft Gel Sheets,Kool'N'Soothe Soft Gel Sheets,£2.60,,,baby-toddler
Lamaze Archer the Apple Clip n Go,Lamaze Archer the Apple Clip n Go,£14.50,£14.50 each,,baby-toddler
Lamaze Bea the Banana Clip n Go,Lamaze Bea the Banana Clip n Go,£14.50,£14.50 each,,baby-toddler
Lamaze Bitty Bug Soft Book,Lamaze Bitty Bug Soft Book,£14.50,£14.50 each,,baby-toddler
Lamaze Captain Calamari Buggy Toy 0mths+,Lamaze Captain Calamari Buggy Toy 0mths+,£14.99,£14.99 each,,baby-toddler
Lamaze Mini Clip & Go Candy the Carrot,Lamaze Mini Clip & Go Candy the Carrot,£9.25,£9.25 each,,baby-toddler
Lamaze Olive the Orange Clip n Go,Lamaze Olive the Orange Clip n Go,£14.50,£14.50 each,,baby-toddler
Lansinoh 60 Disposable Breast Pads,Lansinoh 60 Disposable Breast Pads,£5.80,,,baby-toddler
Lansinoh Breastmilk 25 Storage Bags,Lansinoh Breastmilk 25 Storage Bags25 per pack,£5.50,22p each,,baby-toddler
Lansinoh Hpa Lanolin Nipple Cream ,Lansinoh Hpa Lanolin Nipple Cream 40ml,£11.75,£29.38 per 100ml,,baby-toddler
Lansinoh Washable Nursing Pads ,Lansinoh Washable Nursing Pads 4 per pack,£8,£2.00 each,,baby-toddler
lights by TENA Incontinence Liners,lights by TENA Incontinence Liners24 per pack,£1.90,7.9p each,"Offer price £1.90, was £2.25",baby-toddler
lights by TENA Incontinence Liners Duo,lights by TENA Incontinence Liners Duo48 per pack,£3.75,7.8p each,,baby-toddler
lights by TENA Light Incontinence Liners,lights by TENA Light Incontinence Liners28 per pack,£1.90,6.8p each,"Offer price £1.90, was £2.25",baby-toddler
lights by TENA Long Incontinence Liners,lights by TENA Long Incontinence Liners,£1.90,,"Offer price £1.90, was £2.25",baby-toddler
Lil-Lets Maternity 10 Maxi Pads With Wings,Lil-Lets Maternity 10 Maxi Pads With Wings10 per pack,£2,20p each,,baby-toddler
Lil-Lets Maternity Breast Pads ,Lil-Lets Maternity Breast Pads 30 per pack,£2.49,8.3p each,Buy 2 for £4.50,baby-toddler
Lil-Lets Maternity Ultra Pads With Wings,Lil-Lets Maternity Ultra Pads With Wings12 per pack,£2,16.7p each,,baby-toddler
Lil-Lets Teens Ultra Towels Day,Lil-Lets Teens Ultra Towels Day,£1.25,,"Offer price £1.25, was £1.60",baby-toddler
Lindam Munchkin Letters & Numbers Bath Accessories,Lindam Munchkin Letters & N...,£7,,,baby-toddler
Lindam Munchkin White Hot Safety Duck     ,Lindam Munchkin White Hot Safety Duck     ,£4.25,,,baby-toddler
Lindham Xtra Guard Child Proofing Kit,Lindham Xtra Guard Child Proofing Kit,£7.49,,,baby-toddler
Little Dish Chicken & Veg Pie Kids Meal,Little Dish Chicken & Veg Pie Kids Meal200g,£2.75,£13.75 per kg,,baby-toddler
Little Dish Classic Fish Pie Kids Meal,Little Dish Classic Fish Pie Kids Meal200g,£2.75,£13.75 per kg,,baby-toddler
Little Dish Cottage Pie Kids Meal,Little Dish Cottage Pie Kids Meal200g,£2.75,£13.75 per kg,,baby-toddler
Little Dish Mild Chicken Korma Kids Meal,Little Dish Mild Chicken Korma Kids Meal200g,£2.75,£13.75 per kg,,baby-toddler
Little Dish Pasta Bolognese Kids Meal,Little Dish Pasta Bolognese Kids Meal200g,£2.75,£13.75 per kg,,baby-toddler
Little Dish Spaghetti & Meatballs Kids Meal,Little Dish Spaghetti & Meatballs Kids Meal200g,£2.75,£13.75 per kg,,baby-toddler
Little Steps First Infant Milk 1 From Birth 800g,Little Steps First Infant Milk 1 From Birth 800g800g,£9.75,£1.22 per 100g,,baby-toddler
Little Steps Follow - On Milk 2 6+ Months 800g ,Little Steps Follow - On Milk 2 6+ Months 800g 800g,£9.75,£1.22 per 100g,,baby-toddler
Little Steps Plantygrow Plant Based Growing Up Drink,Little Steps Plantygrow Plant...200ml,85p,42.5p per 100ml,Buy 4 for £3,baby-toddler
Little Steps Plantygrow Plant Based Growing Up Drink,Little Steps Plantygrow Plant...1L,£3.50,£3.50 per litre,,baby-toddler
Lyclear Shampoo Head Lice Treatment + Head Lice Comb,Lyclear Shampoo Head Lice Tre...200ml,£12,£6.00 per 100ml,,baby-toddler
MAM Air 6+ Months Soother - Blue,MAM Air 6+ Months Soother - Blue2 per pack,£7.30,£3.65 each,,baby-toddler
MAM Air 6+ Months Soother - Pink,MAM Air 6+ Months Soother - Pink2 per pack,£7.30,£3.65 each,,baby-toddler
MAM Air Night 12+ Months Soothers ,MAM Air Night 12+ Months Soothers ,£7.35,,,baby-toddler
MAM Anti Colic Easy Start 160ml Bottle 2 Pack - Grey,MAM Anti Colic Easy Start 160...2 per pack,£16.05,£8.03 each,,baby-toddler
MAM Anti Colic Easy Start 260ml Bottle - 2 Pack Grey,MAM Anti Colic Easy Start 260...2 per pack,£16.05,£8.03 each,,baby-toddler
MAM Baby's Brush Double Pack with Safety Shield,MAM Baby's Brush Double Pack with Safety Shield2 per pack,£8.10,£4.05 each,,baby-toddler
MAM Baby's Brush Double Pack with Safety Shield,MAM Baby's Brush Double Pack with Safety Shield2 per pack,£8.10,£4.05 each,,baby-toddler
Mam Clip It 0+ Months,Mam Clip It 0+ Months,£5.75,,,baby-toddler
Mam Easy Active Baby Bottle 4+ Months ,Mam Easy Active Baby Bottle 4+ Months 330ml,£7,£2.12 per 100ml,,baby-toddler
Mam Easy Active Baby Bottle Months,Mam Easy Active Baby Bottle Months2 x 330ml,£15,£2.27 per 100ml,,baby-toddler
Mam Easy Start Anti-Colic Bottle,Mam Easy Start Anti-Colic Bottle3 x 160ml,£22,£4.58 per 100ml,,baby-toddler
Mam Easy Start Anti - Colic Bottle 0+ Months ,Mam Easy Start Anti - Colic Bottle 0+ Months 2 x 160ml,£15,£4.69 per 100ml,,baby-toddler
Mam Easy Start Anti-Colic Bottle 0 Months,Mam Easy Start Anti-Colic Bottle 0 Months,£7.50,,,baby-toddler
 MAM Easy Start Anti Colic Bottle 2M+, MAM Easy Start Anti Colic Bottle 2M+,£7.50,,,baby-toddler
 MAM Easy Start Anti Colic Bottle 2M+, MAM Easy Start Anti Colic Bottle 2M+2 per pack,£15,£7.50 each,,baby-toddler
MAM Feel Good Glass Bottle 170ml - 1 Pack Unisex,MAM Feel Good Glass Bottle...160ml,£13.80,86.3p per 10ml,,baby-toddler
MAM Feel Good Glass Bottle 260ml - 1 Pack Unisex,MAM Feel Good Glass Bottle...,£13.80,£13.80 each,,baby-toddler
 MAM Fun To Drink Night Cup 8M+, MAM Fun To Drink Night Cup 8M+270ml,£6.99,£2.59 per 100ml,,baby-toddler
MAM Night 0+ Months Soother - Unisex ,MAM Night 0+ Months Soother - Unisex 2 per pack,£7.05,£3.53 each,,baby-toddler
MAM Night 6+ Months Soother - Pink,MAM Night 6+ Months Soother - Pink2 per pack,£7.05,£3.53 each,,baby-toddler
 MAM Night Soother 12+ Months , MAM Night Soother 12+ Months ,£6.85,,,baby-toddler
MAM Night Soother Blue,MAM Night Soother Blue,£7.05,£3.53 each,,baby-toddler
MAM Original 12+ Months Soother - Pink,MAM Original 12+ Months Soother - Pink2 per pack,£6.60,£3.30 each,,baby-toddler
MAM Original Night 0+ Months Soother 2,MAM Original Night 0+ Months Soother 2,£6.85,,,baby-toddler
Mam Original Soother 12 + Months (Colours May Vary),Mam Original Soother 12 + Mon...,£6.15,,,baby-toddler
MAM Original Soother Blue 12mths+,MAM Original Soother Blue 12mths+2 per pack,£6.60,£3.30 each,,baby-toddler
Mam Perfect Night Soother 12+ Months,Mam Perfect Night Soother 12+ Months,£6.85,,,baby-toddler
MAM Silicone Bottle Teats Slow Flow 0+ Months Level 1,MAM Silicone Bottle Teats Slo...2 per pack,£6,£3.00 each,,baby-toddler
MAM Silicone Cross Cut Bottle Teats 6+ Months,MAM Silicone Cross Cut Bottle Teats 6+ Months2 per pack,£6,£3.00 each,,baby-toddler
Mam Soother 6 + Months,Mam Soother 6 + Months,£6.85,,,baby-toddler
MAM Soother Clip Double Pack - Unisex,MAM Soother Clip Double Pack - Unisex2 per pack,£6.30,£3.15 each,,baby-toddler
MAM Start 0-2 Months Soother - Unisex,MAM Start 0-2 Months Soother - Unisex2 per pack,£6.85,£3.43 each,,baby-toddler
Mam Start 0 - 2 Months Soothers ,Mam Start 0 - 2 Months Soothers 2 per pack,£6,£3.00 each,,baby-toddler
 MAM Starter Cup With Soother 4M+, MAM Starter Cup With Soother 4M+,£6.99,,,baby-toddler
Mam Teat Cross Cut  Months,Mam Teat Cross Cut  Months2 x 6 per pack,£6.50,54.2p each,,baby-toddler
MAM Teats Size 2 2M+,MAM Teats Size 2 2M+,£5.25,,,baby-toddler
 MAM Teats Size 3 4M+, MAM Teats Size 3 4M+2 per pack,£5.25,£2.63 each,,baby-toddler
Mam Trainer 2In1 4+ Months ,Mam Trainer 2In1 4+ Months ,£7.50,,,baby-toddler
Mam Ultimate Silicone Soother,Mam Ultimate Silicone Soother,£6.85,,,baby-toddler
Medela Breastmilk Storage Bags,Medela Breastmilk Storage Bags50 per pack,£8,16p each,,baby-toddler
Medela Breastmilk Storage Bottles with lid (pack of 3),Medela Breastmilk Storage Bottl...3 per pack,£12,£4.00 each,,baby-toddler
Medela Calma Solitaire Teat,Medela Calma Solitaire Teat,£12,£12.00 each,,baby-toddler
Medela Disposable Breast Pads,Medela Disposable Breast Pads60 per pack,£6,10p each,,baby-toddler
Medela Large Contact Nipple Shield with Case ,Medela Large Contact Nipple Shield with Case 2 per pack,£9,£4.50 each,,baby-toddler
Medela Medium Contact Nipple Shields with Case,Medela Medium Contact Nipple Shields with Case2 per pack,£9,£4.50 each,,baby-toddler
Medela Quick Clean Micro-Steam Bags,Medela Quick Clean Micro-Steam Bags5 per pack,£13,£2.60 each,,baby-toddler
Medela Small Contact Nipple Shields with Case ,Medela Small Contact Nipple Shields with Case 2 per pack,£9,£4.50 each,,baby-toddler
Metanium Everyday Easy Spray ,Metanium Everyday Easy Spray 60ml,£5.50,£9.17 per 100ml,,baby-toddler
Metanium Nappy Rash Ointment,Metanium Nappy Rash Ointment30g,£3.20,£10.67 per 100g,,baby-toddler
Milton Antibacterial Hand Sanitiser Mousse,Milton Antibacterial Hand Sanitiser Mousse50ml,£3,£6.00 per 100ml,,baby-toddler
Milton Antibacterial Surface Wipes,Milton Antibacterial Surface Wipes30 per pack,£2.50,8.3p each,,baby-toddler
Milton Sterilising Fluid,Milton Sterilising Fluid1L,£3.50,35p per 100ml,,baby-toddler
Milton Sterilising Tablets 28s,Milton Sterilising Tablets 28s,£2.70,,,baby-toddler
Miofresh Nappy & Laundry Cleanser,Miofresh Nappy & Laundry Cleanser,£4.50,,,baby-toddler
Moltex Pure & Nature Nappies Newborn Size 1,Moltex Pure & Nature Nappies Newborn Size 122 per pack,£4,18.2p each,,baby-toddler
Moltex Pure & Nature Nappies Size 2 Mini ,Moltex Pure & Nature Nappies Size 2 Mini 38 per pack,£7,18.4p each,Buy 2 for £12,baby-toddler
Moltex Pure & Nature Nappies Size 3 Midi,Moltex Pure & Nature Nappies Size 3 Midi33 per pack,£7,21.2p each,Buy 2 for £12,baby-toddler
Moltex Pure & Nature Nappies Size 5 Junior,Moltex Pure & Nature Nappies Size 5 Junior25 per pack,£7,28p each,Buy 2 for £12,baby-toddler
Moltex Pure & Nature Nappies Size 6 Junior 21,Moltex Pure & Nature Nappies Size 6 Junior 2121 per pack,£7,33.3p each,Buy 2 for £12,baby-toddler
Morrisons 12 Comfort Pads Normal,Morrisons 12 Comfort Pads Normal12 per pack,£1.65,13.8p each,,baby-toddler
Morrisons Antiseptic Wipes ,Morrisons Antiseptic Wipes 10 per pack,£1,10p each,,baby-toddler
Morrisons Aqueous Cream,Morrisons Aqueous Cream500g,£5,£1.00 per 100g,,baby-toddler
Morrisons Comfort Liners,Morrisons Comfort Liners24 per pack,£1.65,6.9p each,,baby-toddler
Morrisons Comfort Liners Long,Morrisons Comfort Liners Long20 per pack,£1.65,8.3p each,,baby-toddler
Morrisons Comfort Pads Extra,Morrisons Comfort Pads Extra10 per pack,£1.65,16.5p each,,baby-toddler
Morrisons Comfort Pads Extra Plus,Morrisons Comfort Pads Extra Plus8 per pack,£1.65,20.6p each,,baby-toddler
Morrisons Comfort Pants Large,Morrisons Comfort Pants Large10 per pack,£6.25,62.5p each,,baby-toddler
Morrisons Comfort Pants Medium,Morrisons Comfort Pants Medium12 per pack,£6.25,52.1p each,,baby-toddler
Morrisons Comfort Pants Super Protection Large,Morrisons Comfort Pants Super Protection Large12 per pack,£8,66.7p each,,baby-toddler
Morrisons Comfort Pants Super Protection Medium,Morrisons Comfort Pants Super Protection Medium12 per pack,£8,66.7p each,,baby-toddler
Morrisons Fold & Wrap Pantyliners,Morrisons Fold & Wrap Pantyliners20 per pack,90p,4.5p each,,baby-toddler
Morrisons Junior Paracetamol Suspension,Morrisons Junior Paracetamol Suspension100ml,£2.15,£2.15 per 100ml,,baby-toddler
Morrisons Large Pantyliners,Morrisons Large Pantyliners28 per pack,99p,3.5p each,,baby-toddler
Morrisons Maxi Daytime Towels,Morrisons Maxi Daytime Towels24 per pack,99p,4.1p each,,baby-toddler
Morrisons Maxi Night Comfort Pads ,Morrisons Maxi Night Comfort Pads 6 per pack,£1.65,27.5p each,,baby-toddler
Morrisons Maxi Towels Night Time,Morrisons Maxi Towels Night Time12 per pack,£1.05,8.8p each,,baby-toddler
Morrisons Night Time Ultra Towels with Wings,Morrisons Night Time Ultra Towels with Wings10 per pack,79p,7.9p each,,baby-toddler
Morrisons Normal Pantyliners,Morrisons Normal Pantyliners30 per pack,99p,3.3p each,,baby-toddler
Morrisons Normal Ultra Towels without Wings,Morrisons Normal Ultra Towels without Wings16 per pack,79p,4.9p each,,baby-toddler
Morrisons Normal Ultra Towels with Wings,Morrisons Normal Ultra Towels with Wings14 per pack,79p,5.6p each,,baby-toddler
Morrisons Panty Liners Extra Long,Morrisons Panty Liners Extra Long22 per pack,£1,4.5p each,,baby-toddler
Morrisons Savers Maxi Towels,Morrisons Savers Maxi Towels10 per pack,40p,4p each,,baby-toddler
Morrisons Savers Pant Liners,Morrisons Savers Pant Liners30 per pack,45p,1.5p each,,baby-toddler
Morrisons Super Ultra Towels with Wings,Morrisons Super Ultra Towels with Wings12 per pack,79p,6.6p each,,baby-toddler
Morrisons Ultra Towels Confident Night,Morrisons Ultra Towels Confident Night9 per pack,79p,8.8p each,,baby-toddler
Munchkin 59S Mini Steriliser,Munchkin 59S Mini Steriliser,£19.99,,,baby-toddler
Munchkin 6 Multicoloured Forks & Spoons 12M+,Munchkin 6 Multicoloured Forks & Spoons 12M+,£4,,,baby-toddler
Munchkin Bubble Bestie Bubble Bath Toy 36M+,Munchkin Bubble Bestie Bubble Bath Toy 36M+,£6.50,,,baby-toddler
Munchkin Caterpillar Spillers       ,Munchkin Caterpillar Spillers       ,£5.50,,,baby-toddler
Munchkin Colormix Fish Color Changing Bath Toy 12M+,Munchkin Colormix Fish Color...,£7.50,,,baby-toddler
 Munchkin Colour Reveal 6 Toddler Forks and Spoons 12M+, Munchkin Colour Reveal 6 Toddl...,£4.99,,,baby-toddler
Munchkin Corner Bath Organiser,Munchkin Corner Bath Organiser,£8,,,baby-toddler
Munchkin Details Brush Set,Munchkin Details Brush Set4 per pack,£6.49,£1.62 each,,baby-toddler
Munchkin Dots Bath Mat,Munchkin Dots Bath Mat,£12.50,,,baby-toddler
Munchkin Float & Play Bubbles,Munchkin Float & Play Bubbles2 per pack,£6,£3.00 each,,baby-toddler
Munchkin Fresh Food Feeder 6M+,Munchkin Fresh Food Feeder 6M+,£4.99,,,baby-toddler
 Munchkin Fun Ice Chewy Teether 0M+, Munchkin Fun Ice Chewy Teether 0M+,£3.25,,,baby-toddler
Munchkin Latch 6 Microwave Steriliser Bags,Munchkin Latch 6 Microwave Steriliser Bags6 per pack,£4.99,83.2p each,,baby-toddler
Munchkin Miracle 360 Colour Change Sippy Cup 12M+,Munchkin Miracle 360 Colour...,£4.99,,,baby-toddler
 Munchkin Miracle 360 Cup 12M+, Munchkin Miracle 360 Cup 12M+,£6.50,,,baby-toddler
 Munchkin Miracle 360 Eco Cup 12M+, Munchkin Miracle 360 Eco Cup 12M+,£8.49,,,baby-toddler
 Munchkin Miracle 360 Eco Trainer Cup 6M+, Munchkin Miracle 360 Eco Trainer Cup 6M+,£4.99,,,baby-toddler
 Munchkin Miracle 360 Trainer Cup 6M+, Munchkin Miracle 360 Trainer Cup 6M+,£6,,,baby-toddler
 Munchkin Ocean Bath Squirts, Munchkin Ocean Bath Squirts4 per pack,£6,£1.50 each,,baby-toddler
Munchkin Simple Clean Straw Cup,Munchkin Simple Clean Straw Cup12 x 296ml,£6.99,19.7p per 100ml,,baby-toddler
Munchkin Stay Put Suction Plate 6M+,Munchkin Stay Put Suction Plate 6M+,£7.25,,,baby-toddler
Munchkin Toddler Fork & Spoon Set,Munchkin Toddler Fork & Spoon Set,£4.25,,,baby-toddler
Munchkin White Hot Safety Spoons 4 M+ ,Munchkin White Hot Safety Spoons 4 M+ 4 per pack,£4.49,£1.12 each,,baby-toddler
 Munchkin Wind Up Swimming Penguin, Munchkin Wind Up Swimming Penguin,£5.49,,,baby-toddler
My Little Sudocrem Skin Care Cream,My Little Sudocrem Skin Care Cream22g,£3,£13.64 per 100g,,baby-toddler
Nannycare 1 Goat milk based First infant milk,Nannycare 1 Goat milk based First infant milk900g,£21,£2.33 per 100g,,baby-toddler
Nannycare 2 Goat milk based Follow on milk,Nannycare 2 Goat milk based Follow on milk900g,£21,£2.33 per 100g,,baby-toddler
Nannycare 3 Goat milk based Growing up milk,Nannycare 3 Goat milk based Growing up milk900g,£21,£2.33 per 100g,,baby-toddler
Napisan Non Bio Laundry Stain Remover ,Napisan Non Bio Laundry Stain Remover 800g,£4.20,52.5p per 100g,,baby-toddler
Neats Nappy Bags,Neats Nappy Bags300 per pack,£1.50,0.5p each,,baby-toddler
Nelsons Teetha Teething Gel,Nelsons Teetha Teething Gel15g,£5,£33.33 per 100g,,baby-toddler
Nelsons Teetha Teething Granules,Nelsons Teetha Teething Granules24 per pack,£5,20.8p each,,baby-toddler
"NIVEA Soft Moisturising Cream for face, hands and body",NIVEA Soft Moisturising Cream f...200ml,£4,£2.00 per 100ml,,baby-toddler
Nuby Anti Reflux Bottle,Nuby Anti Reflux Bottle,£7.50,,,baby-toddler
Nuby Baby And Toddler Bowls,Nuby Baby And Toddler Bowls2 per pack,£4,£2.00 each,Buy 2 for £7,baby-toddler
Nuby Baby And Toddler Cutlery,Nuby Baby And Toddler Cutlery,£4,,,baby-toddler
Nuby Baby And Toddler Plates,Nuby Baby And Toddler Plates2 per pack,£5,£2.50 each,Buy 2 for £7,baby-toddler
Nuby Baby And Toddler Tumblers,Nuby Baby And Toddler Tumblers2 per pack,£4,£2.00 each,Buy 2 for £7,baby-toddler
Nuby Bandana Teething Bibs,Nuby Bandana Teething Bibs2 per pack,£6,£3.00 each,,baby-toddler
Nuby Chewbies 2 Soothing Teethers 3M+,Nuby Chewbies 2 Soothing Teethers 3M+2 per pack,£4.49,£2.25 each,Buy 2 for £7,baby-toddler
Nuby Icy Bite Keys 3M+,Nuby Icy Bite Keys 3M+,£6,,,baby-toddler
Nuby Nasal Aspirator,Nuby Nasal Aspirator,£3.50,,,baby-toddler
Nuby Octopus Hoopla,Nuby Octopus Hoopla,£9,,,baby-toddler
Nuby Rocket Feeding Bowl,Nuby Rocket Feeding Bowl,£6,,,baby-toddler
 Nuby Sipeez First Cup Grip 'n' Sip 4-12M, Nuby Sipeez First Cup Grip 'n' Sip 4-12M,£3.70,,Buy 2 for £7,baby-toddler
 Nuby Sipeez Flip-It Beaker 12-18M, Nuby Sipeez Flip-It Beaker 12-18M,£5.49,,Buy 2 for £7,baby-toddler
Nuby Stackable Bowls,Nuby Stackable Bowls2 per pack,£9.25,£4.63 each,,baby-toddler
Nuby Super Slurp Beaker,Nuby Super Slurp Beaker18m,£7.50,41.7p per 1m,,baby-toddler
Nuby Teething Mitt 3M+,Nuby Teething Mitt 3M+,£7,,,baby-toddler
Nuby Thirsty Kids Active Cup Cool Sipper 18M+,Nuby Thirsty Kids Active Cup Cool Sipper 18M+,£5,,,baby-toddler
Nuby Thirsty Kids Active Cup Mighty Swig 18M+,Nuby Thirsty Kids Active Cup Mighty Swig 18M+,£7,,,baby-toddler
 Nuby Thirsty Kids Incredible Gulp 18M+, Nuby Thirsty Kids Incredible Gulp 18M+,£7,,,baby-toddler
Nuby Wacky Loop Teether         ,Nuby Wacky Loop Teether         ,£4.50,,Buy 2 for £7,baby-toddler
Nurofen for Children Baby Orange Oral Suspension 3+ months Ibuprofen,Nurofen for Children Baby Orange Oral S...100ml,£4,£4.00 per 100ml,,baby-toddler
Nurofen for Children Orange Oral Suspension 3mths to 9yrs Ibuprofen,Nurofen for Children Orange Oral Suspen...100ml,£3.85,£3.85 per 100ml,,baby-toddler
Nurofen for Children Strawberry Oral Suspension 3mths to 9yrs,Nurofen for Children Strawberry Ora...100ml,£3.85,£3.85 per 100ml,,baby-toddler
Nutmeg Baby Bath ,Nutmeg Baby Bath 500ml,£1.20,24p per 100ml,,baby-toddler
Nutmeg Baby Bedtime Bath,Nutmeg Baby Bedtime Bath500ml,£1.25,25p per 100ml,,baby-toddler
Nutmeg Baby Lotion ,Nutmeg Baby Lotion 500ml,£1.20,24p per 100ml,,baby-toddler
Nutmeg Baby Oil  ,Nutmeg Baby Oil  300ml,£1.50,50p per 100ml,,baby-toddler
Nutmeg Baby Powder ,Nutmeg Baby Powder 400g,£1.49,37.3p per 100g,,baby-toddler
Nutmeg Baby Shampoo ,Nutmeg Baby Shampoo 500ml,£1.20,24p per 100ml,,baby-toddler
Nutmeg Bottle To Cup Trainer 6M+,Nutmeg Bottle To Cup Trainer 6M+,£2.60,,,baby-toddler
Nutmeg Bowl,Nutmeg Bowl,£1.50,,,baby-toddler
Nutmeg Cottage Pie Baby Food  10M+ ,Nutmeg Cottage Pie Baby Food  10M+ 190g,£1,52.6p per 100g,,baby-toddler
Nutmeg Cotton Wool Buds       ,Nutmeg Cotton Wool Buds       200 per pack,59p,0.3p each,,baby-toddler
Nutmeg Cotton Wool Pads        ,Nutmeg Cotton Wool Pads        60 per pack,£1,1.7p each,,baby-toddler
Nutmeg Cotton Wool Pleat ,Nutmeg Cotton Wool Pleat ,£1.30,,,baby-toddler
Nutmeg Cushioned Maternity Towels,Nutmeg Cushioned Maternity Towels12 per pack,£1.50,12.5p each,,baby-toddler
Nutmeg Day & Night Soother 6-18M,Nutmeg Day & Night Soother 6-18M2 per pack,£2.75,£1.38 each,,baby-toddler
 Nutmeg Feeding Bowl & Spoon Set 6M+, Nutmeg Feeding Bowl & Spoon Set 6M+,£3.20,,,baby-toddler
Nutmeg Fragranced Baby Wipes,Nutmeg Fragranced Baby Wipes12 x 60 per pack,£8.50,1.2p each,,baby-toddler
Nutmeg Fragranced Baby Wipes,Nutmeg Fragranced Baby Wipes60 per pack,85p,1.4p each,Baby Wipes - Buy Any 3 for £2.20,baby-toddler
Nutmeg Fragranced Nappy Sacks ,Nutmeg Fragranced Nappy Sacks 150 per pack,99p,0.7p each,,baby-toddler
 Nutmeg Large Cotton Wool Balls , Nutmeg Large Cotton Wool Balls 100 per pack,£1.50,1.5p each,,baby-toddler
Nutmeg Mac & Cheese Baby Food 12M+ ,Nutmeg Mac & Cheese Baby Food 12M+ 200g,£1,50p per 100g,,baby-toddler
Nutmeg Mediterranean Style Rice & Chicken Baby Food 12M+ ,Nutmeg Mediterranean Style Rice &...200g,£1,50p per 100g,,baby-toddler
Nutmeg Milk Powder Dispenser,Nutmeg Milk Powder Dispenser,£2.25,,,baby-toddler
Nutmeg Nappy Cream ,Nutmeg Nappy Cream 200g,£2,£1.00 per 100g,,baby-toddler
Nutmeg Newborn Nappies Size 1 ,Nutmeg Newborn Nappies Size 1 50 per pack,£1.75,3.5p each,,baby-toddler
Nutmeg Newborn Nappies Size 1 ,Nutmeg Newborn Nappies Size 1 25 per pack,£1,4p each,,baby-toddler
 Nutmeg Newborn Nappies Size 2, Nutmeg Newborn Nappies Size 254 per pack,£2.25,4.2p each,,baby-toddler
Nutmeg Newborn Nappies Size 2,Nutmeg Newborn Nappies Size 233 per pack,£1.50,4.5p each,,baby-toddler
Nutmeg Petroleum Jelly,Nutmeg Petroleum Jelly150g,£1.50,£1.00 per 100g,,baby-toddler
Nutmeg Sensitive Baby Wipes,Nutmeg Sensitive Baby Wipes12 x 60 per pack,£8.50,1.2p each,,baby-toddler
Nutmeg Sensitive Baby Wipes ,Nutmeg Sensitive Baby Wipes 60 per pack,85p,1.4p each,Baby Wipes - Buy Any 3 for £2.20,baby-toddler
Nutmeg Soft Breast Pads ,Nutmeg Soft Breast Pads 40 per pack,£2,5p each,,baby-toddler
Nutmeg Soothers  6-18 Months (colours may vary),Nutmeg Soothers  6-18 Months (colours may vary)2 per pack,£2.75,£1.38 each,,baby-toddler
Nutmeg Spaghetti Bolognese Baby Food 10M+ ,Nutmeg Spaghetti Bologn...190g,£1,52.6p per 100g,,baby-toddler
Nutmeg Spaghetti Bolognese Baby Food  7M+ ,Nutmeg Spaghetti Bologn...130g,85p,65.4p per 100g,,baby-toddler
 Nutmeg Stainless Steel Cutlery Set 12M+, Nutmeg Stainless Steel Cutlery Set 12M+,£3.15,,,baby-toddler
 Nutmeg Standard Neck Feeding Bottles 0M+, Nutmeg Standard Neck Feeding Bottles 0M+3 per pack,£3.95,£1.32 each,,baby-toddler
"Nutmeg Sweet Potato, Carrot & Swede Baby Food 6M+ ","Nutmeg Sweet Potato, Carrot...70g",59p,84.3p per 100g,,baby-toddler
Nutmeg Swim Pants Large ,Nutmeg Swim Pants Large 10 per pack,£3.50,35p each,,baby-toddler
Nutmeg Swim Pants Medium ,Nutmeg Swim Pants Medium 11 per pack,£3.50,31.8p each,,baby-toddler
Nutmeg Swim Pants Small      ,Nutmeg Swim Pants Small      12 per pack,£3,25p each,,baby-toddler
Nutmeg Swim Pants Small ,Nutmeg Swim Pants Small 12 per pack,£3.50,29.2p each,,baby-toddler
Nutmeg Toddler Sensitive Fragrance Free Training Wipes ,Nutmeg Toddler Sensitive Fragra...60 per pack,85p,1.4p each,Baby Wipes - Buy Any 3 for £2.20,baby-toddler
 Nutmeg Tomato & Cheese Pasta 7M+, Nutmeg Tomato & Cheese Pasta 7M+130g,85p,65.4p per 100g,,baby-toddler
Nutmeg Top To Toe Baby Wash ,Nutmeg Top To Toe Baby Wash 500ml,£1.20,24p per 100ml,,baby-toddler
Nutmeg Ultra Dry Nappies Size 3 ,Nutmeg Ultra Dry Nappies Size 3 56 per pack,£3.25,5.8p each,,baby-toddler
Nutmeg Ultra Dry Nappies Size 4 ,Nutmeg Ultra Dry Nappies Size 4 48 per pack,£3.25,6.8p each,,baby-toddler
Nutmeg Ultra Dry Nappies Size 4 ,Nutmeg Ultra Dry Nappies Size 4 84 per pack,£5.25,6.3p each,,baby-toddler
Nutmeg Ultra Dry Nappies Size 4+ ,Nutmeg Ultra Dry Nappies Size 4+ 78 per pack,£5.25,6.7p each,,baby-toddler
Nutmeg Ultra Dry Nappies Size 4+ ,Nutmeg Ultra Dry Nappies Size 4+ 44 per pack,£3.25,7.4p each,,baby-toddler
Nutmeg Ultra Dry Nappies Size 5 ,Nutmeg Ultra Dry Nappies Size 5 72 per pack,£5.25,7.3p each,,baby-toddler
Nutmeg Ultra Dry Nappies Size 5 ,Nutmeg Ultra Dry Nappies Size 5 40 per pack,£3.25,8.1p each,,baby-toddler
Nutmeg Ultra Dry Nappies Size 5+ ,Nutmeg Ultra Dry Nappies Size 5+ 64 per pack,£5.25,8.2p each,,baby-toddler
Nutmeg Ultra Dry Nappies Size 5+ ,Nutmeg Ultra Dry Nappies Size 5+ 36 per pack,£3.25,9p each,,baby-toddler
Nutmeg Ultra Dry Nappies Size 6 ,Nutmeg Ultra Dry Nappies Size 6 30 per pack,£3.25,10.8p each,,baby-toddler
Nutmeg Ultra Dry Nappies Size 6 ,Nutmeg Ultra Dry Nappies Size 6 54 per pack,£5.25,9.7p each,,baby-toddler
Nutmeg Ultra Dry Nappies Size 6+ ,Nutmeg Ultra Dry Nappies Size 6+ 26 per pack,£3.25,12.5p each,,baby-toddler
Nutmeg Ultra Dry Nappies Size 6+ ,Nutmeg Ultra Dry Nappies Size 6+ 46 per pack,£5.25,11.4p each,,baby-toddler
Nutmeg Ultra Dry Pants Size 4 ,Nutmeg Ultra Dry Pants Size 4 40 per pack,£4.25,10.6p each,,baby-toddler
Nutmeg Ultra Dry Pants Size 4 ,Nutmeg Ultra Dry Pants Size 4 22 per pack,£2.70,12.3p each,,baby-toddler
Nutmeg Ultra Dry Pants Size 5 ,Nutmeg Ultra Dry Pants Size 5 36 per pack,£4.25,11.8p each,,baby-toddler
Nutmeg Ultra Dry Pants Size 5 ,Nutmeg Ultra Dry Pants Size 5 20 per pack,£2.70,13.5p each,,baby-toddler
Nutmeg Ultra Dry Pants Size 6 ,Nutmeg Ultra Dry Pants Size 6 32 per pack,£4.25,13.3p each,,baby-toddler
Nutmeg Ultra Dry Pants Size 6 ,Nutmeg Ultra Dry Pants Size 6 19 per pack,£2.70,14.2p each,,baby-toddler
Nutmeg Ultra Slim Maternity Towels,Nutmeg Ultra Slim Maternity Towels16 per pack,£1.45,9.1p each,,baby-toddler
Nutmeg Vegetable & Beef Hotpot Baby Food 12M+ ,Nutmeg Vegetable & Beef Hotpot Baby Food 12M+ 200g,£1,50p per 100g,,baby-toddler
Nutmeg Vegetable & Chicken Cous Cous Baby Food 10M+ ,Nutmeg Vegetable & Chicken Co...190g,£1,52.6p per 100g,,baby-toddler
Nutmeg Vegetable & Red Lentil Bake Baby Food 7M+ ,Nutmeg Vegetable & Red Lent...130g,85p,65.4p per 100g,,baby-toddler
Nutmeg Vegetable & Salmon Pie Baby Food  7M+ ,Nutmeg Vegetable & Salmon...130g,85p,65.4p per 100g,,baby-toddler
Nutmeg Vegetable Chilli Baby Food 12M+ ,Nutmeg Vegetable Chilli Baby Food 12M+ 200g,£1,50p per 100g,,baby-toddler
 Nutmeg Water Filled Teethers 3M+, Nutmeg Water Filled Teethers 3M+3 per pack,£3,£1.00 each,,baby-toddler
 Nutmeg Weaning Spoons 4M+, Nutmeg Weaning Spoons 4M+5 per pack,£2.50,50p each,,baby-toddler
Oilatum Bath Formula,Oilatum Bath Formula150ml,£5.25,£3.50 per 100ml,,baby-toddler
Olay Complete Care Sensitive Moisturiser Cream ,Olay Complete Care Sensit...50ml,£7,£14.00 per 100ml,,baby-toddler
Olay Double Action Day Moisturiser Cream Normal/Dry,Olay Double Action Day Moistu...50ml,£5,£10.00 per 100ml,,baby-toddler
Organic Babies Scent Free Mum & Baby Rescue Balm ,Organic Babies Scent Free Mum & Baby Rescue Balm 100ml,£13,£13.00 per 100ml,,baby-toddler
Organic Children Aloe Vera Lotion & After Sun ,Organic Children Aloe Vera Lotion & After Sun 150ml,£13.20,£8.80 per 100ml,,baby-toddler
Organic Children Berry Smoothie Bath & Shower Wash ,Organic Children Berry Smooth...200ml,£12.05,£6.03 per 100ml,,baby-toddler
Organic Children Berry Smoothie Shampoo ,Organic Children Berry Smoothie Shampoo 200ml,£12.05,£6.03 per 100ml,,baby-toddler
Organic Children Lavender Bath & Shower Wash ,Organic Children Lavender Bath & Shower Wash 200ml,£12,£6.00 per 100ml,,baby-toddler
Organic Children Lavender Shampoo ,Organic Children Lavender Shampoo 220ml,£11,£5.00 per 100ml,,baby-toddler
Organic Children Quick Clean Hand Foam,Organic Children Quick Clean Hand Foam100ml,£10,£10.00 per 100ml,,baby-toddler
Organix Alphabet Organic Toddler Snack Biscuits Multipack,Organix Alphabet Organic Toddler...125g,£2.30,£1.84 per 100g,,baby-toddler
Organix Animal Biscuits,Organix Animal Biscuits100g,£2,£2.00 per 100g,,baby-toddler
Organix Apple & Orange Soft Oaty Bars 12+ Months,Organix Apple & Orange Soft...180g,£3,£1.67 per 100g,,baby-toddler
Organix Apple Rice Cake Clouds,Organix Apple Rice Cake Clouds40g,£1.40,£3.50 per 100g,,baby-toddler
Organix Apple Rice Cake Clouds Multipack ,Organix Apple Rice Cake Clouds Multipack 4 x 18g,£2.80,£3.89 per 100g,,baby-toddler
Organix Banana Organic Soft Oat Snack Bars Multipack,Organix Banana Organic Soft O...6 x 30g,£3,£1.67 per 100g,,baby-toddler
 Organix Banana Puffcorn 12+ Months , Organix Banana Puffcorn 12+ Months 40g,£2.30,£5.75 per 100g,,baby-toddler
Organix Banana Rice Cake Clouds,Organix Banana Rice Cake Clouds40g,£1.40,£3.50 per 100g,,baby-toddler
Organix Barbecue Gruffalo Claws 12 Months +,Organix Barbecue Gruffa...4 x 15g,£2.30,£3.83 per 100g,,baby-toddler
Organix Carrot Cake Soft Oaty Bars 12+ Months ,Organix Carrot Cake Soft Oaty Bars 12+ Months 180g,£3,£1.67 per 100g,,baby-toddler
Organix Carrot Stix,Organix Carrot Stix4 x 15g,£2.30,£3.83 per 100g,,baby-toddler
 Organix Cheese & Herb Puffs 10+ Months, Organix Cheese & Herb Puffs 10+ Months4 x 15g,£2.30,£3.83 per 100g,,baby-toddler
Organix Cheese & Onion Gruffalo Claws 12+ Months,Organix Cheese & Onion Gruf...4 x 15g,£2.30,£3.83 per 100g,,baby-toddler
Organix Cherry Rice Cake Clouds,Organix Cherry Rice Cake Clouds40g,£1.40,£3.50 per 100g,,baby-toddler
Organix Choco Orange Soft Oaty Bars 12+ Months,Organix Choco Orange Soft...6 x 30g,£3,£1.67 per 100g,,baby-toddler
Organix Cocoa & Vanilla Gruffalo Biscuits 12+ Months,Organix Cocoa & Vanilla Gruff...5 x 20g,£2.80,£2.80 per 100g,,baby-toddler
Organix Finger Foods Tomato Slices,Organix Finger Foods Tomato Slices20g,80p,£4.00 per 100g,Buy 5 for £3,baby-toddler
Organix Goodies Gingerbread Men Biscuits,Organix Goodies Gingerbread Men Biscuits135g,£2.30,£1.70 per 100g,,baby-toddler
Organix Jammie Monsters Organic Jam Toddler Snack Biscuits Multipack,Organix Jammie Monsters Organic Jam Tod...8 x 8g,£2.80,£4.38 per 100g,,baby-toddler
 Organix Melty Carrot Puffs 6+ Months , Organix Melty Carrot Puffs 6+ Months 20g,80p,£4.00 per 100g,Buy 5 for £3,baby-toddler
 Organix Melty Carrot Puffs 7+ Months Stage 2, Organix Melty Carrot Puffs 7+ Months Stage 24 x 18g,£2.70,£3.75 per 100g,,baby-toddler
Organix Melty Organic Cheese Stars Baby Finger Food Snacks,Organix Melty Organic Cheese Star...20g,80p,£4.00 per 100g,Buy 5 for £3,baby-toddler
Organix Melty Sweetcorn Rings Organic Baby Finger Food Snack,Organix Melty Sweetcorn Rings Organ...20g,80p,£4.00 per 100g,Buy 5 for £3,baby-toddler
Organix Melty Veggie Sticks,Organix Melty Veggie Sticks4 x 15g,£2.50,£4.17 per 100g,,baby-toddler
Organix Melty Veggie Sticks,Organix Melty Veggie Sticks15g,80p,£5.33 per 100g,Buy 5 for £3,baby-toddler
Organix Mini Cheese Crackers ,Organix Mini Cheese Crackers 20g,70p,£3.50 per 100g,Buy 5 for £3,baby-toddler
Organix Mini Gingerbread Men Organic Toddler Snack Biscuits,Organix Mini Gingerbread Men Orga...25g,70p,£2.80 per 100g,Buy 5 for £3,baby-toddler
Organix Mini Organic Cheese Crackers Toddler Snack Multipack,Organix Mini Organic Cheese Cracker...80g,£2.20,£2.75 per 100g,,baby-toddler
Organix Mini Organic Oat & Banana Flapjack Toddler Snack,Organix Mini Organic Oat & Bana...4 x 20g,£2.80,35p per 10g,,baby-toddler
Organix Mini Organic Oat Toddler Snack Bar Bites,Organix Mini Organic Oat Toddler Snack Bar Bites110g,£2.30,£2.09 per 100g,,baby-toddler
Organix Oat & Raisin Mini Flapjack Bites ,Organix Oat & Raisin Mini Flapjack Bites 4 x 20g,£2.80,35p per 10g,,baby-toddler
 Organix Raisins , Organix Raisins 12 x 14g,£2.80,£1.67 per 100g,,baby-toddler
 Organix Raspberry & Apple Soft Oaty Bars 12+ Months , Organix Raspberry & Apple So...180g,£3,£1.67 per 100g,,baby-toddler
Organix Strawberry & Apple Soft Oaty Bars 12+ Months ,Organix Strawberry & Apple So...6 x 30g,£3,£1.67 per 100g,,baby-toddler
Organix Strawberry Rice Cake Clouds ,Organix Strawberry Rice Cake Clouds 40g,£1.40,£3.50 per 100g,,baby-toddler
Organix Summer Fruits Rice Cake Clouds ,Organix Summer Fruits Rice Cake Clouds 40g,£1.40,£3.50 per 100g,,baby-toddler
Original Sprout Baby 2 in 1 Hair & Body Wash ,Original Sprout Baby 2 in 1 Hair & Body Wash 354ml,£15.99,£4.52 per 100ml,,baby-toddler
Original Sprout Baby Cream ,Original Sprout Baby Cream 236ml,£15.99,£6.78 per 100ml,,baby-toddler
Original Sprout Children's Natural Shampoo ,Original Sprout Children's Natural Shampoo 354ml,£13.99,£3.95 per 100ml,,baby-toddler
Palmer's Cocoa Butter Formula Baby Butter,Palmer's Cocoa Butter Formula Baby Butter250ml,£5,£2.00 per 100ml,,baby-toddler
Palmer's Cocoa Butter Formula Baby Oil,Palmer's Cocoa Butter Formula Baby Oil150ml,£5,£3.33 per 100ml,,baby-toddler
Palmer's Cocoa Butter Formula with Vitamin E Concentrated Cream,Palmer's Cocoa Butter Formula with Vi...60g,£1.50,£2.50 per 100g,"Offer price £1.50, was £2.25",baby-toddler
Palmer's Cocoa Butter Lotion,Palmer's Cocoa Butter Lotion250ml,£3,£1.20 per 100ml,"Offer price £3, was £4.30",baby-toddler
Palmer's Cocoa    Butter Lotion    Pump ,Palmer's Cocoa    Butter Lotion    Pump 400ml,£4,£1.00 per 100ml,"Offer price £4, was £6",baby-toddler
Palmer's Cocoa Butter Skin Firming Butter,Palmer's Cocoa Butter Skin Firming Butter315g,£5.50,£1.75 per 100g,,baby-toddler
Palmer's Cocoa Butter Skin Therapy,Palmer's Cocoa Butter Skin Therapy60g,£7,£11.67 per 100g,,baby-toddler
Palmer's Cocoa Butter Stretch Mark Lotion,Palmer's Cocoa Butter Stretch Mark Lotion250ml,£5.50,£2.20 per 100ml,,baby-toddler
"Pampers Active Fit Nappies Size 4, 9kg-14kg, Essential Pack",Pampers Active Fit Nappies Size 4...37 per pack,£11,29.7p each,,baby-toddler
"Pampers Active Fit Nappies Size 4, 9kg-14kg, Jumbo+ Pack",Pampers Active Fit Nappies Size...60 per pack,£14.99,25p each,Buy 2 for £22,baby-toddler
"Pampers Active Fit Nappies Size 5, 11kg-16kg, Essential Pack",Pampers Active Fit Nappies Size 5...32 per pack,£11,34.4p each,,baby-toddler
"Pampers Active Fit Nappies Size 6, 13kg+, Essential Pack",Pampers Active Fit Nappies Size...28 per pack,£11,39.3p each,,baby-toddler
"Pampers Active Fit Nappy Pants Size 4, 9-15kg, Essential Pack",Pampers Active Fit Nappy Pants Size...30 per pack,£11,36.7p each,,baby-toddler
Pampers Active Fit Nappy Pants Size 4 Jumbo+ Pack,Pampers Active Fit Nappy Pants Size 4 Jumbo+ Pack54 per pack,£16.50,30.6p each,Buy 2 for £22,baby-toddler
Pampers Active Fit Nappy Pants Size 5 27 Pants,Pampers Active Fit Nappy Pants Size 5 27 Pants27 per pack,£11,40.7p each,,baby-toddler
Pampers Active Fit Nappy Pants Size 5 Jumbo+ Pack 44 Pants,Pampers Active Fit Nappy Pants Si...44 per pack,£16.50,37.5p each,Buy 2 for £22,baby-toddler
Pampers Active Fit Nappy Pants Size 6,Pampers Active Fit Nappy Pants Size 622 per pack,£11,50p each,,baby-toddler
Pampers Active Fit Nappy Pants Size 6 Jumbo+ Pack,Pampers Active Fit Nappy Pants Size 6 Jumbo+ Pack42 per pack,£16.50,39.3p each,Buy 2 for £22,baby-toddler
Pampers Aqua Harmonie Plastic Free Baby Wipes,Pampers Aqua Harmonie Plastic Free Baby Wipes,£16,,,baby-toddler
Pampers Baby-Dry Nappies Size 4 ,Pampers Baby-Dry Nappies Size 4 44 per pack,£6.50,14.8p each,"Offer price £6.50, was £11",baby-toddler
Pampers Baby-Dry Nappies Size 4 9-14kg Jumbo+ Pack,Pampers Baby-Dry Nappies Si...86 per pack,£16.50,19.2p each,Buy 2 for £22,baby-toddler
"Pampers Baby-Dry Nappies Size 5, 11-16kg Essential Pack",Pampers Baby-Dry Nappies Size 5...39 per pack,£6.50,16.7p each,"Offer price £6.50, was £11",baby-toddler
"Pampers Baby-Dry Nappies Size 5,11-16kg Jumbo+ Pack",Pampers Baby-Dry Nappies Size...72 per pack,£16.50,22.9p each,Buy 2 for £22,baby-toddler
"Pampers Baby-Dry Nappies Size 6, 13-18kg Jumbo+ Pack",Pampers Baby-Dry Nappies Size...62 per pack,£16.50,26.6p each,Buy 2 for £22,baby-toddler
Pampers Baby-Dry Nappies Size 6 13-18kg Essential Pack ,Pampers Baby-Dry Nappies Size 6...33 per pack,£6.50,19.7p each,"Offer price £6.50, was £11",baby-toddler
"Pampers Baby-Dry Nappies Size 8, 17+kg Jumbo+ Pack",Pampers Baby-Dry Nappies Si...52 per pack,£16.50,31.7p each,Buy 2 for £22,baby-toddler
Pampers Baby-Dry Nappies Size 8 17+kg Essential Pack,Pampers Baby-Dry Nappies Size...27 per pack,£6.50,24.1p each,"Offer price £6.50, was £11",baby-toddler
Pampers Baby-Dry Nappy Pants Size 3,Pampers Baby-Dry Nappy Pants Size 350 per pack,£11,22p each,,baby-toddler
Pampers Baby-Dry Nappy Pants Size 3,Pampers Baby-Dry Nappy Pants Size 344 per pack,£11,25p each,,baby-toddler
Pampers Baby-Dry Nappy Pants Size 4,Pampers Baby-Dry Nappy Pants Size 438 per pack,£11,28.9p each,,baby-toddler
 Pampers Baby-Dry Nappy Pants Size 4 Pants Jumbo + Pack, Pampers Baby-Dry Nappy Pants S...74 per pack,£16.50,22.3p each,Buy 2 for £22,baby-toddler
Pampers Baby-Dry Nappy Pants Size 5,Pampers Baby-Dry Nappy Pants Size 533 per pack,£11,33.3p each,,baby-toddler
Pampers Baby-Dry Nappy Pants Size 5 Pants Jumbo + Pack,Pampers Baby-Dry Nappy Pants Si...60 per pack,£16.50,27.5p each,Buy 2 for £22,baby-toddler
Pampers Baby-Dry Nappy Pants Size 6,Pampers Baby-Dry Nappy Pants Size 628 per pack,£11,39.3p each,,baby-toddler
 Pampers Baby-Dry Nappy Pants Size 6 Pants Jumbo + Pack, Pampers Baby-Dry Nappy Pants S...52 per pack,£16.50,31.7p each,Buy 2 for £22,baby-toddler
Pampers Baby-Dry Nappy Pants Size 7,Pampers Baby-Dry Nappy Pants Size 725 per pack,£11,44p each,,baby-toddler
"Pampers Baby-Dry Nappy Pants Size 7, 17+kg, Jumbo+ Pack",Pampers Baby-Dry Nappy Pants Si...48 per pack,£16.50,34.4p each,Buy 2 for £22,baby-toddler
Pampers Baby-Dry Night Nappy Pants Size 4 Night Nappies 9kg-15kg,Pampers Baby-Dry Night Nappy Pants Si...32 per pack,£11,34.4p each,,baby-toddler
Pampers Baby-Dry Night Nappy Pants Size 5 Night Nappies 12kg-17kg,Pampers Baby-Dry Night Nappy Pants Si...28 per pack,£11,39.3p each,,baby-toddler
Pampers Baby-Dry Size 7,Pampers Baby-Dry Size 758 per pack,£16.50,28.4p each,Buy 2 for £22,baby-toddler
Pampers Baby Dry Nappy Pants Size 8,Pampers Baby Dry Nappy Pants Size 822 per pack,£11,50p each,,baby-toddler
Pampers Baby Dry Nappy Pants Size 8 Jumbo ,Pampers Baby Dry Nappy Pants Size 8 Jumbo 43 per pack,£16.50,38.4p each,Buy 2 for £22,baby-toddler
Pampers Baby Dry Night Pants Size 6 Extra Protection,Pampers Baby Dry Night Pants...24 per pack,£11,45.8p each,,baby-toddler
Pampers Baby Dry Size 7 30 Nappies 15kg Plus Essential Pack,Pampers Baby Dry Size 7 30 Nappie...30 per pack,£6.50,21.7p each,"Offer price £6.50, was £11",baby-toddler
Pampers Fresh Clean Baby Wipes ,Pampers Fresh Clean Baby Wipes 52 per pack,£1.15,2.2p each,Buy 2 for £2,baby-toddler
Pampers Fresh Clean Baby Wipes,Pampers Fresh Clean Baby Wipes4 x 52 per pack,£3.95,1.9p each,,baby-toddler
Pampers Harmonie Aqua Baby Wipes Plastic Free,Pampers Harmonie Aqua Baby Wipes Plastic Free48 per pack,£2.50,5.2p each,,baby-toddler
Pampers Harmonie Aqua Baby Wipes Plastic Free,Pampers Harmonie Aqua Baby Wipes Plastic Free3 x 48 per pack,£6.50,4.5p each,,baby-toddler
Pampers Harmonie Size 3 31 Nappies 6kg-10kg Essential Pack,Pampers Harmonie Size 3 31 Nappie...31 per pack,£11,35.5p each,,baby-toddler
Pampers Harmonie Size 4 28 Nappies 9kg-14kg Essential Pack,Pampers Harmonie Size 4 28 Nappie...28 per pack,£11,39.3p each,,baby-toddler
Pampers Harmonie Size 5 24 Nappies 11kg-16kg Essential Pack,Pampers Harmonie Size 5 24 Nappie...24 per pack,£11,45.8p each,,baby-toddler
"Pampers New Baby Nappies Size 1, 2kg-5kg, Carry Pack",Pampers New Baby Nappies Size...22 per pack,£5,22.7p each,,baby-toddler
"Pampers New Baby Nappies Size 1, 2kg-5kg, Essential Pack",Pampers New Baby Nappies Size 1...50 per pack,£8,16p each,Buy 2 for £14,baby-toddler
"Pampers New Baby Nappies Size 1, 2kg-5kg, Jumbo+ Pack",Pampers New Baby Nappies Size...80 per pack,£12.99,16.2p each,Buy 2 for £21,baby-toddler
"Pampers New Baby Nappies Size 2, 4kg-8kg, Essential Pack",Pampers New Baby Nappies Size 2...46 per pack,£8,17.4p each,Buy 2 for £14,baby-toddler
"Pampers New Baby Nappies Size 2, 4kg-8kg, Jumbo+ Pack",Pampers New Baby Nappies Size...76 per pack,£12.99,17.1p each,Buy 2 for £21,baby-toddler
"Pampers New Baby Nappies Size 3, 6kg-10kg, Essential Pack",Pampers New Baby Nappies Size 3...42 per pack,£8,19p each,Buy 2 for £14,baby-toddler
"Pampers New Baby Nappies Size 3,  6kg-10kg, Jumbo+ Pack",Pampers New Baby Nappies Size 3...72 per pack,£12.99,18p each,Buy 2 for £21,baby-toddler
Pampers New Baby Sensitive Baby Wipes ,Pampers New Baby Sensitive Baby Wipes 50 per pack,£2,4p each,,baby-toddler
Pampers New Baby Sensitive Baby Wipes,Pampers New Baby Sensitive Baby Wipes12 x 50 per pack,£15,2.5p each,,baby-toddler
Pampers New Baby Sensitive Baby Wipes Quad ,Pampers New Baby Sensit...4 x 50 per pack,£6.50,3.3p each,,baby-toddler
Pampers New Baby Size 0,Pampers New Baby Size 024 per pack,£5,20.8p each,,baby-toddler
Pampers Ninjamas Pyjama Pants Boys 4-7 Years,Pampers Ninjamas Pyjama...10 per pack,£6.50,65p each,,baby-toddler
Pampers Ninjamas Pyjama Pants Boys 8-12 Years,Pampers Ninjamas Pyjama P...9 per pack,£6.50,72.2p each,,baby-toddler
Pampers Ninjamas Pyjama Pants Girls 8-12 Years,Pampers Ninjamas Pyjama P...9 per pack,£6.50,72.2p each,,baby-toddler
Pampers Ninjamas Pyjama Pants Nappies Pull On Size 7 Giant Plus,Pampers Ninjamas Pyjama Pants Nappies...10 per pack,£6.50,65p each,,baby-toddler
Pampers Sensitive Baby Wipes,Pampers Sensitive Baby Wipes4 x 52 per pack,£3.95,1.9p each,,baby-toddler
Pampers Sensitive Baby Wipes,Pampers Sensitive Baby Wipes12 x 52 per pack,£12,1.9p each,,baby-toddler
 Pampers Sensitive Fragrance Free Baby Wipes , Pampers Sensitive Fragra...52 per pack,£1.15,2.2p each,Buy 2 for £2,baby-toddler
Piccolo Organic Apple & Cherry Yoghurt 6+ Months,Piccolo Organic Apple & Cherry Yoghurt 6+ Months100g,£1.40,£1.40 per 100g,,baby-toddler
"Piccolo Organic Apple, Banana & Blueberry 4+ Months","Piccolo Organic Apple, Banana...100g",£1.40,£1.40 per 100g,,baby-toddler
"Piccolo Organic Blushing Berries, Pear & Banana 4+ Months",Piccolo Organic Blushing Berries...100g,£1.40,£1.40 per 100g,,baby-toddler
Piccolo Organic Bolognese Sauce,Piccolo Organic Bolognese Sauce120g,£1.40,£1.17 per 100g,,baby-toddler
Piccolo Organic Classic Tomato Stir-In Sauce 7+ Months,Piccolo Organic Classic Tomato...120g,£1.50,£1.25 per 100g,,baby-toddler
Piccolo Organic Garden Vegetables Three Grain Risotto with Cheese 7+ Months,Piccolo Organic Garden Vegetabl...130g,£1.90,£1.46 per 100g,Buy 4 for £6.50,baby-toddler
Piccolo Organic Mini Stars Pasta for Baby Cooking 7+ Months,Piccolo Organic Mini Stars Pasta...500g,£2.20,44p per 100g,,baby-toddler
"Piccolo Organic Pear, Apple & Spring Greens 4+ Months","Piccolo Organic Pear, Apple &...100g",£1.40,£1.40 per 100g,,baby-toddler
"Piccolo Organic Pear, Banana, Coconut & Baby Rice 6+ Months","Piccolo Organic Pear, Banana, Coc...100g",£1.40,£1.40 per 100g,,baby-toddler
Piccolo Organic Purple & Go Fruit & Veg Smoothie Multipack 6+ Months,Piccolo Organic Purple & Go Fruit & Veg...4 x 90g,£3.70,10.3p per 10g,,baby-toddler
Piccolo Organic Red & Go Fruit & Veg Smoothie Multipack 6+ Months,Piccolo Organic Red & Go Fruit & Veg...4 x 90g,£3.70,10.3p per 10g,,baby-toddler
Piccolo Organic Spring Vegetables & Chicken Casserole with Rice 7+ Months,Piccolo Organic Spring Vegetabl...130g,£1.90,£1.46 per 100g,Buy 4 for £6.50,baby-toddler
Piccolo Organic Squash Mac & Cheese 7+ Months,Piccolo Organic Squash Mac & Cheese 7+ Months130g,£1.90,£1.46 per 100g,Buy 4 for £6.50,baby-toddler
"Piccolo Organic Strawberry, Banana & Peach 4+ Months","Piccolo Organic Strawberry, B...100g",£1.40,14p per 10g,,baby-toddler
Piccolo Organic Sweet Potato & Beef Meatballs 7+ Months,Piccolo Organic Sweet Potato &...130g,£1.90,£1.46 per 100g,Buy 4 for £6.50,baby-toddler
"Piccolo Organic Sweet Potato, Beetroot, Pear & Apple 4+ Months ","Piccolo Organic Sweet Potato, Beetroo...100g",£1.40,£1.40 per 100g,,baby-toddler
Piccolo Organic Sweet Tomato & Mozzarella Spaghetti 7+ Months,Piccolo Organic Sweet Tomato & Mozz...130g,£1.90,£1.46 per 100g,Buy 4 for £6.50,baby-toddler
"Potette Plus 2in1 Folding Portable Potty, White","Potette Plus 2in1 Folding Portable Potty, White",£17,£17.00 each,,baby-toddler
Potette Plus Potty Liners,Potette Plus Potty Liners30 per pack,£13.20,44p each,,baby-toddler
Pregnacare Conception,Pregnacare Conception30 per pack,£8.50,28.3p each,,baby-toddler
Ramer Ultra Soft Baby Sponge Twinpack,Ramer Ultra Soft Baby Sponge Twinpack2 per pack,£3,£1.50 each,,baby-toddler
Rex London Llama Jumbo Bag,Rex London Llama Jumbo Bag,£6,£6.00 each,,baby-toddler
Sass & Belle Bee Bamboo Spoons ,Sass & Belle Bee Bamboo Spoons 3 per pack,£5.25,£1.75 each,,baby-toddler
Sensodyne Pronamel Kids Enamel Toothpaste 6-12 Years,Sensodyne Pronamel Kids Ename...50ml,£2,£4.00 per 100ml,,baby-toddler
Seven Seas Pregnancy Trying for a Baby Conception Vitamins 28 Tablets,Seven Seas Pregnancy Trying f...28 per pack,£5.50,19.6p each,,baby-toddler
Seven Seas Pregnancy Vitamins with Folic Acid 28 Tablets,Seven Seas Pregnancy Vitamins w...28 per pack,£6,21.4p each,,baby-toddler
SMA 1 First Baby Milk Formula From Birth,SMA 1 First Baby Milk Formula From Birth200ml,£1.05,52.5p per 100ml,,baby-toddler
SMA 1 First Baby Milk Formula From Birth,SMA 1 First Baby Milk Formula From Birth1L,£4.45,44.5p per 100ml,,baby-toddler
SMA 1 First Baby Milk Formula Starter Pack From Birth,SMA 1 First Baby Milk Formula...6 x 70ml,£8.80,£2.10 per 100ml,,baby-toddler
SMA 2 Follow On Baby Milk Formula,SMA 2 Follow On Baby Milk Formula200ml,£1.05,52.5p per 100ml,Buy 5 for £5,baby-toddler
Sma Advanced 1 From Birth First Infant Milk ,Sma Advanced 1 From Birth First Infant Milk 800g,£15.50,£1.94 per 100g,,baby-toddler
Sma Advanced 2 6+ Months Follow - On Milk ,Sma Advanced 2 6+ Months Follow - On Milk 800g,£15.50,£1.94 per 100g,,baby-toddler
Sma Advanced 3 12 Months To 3 Years Growing Up Milk ,Sma Advanced 3 12 Months To 3...800g,£15.50,£1.94 per 100g,,baby-toddler
SMA Anti Reflux Baby Milk Formula From Birth,SMA Anti Reflux Baby Milk Formula From Birth800g,£16,£2.00 per 100g,,baby-toddler
SMA Comfort Easy to Digest Infant Milk from Birth ,SMA Comfort Easy to Digest...800g,£16,£2.00 per 100g,,baby-toddler
SMA Extra Hungry Baby Milk Formula From Birth,SMA Extra Hungry Baby Milk Formula From Birth800g,£13.50,£1.69 per 100g,,baby-toddler
S M A Lactose Free Formula From Birth ,S M A Lactose Free Formula From Birth 400g,£8.50,£2.13 per 100g,,baby-toddler
 SMA Little Steps 1-3 Years Growing Up Milk, SMA Little Steps 1-3 Years Growing Up Milk800g,£9.25,£1.16 per 100g,,baby-toddler
Sma Little Steps First Infant Ready To Drink Milk,Sma Little Steps First Infant Ready To Drink Milk200ml,85p,42.5p per 100ml,,baby-toddler
Sma Little Steps Follow On Milk,Sma Little Steps Follow On Milk200ml,85p,42.5p per 100ml,Buy 4 for £3,baby-toddler
SMA Little Steps Organic Banana Popcorn Puffs,SMA Little Steps Organic Banana Popcorn Puffs35g,£1.60,£4.57 per 100g,,baby-toddler
Sma Pro 1 From Birth First Infant Milk,Sma Pro 1 From Birth First Infant Milk2 x 600g,£17,£1.42 per 100g,,baby-toddler
SMA Pro 2 Follow On Baby Milk Formula,SMA Pro 2 Follow On Baby Milk Formula800g,£13.50,£1.69 per 100g,,baby-toddler
SMA PRO First Infant Milk From Birth,SMA PRO First Infant Milk From Birth800g,£13.50,£1.69 per 100g,,baby-toddler
SMA Pro Growing Up Milk 1-3 Years,SMA Pro Growing Up Milk 1-3 Years800g,£13,£1.63 per 100g,,baby-toddler
 SMA Ready to Drink Growing Up Milk 12 Months- 3 Years, SMA Ready to Drink Growing Up...200ml,95p,47.5p per 100ml,Buy 5 for £4.50,baby-toddler
S M A Soya Infant Formula From Birth,S M A Soya Infant Formula From Birth800g,£16.50,£2.06 per 100g,,baby-toddler
Snuffle Babe Nasal Spray ,Snuffle Babe Nasal Spray 15ml,£4.25,£28.33 per 100ml,,baby-toddler
Snuffle babe Saline Drops,Snuffle babe Saline Drops10ml,£3,£30.00 per 100ml,,baby-toddler
Snuffle Babe Vapour Oil ,Snuffle Babe Vapour Oil 10ml,£8.49,£84.90 per 100ml,,baby-toddler
Solution Eu Ltd Non - Slip Potty,Solution Eu Ltd Non - Slip Potty,£6,,,baby-toddler
Solution Eu Ltd Non - Slip Step Stool,Solution Eu Ltd Non - Slip Step Stool,£6,,,baby-toddler
Sudocrem Antiseptic Healing Cream,Sudocrem Antiseptic Healing Cream125g,£3.25,£2.60 per 100g,,baby-toddler
Sudocrem Antiseptic Healing Cream,Sudocrem Antiseptic Healing Cream250g,£4.90,£1.96 per 100g,,baby-toddler
Sudocrem Care And Protect,Sudocrem Care And Protect100g,£10,£10.00 per 100g,,baby-toddler
Sudocrem Naturals Nappy Cream,Sudocrem Naturals Nappy Cream30g,£5.99,£19.97 per 100g,,baby-toddler
Sudosalve Nappy Rash Treatment Cream,Sudosalve Nappy Rash Treatment Cream25g,£6,£24.00 per 100g,,baby-toddler
TENA Incontinence Pants Plus L,TENA Incontinence Pants Plus L8 per pack,£9.50,£1.19 each,"TENA Unisex Pants - Buy 3, Save 5%",baby-toddler
TENA Incontinence Pants Plus M,TENA Incontinence Pants Plus M9 per pack,£9.50,£1.06 each,"TENA Unisex Pants - Buy 3, Save 5%",baby-toddler
TENA Incontinence Pants Plus XL,TENA Incontinence Pants Plus XL12 per pack,£13.95,£1.16 each,"TENA Unisex Pants - Buy 3, Save 5%",baby-toddler
TENA Incontinence Pants Super M,TENA Incontinence Pants Super M12 per pack,£13.95,£1.16 each,"TENA Unisex Pants - Buy 3, Save 5%",baby-toddler
TENA Lady Discreet Normal Incontinence Pads Duo,TENA Lady Discreet Normal...,£5,,,baby-toddler
TENA Lady Extra Incontinence Pads,TENA Lady Extra Incontinence Pads10 per pack,£2.25,22.5p each,,baby-toddler
TENA Lady Extra Incontinence Pads Duo,TENA Lady Extra Incontinence Pads Duo2 x 10 per pack,£5,25p each,,baby-toddler
TENA Lady Extra Plus Incontinence Pads,TENA Lady Extra Plus Incontinence Pads8 per pack,£2.25,28.1p each,,baby-toddler
TENA Lady Extra Plus Incontinence Pads Duo,TENA Lady Extra Plus Incontinence Pads Duo16 per pack,£4.99,31.2p each,,baby-toddler
TENA Lady Maxi Night Incontinence Pads,TENA Lady Maxi Night Incontinence Pads6 per pack,£2.25,37.5p each,,baby-toddler
TENA Lady Maxi Night Incontinence Pads Duo,TENA Lady Maxi Night Incontinence Pads Duo2 x 6 per pack,£5,41.7p each,,baby-toddler
TENA Lady Silhouette Incontinence Pants Normal L Duo,TENA Lady Silhouette Incontin...2 x 5 per pack,£8.49,84.9p each,,baby-toddler
TENA Lady Silhouette Incontinence Pants Normal M Duo,TENA Lady Silhouette Incontin...2 x 6 per pack,£8.49,70.8p each,,baby-toddler
Tena Pants Super Large,Tena Pants Super Large12 per pack,£13.95,£1.16 each,"TENA Unisex Pants - Buy 3, Save 5%",baby-toddler
Tena Silhouette Underwear High Waist Plus Black Large,Tena Silhouette Underwear Hig...8 per pack,£8.49,£1.06 each,,baby-toddler
Tena Silhouette Underwear High Waist Plus Black Medium,Tena Silhouette Underwear High...9 per pack,£8.49,94.3p each,,baby-toddler
Tilda Kids Sunshine Vegetable Rice,Tilda Kids Sunshine Vegetable Rice125g,£1.15,92p per 100g,,baby-toddler
Tilda Kids Vegetable Paella ,Tilda Kids Vegetable Paella 125g,£1.15,92p per 100g,,baby-toddler
 Tommee Tippee 2 Milk Feeding Bibs 0M+, Tommee Tippee 2 Milk Feeding Bibs 0M+2 per pack,£5.49,£2.75 each,,baby-toddler
Tommee Tippee 3 Twist & Click Softly Scented Citrus Refills,Tommee Tippee 3 Twist & Click Sof...,£14.99,,,baby-toddler
Tommee Tippee Active Sippee Cup 12M +,Tommee Tippee Active Sippee Cup 12M +,£5,,,baby-toddler
Tommee Tippee Advanced Anti - Colic 2 260Ml Decorated Bottles 0M+,Tommee Tippee Advanced Anti - Colic 2...,£13,,"Offer price £13, was £19.99",baby-toddler
Tommee Tippee Advanced Anti-Colic 260Ml 9 Floz Bottle,Tommee Tippee Advanced Anti-C...,£7.49,,,baby-toddler
Tommee Tippee Advanced Anti-Colic Med Flow Teats,Tommee Tippee Advanced Anti-Colic Med Flow Teats2 per pack,£5.49,£2.75 each,Buy 2 for £8,baby-toddler
Tommee Tippee Any Time 2 Soothers 18-36 Months,Tommee Tippee Any Time 2 Soothers 18-36 Months,£5.60,,Buy 2 for £8,baby-toddler
 Tommee Tippee Anytime Orthodontic Soothers 0-6M, Tommee Tippee Anytime Orth...2 per pack,£5.60,£2.80 each,Buy 2 for £8,baby-toddler
 Tommee Tippee Big Kids 1st Cutlery Set 12M+, Tommee Tippee Big Kids 1st Cutlery Set 12M+,£2.50,,"Offer price £2.50, was £4.99",baby-toddler
Tommee Tippee Closer To Nature 0+ Months Vari Flow Teats ,Tommee Tippee Closer To Nature 0+...2 per pack,£5.50,£2.75 each,Buy 2 for £8,baby-toddler
Tommee Tippee Closer To Nature 0-6 Months Fun Soothers  (Colours may vary),Tommee Tippee Closer To Nature...2 per pack,£6,£3.00 each,Buy 2 for £8,baby-toddler
Tommee Tippee Closer To Nature 260Ml Bottle 0M+,Tommee Tippee Closer To Nature 260Ml Bottle 0M+,£5,,"Offer price £5, was £7.49",baby-toddler
 Tommee Tippee Closer To Nature 6 Milk Powder Dispensers , Tommee Tippee Closer To Nature 6...6 per pack,£5.49,91.5p each,,baby-toddler
Tommee Tippee Closer To Nature Baby Bottles Months,Tommee Tippee Closer To Nat...3 x 150ml,£11,£2.45 per 100ml,"Offer price £11, was £16.99",baby-toddler
Tommee Tippee Closer To Nature Bottle & Teat Brush,Tommee Tippee Closer To Nature Bottle & Teat Brush,£4.49,,,baby-toddler
 Tommee Tippee Closer To Nature Bottles 0M+, Tommee Tippee Closer To Nature Bottles 0M+3 per pack,£12,£4.00 each,"Offer price £12, was £17.99",baby-toddler
Tommee Tippee Closer To Nature Easivent Fast Flow Teats ,Tommee Tippee Closer To Nature...2 per pack,£5.50,£2.75 each,Buy 2 for £8,baby-toddler
Tommee Tippee Closer To Nature Easivent Medium Flow Teats,Tommee Tippee Closer To Nature Ea...2 per pack,£5.50,£2.75 each,Buy 2 for £8,baby-toddler
Tommee Tippee Closer To Nature Manual Breast Pump,Tommee Tippee Closer To Nat...,£30,,,baby-toddler
Tommee Tippee Easi-Warm Bottle And Food Warmer,Tommee Tippee Easi-Warm B...,£30,,,baby-toddler
Tommee Tippee Easiflow 360 Degree Cup 12M+,Tommee Tippee Easiflow 360 Degree Cup 12M+250ml,£5.99,£2.40 per 100ml,,baby-toddler
Tommee Tippee Easiflow 360 Degree Cup 6M+,Tommee Tippee Easiflow 360 Degree Cup 6M+200ml,£5.99,£3.00 per 100ml,,baby-toddler
Tommee Tippee Essentials Brush And Comb                 ,Tommee Tippee Essentials Brush And Comb                 2 per pack,£2.49,£1.25 each,,baby-toddler
Tommee Tippee Essentials Nail Clippers              ,Tommee Tippee Essentials Nail Clippers              ,£3,,,baby-toddler
Tommee Tippee Essentials Scissors                     ,Tommee Tippee Essentials Scissors                     ,£3,,,baby-toddler
Tommee Tippee Fast Flow Advanced Anti - Colic 2 Teats 6M+,Tommee Tippee Fast Flow Advanced...,£5.50,,Buy 2 for £8,baby-toddler
 Tommee Tippee Flippee Trainer Cup 4M+, Tommee Tippee Flippee Trainer Cup 4M+,£2,,,baby-toddler
 Tommee Tippee Fun Style Orthodontic Soothers 18-36M, Tommee Tippee Fun Style Orth...2 per pack,£5.60,£2.80 each,Buy 2 for £8,baby-toddler
 Tommee Tippee Fun Style Orthodontic Soothers 6-18M, Tommee Tippee Fun Style Orth...2 per pack,£5.60,£2.80 each,Buy 2 for £8,baby-toddler
Tommee Tippee Girls Anytime Soother 6-18M,Tommee Tippee Girls Anytime Soother 6-18M2 per pack,£4.99,£2.50 each,,baby-toddler
Tommee Tippee Go Prep Formula Feed Maker,Tommee Tippee Go Prep Formula Feed Maker,£44.99,,,baby-toddler
Tommee Tippee Heat Sense Weaning Spoon,Tommee Tippee Heat Sense Weaning Spoon4 x 4 per pack,£2.50,15.6p each,"Offer price £2.50, was £3.49",baby-toddler
Tommee Tippee Insulated Straw,Tommee Tippee Insulated Straw12 x 266ml,£5.99,18.8p per 100ml,Buy 2 for £8,baby-toddler
 Tommee Tippee Made For Me Manual Breast Pump, Tommee Tippee Made For Me Manual Breast Pump,£31.99,,,baby-toddler
 Tommee Tippee Micro-Steam Microwave Steriliser, Tommee Tippee Micro-Stea...,£34.99,,,baby-toddler
Tommee Tippee Mixed Colour Anytime Soother 6 - 18 Months,Tommee Tippee Mixed Colour Anyt...2 per pack,£6,£3.00 each,Buy 2 for £8,baby-toddler
Tommee Tippee Night Time Orthodontic Soothers,Tommee Tippee Night Time...2 x 6m,£5.99,49.9p per 1m,Buy 2 for £8,baby-toddler
 Tommee Tippee Night time Orthodontic Soothers 18-36M, Tommee Tippee Night time Ort...2 per pack,£5.60,£2.80 each,Buy 2 for £8,baby-toddler
 Tommee Tippee Night Time Orthodontic Soothers 6-18M, Tommee Tippee Night Time Ort...2 per pack,£5.60,£2.80 each,Buy 2 for £8,baby-toddler
Tommee Tippee No Knock Cup 12+M ,Tommee Tippee No Knock Cup 12+M 300ml,£7,£2.33 per 100ml,,baby-toddler
  Tommee Tippee Orthodontic Anytime Soother 6-18M,  Tommee Tippee Orthodontic...2 per pack,£4.99,£2.50 each,,baby-toddler
Tommee Tippee Perfect Prep Replacement Filter,Tommee Tippee Perfect Prep Replacement Filter,£13.49,,,baby-toddler
Tommee Tippee Pop Up Pots 4 Months+,Tommee Tippee Pop Up Pots 4 Months+4 per pack,£4.30,£1.08 each,"Offer price £4.30, was £4.99",baby-toddler
Tommee Tippee Sip Cup,Tommee Tippee Sip Cup,£5.99,,Buy 2 for £8,baby-toddler
Tommee Tippee Sippee Cup ,Tommee Tippee Sippee Cup ,£5.99,,Buy 2 for £8,baby-toddler
Tommee Tippee Softee Weaning Spoons,Tommee Tippee Softee Weaning Spoons5 per pack,£2.50,50p each,"Offer price £2.50, was £3.49",baby-toddler
Tommee Tippee Straw Cup,Tommee Tippee Straw Cup,£5.99,,Buy 2 for £8,baby-toddler
Tommee Tippee  Super Star Cup,Tommee Tippee  Super Star Cup,£5.99,,Buy 2 for £8,baby-toddler
Tommee Tippee Super Star Sportee Cupp,Tommee Tippee Super Star Sportee Cupp,£5.99,,Buy 2 for £8,baby-toddler
Tommee Tippee Training Sippee Cup,Tommee Tippee Training Sippee Cup,£5,,,baby-toddler
Vaseline Intensive Care Aloe Soothe Body Lotion,Vaseline Intensive Care Aloe Soothe Body Lotion400ml,£3,75p per 100ml,"Offer price £3, was £6",baby-toddler
Vaseline Intensive Care Cocoa Lotion,Vaseline Intensive Care Cocoa Lotion400ml,£3,75p per 100ml,"Offer price £3, was £6",baby-toddler
Vaseline Petroleum Jelly,Vaseline Petroleum Jelly100ml,£2,£2.00 per 100ml,,baby-toddler
Vicks BabyRub Ointment For Soothing and Relaxing Baby Massage Jar,Vicks BabyRub Ointment For Soothing a...50g,£4.50,£9.00 per 100g,,baby-toddler
Vitabiotics Pregnacare Max Dual Pack Tablets / Capsules,Vitabiotics Pregnacare Max Dual...84 per pack,£16,19p each,,baby-toddler
Vitabiotics Pregnacare Original Vitamin Capsules,Vitabiotics Pregnacare Original Vitamin Capsules30 per pack,£4,13.3p each,,baby-toddler
Vitabiotics Pregnacare Plus,Vitabiotics Pregnacare Plus56 per pack,£12,21.4p each,,baby-toddler
Vitabiotics Wellbaby Multi Vitamin Drops ,Vitabiotics Wellbaby Multi Vitamin Drops 30ml,£5,£16.67 per 100ml,,baby-toddler
Vitabiotics Wellbaby Vitamin D Drops ,Vitabiotics Wellbaby Vitamin D Drops 30ml,£5,£16.67 per 100ml,,baby-toddler
Vitabiotics Wellkid Calcium Liquid,Vitabiotics Wellkid Calcium Liquid150ml,£5,£3.33 per 100ml,,baby-toddler
Waterwipes Baby Box Multipack Wipes,Waterwipes Baby Box Multipack Wipes12 x 60 per pack,£28.99,4p each,,baby-toddler
Waterwipes Biodegradable Baby Wipes ,Waterwipes Biodegra...4 x 60 per pack,£10.99,4.6p each,,baby-toddler
Waterwipes Biodegradable Baby Wipes ,Waterwipes Biodegra...9 x 60 per pack,£21.99,4.1p each,,baby-toddler
Waterwipes Biodegradable Baby Wipes ,Waterwipes Biodegra...60 per pack,£2.25,3.8p each,"Offer price £2.25, was £3",baby-toddler
Waterwipes Biodegradable Textured Baby Wipes ,Waterwipes Biodegradable...60 per pack,£2.25,3.8p each,"Offer price £2.25, was £3",baby-toddler
Waterwipes Weaning Biodegradable Baby Wipes,Waterwipes Weaning Biod...4 x 60 per pack,£10.99,4.6p each,,baby-toddler
Weleda Baby & Child Calendula Nappy Change Cream,Weleda Baby & Child Calendu...75ml,£7.50,£10.00 per 100ml,,baby-toddler
Weleda Baby Calendula Face Cream,Weleda Baby Calendula Face Cream50ml,£10.50,£21.00 per 100ml,,baby-toddler
Weleda Baby Calendula Moisturising Body Cream,Weleda Baby Calendula Moisturising Body Cream75ml,£9.75,£13.00 per 100ml,,baby-toddler
Weleda Baby Calendula Soap,Weleda Baby Calendula Soap100g,£5.50,£5.50 per 100g,,baby-toddler
Weleda Baby Chamomile Teething Granules,Weleda Baby Chamomile Teething Granules29g,£6.25,£21.55 per 100g,,baby-toddler
Weleda Calendula Shampoo & Body Wash ,Weleda Calendula Shampoo & Body Wash 200ml,£7.95,£3.98 per 100ml,,baby-toddler
Weleda Nipple Balm,Weleda Nipple Balm25g,£8.25,£33.00 per 100g,,baby-toddler
Well Kid Baby Syrup,Well Kid Baby Syrup150ml,£5,£3.33 per 100ml,,baby-toddler
Westlab Soothing Dead Sea Bath Salt,Westlab Soothing Dead Sea Bath Salt1kg,£2.80,28p per 100g,,baby-toddler
Woodwards Gripe Water,Woodwards Gripe Water150ml,£4,£2.67 per 100ml,,baby-toddler
Morrisons Cream Crackers,Morrisons C...300g,55p,18.3p per 100g,,bakery-cakes
Wikinger 5 Hot Dogs Bockwurst Style in Brine (380g),Wikinger 5 Hot...200g,£1.49,74.5p per 100g,,bakery-cakes
Morrisons Tomato Puree,Morrisons Tomato Puree200g,59p,£2.95 per kg,"Offer price 59p, was 79p",bakery-cakes
7 Days Cocoa Filling Croissants  Family Pack,7 Days Cocoa Filling Croissants  Family Pack5 per pack,£1.09,21.8p each,,bakery-cakes
7 Days Croissants With Cocoa Filling,7 Days Croissants With Cocoa Filling80g,59p,73.8p per 100g,,bakery-cakes
7 Days Mini Croissant With Cocoa Filling ,7 Days Mini Croissant With Cocoa Filling 185g,£1.09,58.9p per 100g,,bakery-cakes
Avengers Celebration Cake Serves 16,Avengers Celebration Cake Serves 16,£13.99,,,bakery-cakes
Bonne Maman Madeleine 7 Freshly Wrapped Cakes ,Bonne Maman Madeleine 7 Freshly Wrapped Cakes 7 per pack,£2.59,37p each,,bakery-cakes
Bonne Maman Madeleine With Milk Chocolate 7 Freshly Wrapped Cakes ,Bonne Maman Madeleine With Milk Chocola...7 per pack,£2.59,37p each,,bakery-cakes
Bosh Vanilla Happy Birthday Vegan Celebration Cake,Bosh Vanilla Happy Birthday...,£8.99,,,bakery-cakes
Brioche Pasquier Pitch Choc Chip Brioche,Brioche Pasquier Pitch Choc Chip Brioche6 per pack,£1.75,29.2p each,,bakery-cakes
Brioche Pasquier Pitch Chocolate Flavour Filled Brioche,Brioche Pasquier Pitch Chocolat...6 per pack,£1.75,29.2p each,,bakery-cakes
Cadbury Cake Bars Crunchie,Cadbury Cake Bars Crunchie5 per pack,£2.25,45p each,,bakery-cakes
Cadbury Cake Bars Fudge,Cadbury Cake Bars Fudge5 per pack,£2.25,45p each,,bakery-cakes
Cadbury Chocolate Mini Rolls,Cadbury Chocolate Mini Rolls5 per pack,£2.35,47p each,,bakery-cakes
Cadbury Creme Egg Chocolate Cakes,Cadbury Creme Egg Chocolate Cakes5 per pack,£2.25,45p each,,bakery-cakes
Cadbury Crunchie Celebration Cake Serves 14,Cadbury Crunchie Celebr...,£14.99,,,bakery-cakes
Cadbury Dairy Milk Brownie Mini Bites ,Cadbury Dairy Milk Brownie Mini Bites 14 per pack,£2.39,17.1p each,Buy 2 for £3.50,bakery-cakes
Cadbury Dairy Milk Caramel Layer Celebration Cake Serves 8,Cadbury Dairy Milk Caramel Layer...,£4.99,,,bakery-cakes
Cadbury Dairy Milk Cookies Mini Bites,Cadbury Dairy Milk Cookies Mini Bites196g,£2.39,£1.22 per 100g,Buy 2 for £3.50,bakery-cakes
Cadbury Dairy Milk Cornflake Cluster Mini Bites,Cadbury Dairy Milk Cornfl...,£2.39,,Buy 2 for £3.50,bakery-cakes
Cadbury Flake Celebration Cake Serves 12,Cadbury Flake Celebration Cake Serves 12,£14.99,,,bakery-cakes
Cadbury Heroes Cupcakes ,Cadbury Heroes Cupcakes 9 per pack,£7.99,88.8p each,,bakery-cakes
Cadbury Milk Chocolate Cake Bars,Cadbury Milk Chocolate Cake Bars5 per pack,£2.25,45p each,,bakery-cakes
Cadbury Mini Eggs Chocolate Cakes,Cadbury Mini Eggs Chocolate Cakes5 per pack,£2.25,45p each,,bakery-cakes
Cadbury Mini Eggs Nest Cakes ,Cadbury Mini Eggs Nest Cakes 4 per pack,£2.50,62.5p each,,bakery-cakes
Cadbury Mini Rolls Milk Chocolate Family Size,Cadbury Mini Rolls Milk Chocolate Family Size10 per pack,£3,30p each,,bakery-cakes
Cadbury Mini Rolls Raspberry Family Size,Cadbury Mini Rolls Raspberry Family Size10 per pack,£3,30p each,,bakery-cakes
Cadbury Raspberry Mini   Rolls,Cadbury Raspberry Mini   Rolls5 per pack,£2.35,47p each,,bakery-cakes
Cadburys Caramel Cake Bars,Cadburys Caramel Cake Bars5 per pack,£2.25,45p each,,bakery-cakes
Cadburys Chocolate Gateau with Mini Eggs,Cadburys Chocolate Gateau with Mini Eggs,£3.25,,,bakery-cakes
Carbzone LowCarb Tomato Tortillas Wraps,Carbzone LowCarb Tomato Tortillas Wraps8 x 40g,£5,£1.56 per 100g,,bakery-cakes
Cocomelon Celebration Cake Serves 16,Cocomelon Celebration Cake Serves 16,£13.99,,,bakery-cakes
Comerford Choc Roll ,Comerford Choc Roll 400g,£1.99,49.8p per 100g,"Offer price £1.99, was £2.25",bakery-cakes
Comerford Ripple Roll,Comerford Ripple Roll400g,£1.99,49.8p per 100g,"Offer price £1.99, was £2.25",bakery-cakes
Deli Kitchen Carb Lite Wraps,Deli Kitchen Carb Lite Wraps6 per pack,£1.75,29.2p each,,bakery-cakes
Deli Kitchen Greek Style Flatbreads,Deli Kitchen Greek Style Flatbreads4 per pack,£1.65,41.3p each,,bakery-cakes
Deli Kitchen Mini Plain Tortillas,Deli Kitchen Mini Plain Tortillas6 per pack,£1.09,18.2p each,,bakery-cakes
Deli Kitchen Plain Folded Flatbreads,Deli Kitchen Plain Folded Flatbreads6 per pack,£1.40,23.3p each,,bakery-cakes
Deli Kitchen Plain Tortillas,Deli Kitchen Plain Tortillas6 per pack,£1.59,26.5p each,,bakery-cakes
Deli Kitchen Sliced Focaccia,Deli Kitchen Sliced Focaccia4 per pack,£1.65,41.3p each,,bakery-cakes
Deli Kitchen Wheat & White Tortillas,Deli Kitchen Wheat & White Tortillas6 per pack,£1.59,26.5p each,,bakery-cakes
Dessert Company Chocolate Eclairs,Dessert Company Chocolate Eclairs2 per pack,£2,£1.00 each,,bakery-cakes
Dessert Company Strawberry Eclairs,Dessert Company Strawberry Eclairs2 per pack,£2,£1.00 each,,bakery-cakes
Dina Paninette Large White Bread Wraps,Dina Paninette Large White Bread Wraps5 per pack,£1.05,21p each,,bakery-cakes
Dina Paninette Wholemeal Bread Wraps,Dina Paninette Wholemeal Bread Wraps5 per pack,£1.05,21p each,,bakery-cakes
Dina White Mini Pitta Bread,Dina White Mini Pitta Bread8 per pack,65p,8.1p each,,bakery-cakes
Dina White Pitta Bread,Dina White Pitta Bread420g,65p,15.5p per 100g,,bakery-cakes
Disney Princess Celebration Cake Serves 16,Disney Princess Celebra...,£13.99,,,bakery-cakes
Dr. Oetker 18 Party Candles,Dr. Oetker 18 Party Candles,£1.55,,,bakery-cakes
Dr. Oetker 18 Tall Candles,Dr. Oetker 18 Tall Candles18 per pack,£1.49,8.3p each,,bakery-cakes
Dr. Oetker 6 Celebration Candles,Dr. Oetker 6 Celebration Candles,£1.99,,,bakery-cakes
Dr. Oetker Lettered Happy Birthday Candles,Dr. Oetker Lettered Happy Birthday Candles,£1.95,,,bakery-cakes
Galaxy Caramel Cake Bars,Galaxy Caramel Cake Bars5 per pack,£2,40p each,Buy 2 for £2.50,bakery-cakes
Galaxy Chocolate Cake Bars,Galaxy Chocolate Cake Bars5 per pack,£2,40p each,Buy 2 for £2.50,bakery-cakes
Galaxy Ripple Indulgent Chocolate Celebration Cake Serves 12,Galaxy Ripple Indulgent Chocolate C...,£13.99,,,bakery-cakes
Galaxy Triple Chocolate Celebration Cake Serves 8,Galaxy Triple Chocolate Celebration Cake Serves 8,£3.99,,,bakery-cakes
Genius Gluten Free Chocolate Cupcake ,Genius Gluten Free Chocolate Cupcake 2 per pack,£2.39,£1.20 each,Buy 2 for £3.20,bakery-cakes
Genius Gluten Free Crumpets ,Genius Gluten Free Crumpets 220g,£2.25,£1.02 per 100g,Buy 2 for £3.20,bakery-cakes
Genius Gluten Free Sliced Spicy Fruit Loaf ,Genius Gluten Free Sliced Spicy Fruit Loaf 400g,£2.69,67.3p per 100g,,bakery-cakes
Genius Gluten Free Soft Brown Sandwich loaf,Genius Gluten Free Soft Brown Sandwich loaf535g,£2.90,54.2p per 100g,,bakery-cakes
Genius Gluten Free Soft White Farmhouse Loaf,Genius Gluten Free Soft White Farmhouse Loaf535g,£2.90,54.2p per 100g,,bakery-cakes
Genius Gluten Free Triple Seeded Sandwich Loaf,Genius Gluten Free Triple Seeded Sandwich Loaf535g,£2.99,55.9p per 100g,,bakery-cakes
Genius Gluten Free White Sandwich Loaf,Genius Gluten Free White Sandwich Loaf430g,£2.90,67.4p per 100g,,bakery-cakes
Gordons Premium Pink Luscious Layer Celebration Cake Serves 16,Gordons Premium Pink Lusc...,£12,,,bakery-cakes
Hovis 4 Rustic Seeded Rolls,Hovis 4 Rustic Seeded Rolls4 per pack,£1.50,37.5p each,"Offer price £1.50, was £1.79",bakery-cakes
Hovis 4 Rustic White Rolls,Hovis 4 Rustic White Rolls4 per pack,£1.50,37.5p each,"Offer price £1.50, was £1.79",bakery-cakes
Hovis Bake At Home White Baguettes,Hovis Bake At Home White Baguettes2 per pack,£1.50,75p each,"Offer price £1.50, was £1.79",bakery-cakes
Hovis Best of Both Medium Bread,Hovis Best of Both Medium Bread750g,£1.19,15.9p per 100g,,bakery-cakes
Hovis Best of Both Thick Bread,Hovis Best of Both Thick Bread750g,£1.19,15.9p per 100g,,bakery-cakes
Hovis Cheese Topped Rolls ,Hovis Cheese Topped Rolls 4 per pack,£1.69,42.3p each,,bakery-cakes
Hovis Farmhouse Soft White Bread,Hovis Farmhouse Soft White Bread800g,£1.19,14.9p per 100g,,bakery-cakes
Hovis Granary Cob,Hovis Granary Cob450g,£1.85,41.1p per 100g,,bakery-cakes
Hovis Granary Wholemeal Bread,Hovis Granary Wholemeal Bread800g,£1.95,24.4p per 100g,"Offer price £1.95, was £2.15",bakery-cakes
Hovis Nimble Malted Danish,Hovis Nimble Malted Danish400g,£1.29,32.3p per 100g,,bakery-cakes
Hovis Nimble Wholemeal Bread,Hovis Nimble Wholemeal Bread400g,£1.29,32.3p per 100g,,bakery-cakes
Hovis Original Granary Bread,Hovis Original Granary Bread400g,£1.39,34.8p per 100g,,bakery-cakes
Hovis Original Granary Medium Bread,Hovis Original Granary Medium Bread800g,£1.95,24.4p per 100g,"Offer price £1.95, was £2.15",bakery-cakes
Hovis Original Wheatgerm Bread,Hovis Original Wheatgerm Bread400g,£1.29,32.3p per 100g,,bakery-cakes
Hovis Premium Burger Buns,Hovis Premium Burger Buns4 per pack,£1.69,42.3p each,,bakery-cakes
Hovis Premium Hot Dog Rolls ,Hovis Premium Hot Dog Rolls 4 per pack,£1.69,42.3p each,,bakery-cakes
Hovis Scotch Pancakes,Hovis Scotch Pancakes9 per pack,£1.25,13.9p each,,bakery-cakes
Hovis Seeded Batch Bread,Hovis Seeded Batch Bread800g,£1.50,18.8p per 100g,Buy 2 for £2.50,bakery-cakes
Hovis Seeded Cob ,Hovis Seeded Cob 450g,£1.85,41.1p per 100g,,bakery-cakes
Hovis Seeded Deli Rolls,Hovis Seeded Deli Rolls4 per pack,£1.69,42.3p each,,bakery-cakes
Hovis Seed Sensations Seven Seeds Bread,Hovis Seed Sensations Seven Seeds Bread800g,£2.15,26.9p per 100g,,bakery-cakes
Hovis Seed Sensations Seven Seeds Bread ,Hovis Seed Sensations Seven Seeds Bread 400g,£1.39,34.8p per 100g,,bakery-cakes
Hovis Soft White Extra Thick Bread,Hovis Soft White Extra Thick Bread800g,£1.45,18.1p per 100g,Buy 2 for £2.50,bakery-cakes
Hovis Soft White Medium Bread,Hovis Soft White Medium Bread800g,£1.45,18.1p per 100g,Buy 2 for £2.50,bakery-cakes
Hovis Soft White Thick Bread ,Hovis Soft White Thick Bread 800g,£1.45,18.1p per 100g,Buy 2 for £2.50,bakery-cakes
Hovis Tasty Wholemeal Bread ,Hovis Tasty Wholemeal Bread 400g,£1.29,32.3p per 100g,,bakery-cakes
Hovis Tasty Wholemeal Medium Bread,Hovis Tasty Wholemeal Medium Bread800g,£1.45,18.1p per 100g,Buy 2 for £2.50,bakery-cakes
Hovis Tasty Wholemeal Thick Bread,Hovis Tasty Wholemeal Thick Bread800g,£1.45,18.1p per 100g,Buy 2 for £2.50,bakery-cakes
Hovis White Cob ,Hovis White Cob 450g,£1.85,41.1p per 100g,,bakery-cakes
Irwin's Together Fruit Loaf ,Irwin's Together Fruit Loaf 400g,£1.79,44.8p per 100g,,bakery-cakes
Irwin's Together Mini Soda Breads,Irwin's Together Mini Soda Breads4 per pack,£1.39,34.8p each,,bakery-cakes
Irwin's Together Potato Breads,Irwin's Together Potato Breads4 per pack,£1.49,37.3p each,,bakery-cakes
Jason's Grains And Seeds Ciabattin Sourdough,Jason's Grains And Seeds Ciabattin Sourdough580g,£1.70,29.3p per 100g,"Offer price £1.70, was £2",bakery-cakes
Jason's Sourdough The Great White Straight Up Sourdough,Jason's Sourdough The Great Whi...450g,£1.50,33.3p per 100g,"Offer price £1.50, was £1.80",bakery-cakes
Jason's White Ciabattin Sourdough,Jason's White Ciabattin Sourdough580g,£1.70,29.3p per 100g,"Offer price £1.70, was £2",bakery-cakes
Jurassic World T-Rex Celebration Cake Serves 16,Jurassic World T-Rex Cele...,£12,,,bakery-cakes
Kingsmill No Crusts Wholemeal Bread,Kingsmill No Crusts Wholemeal Bread400g,£1.79,44.8p per 100g,,bakery-cakes
La Boulangere Plain Stonebaked Baguette ,La Boulangere Plain Stonebaked Baguette 250g,£1.99,79.6p per 100g,,bakery-cakes
Lee's Jam Teacakes,Lee's Jam Teacakes12 per pack,£1.09,9.1p each,,bakery-cakes
Lewis & Green Lemon Layer Cake,Lewis & Green Lemon Layer Cake,£1.49,,,bakery-cakes
Lewis & Green Ripple Layer Cake,Lewis & Green Ripple Layer Cake,£1.49,,,bakery-cakes
Lewis Green Choc Chip Muffins,Lewis Green Choc Chip Muffins12 per pack,£1.49,12.4p each,,bakery-cakes
M&Ms 4 Loaded Brownies,M&Ms 4 Loaded Brownies,£2.99,,,bakery-cakes
Malteser Rocky Road,Malteser Rocky Road4 per pack,£2.99,74.8p each,,bakery-cakes
Maltesers Cake Bars,Maltesers Cake Bars5 per pack,£2,40p each,Buy 2 for £2.50,bakery-cakes
Maltesers Chocolate Celebration Cake Serves 8,Maltesers Chocolate Celebration Cake Serves 8,£3.99,,,bakery-cakes
Market Street Caramel Crispy Bites ,Market Street Caramel Crispy Bites 18 per pack,£2.49,13.8p each,Buy 2 for £3.50,bakery-cakes
Market Street Caramel Shortcake ,Market Street Caramel Shortcake 22 per pack,£2.49,11.3p each,Buy 2 for £3.50,bakery-cakes
Market Street Chocolate Cupcakes ,Market Street Chocolate Cupcakes 2 per pack,£1.79,89.5p each,"Offer price £1.79, was £1.99",bakery-cakes
Market Street Chocolate Topped Flapjacks ,Market Street Chocolate Topped Flapjacks 16 per pack,£2.49,15.6p each,Buy 2 for £3.50,bakery-cakes
Market Street Cornflake Clusters ,Market Street Cornflake Clusters 20 per pack,£2.49,12.5p each,Buy 2 for £3.50,bakery-cakes
Market Street Double Chocolate Brownie Bites,Market Street Double Chocolate Brownie Bites22 per pack,£2.49,11.3p each,Buy 2 for £3.50,bakery-cakes
Market Street Egg Custard Tarts ,Market Street Egg Custard Tarts 2 per pack,95p,47.5p each,Buy 2 for £1.40,bakery-cakes
Market Street Flapjack Bites,Market Street Flapjack Bites22 per pack,£2.49,11.3p each,Buy 2 for £3.50,bakery-cakes
Market Street Gingerbread Man         ,Market Street Gingerbread Man         ,99p,,,bakery-cakes
Market Street Large Chocolate Eclairs ,Market Street Large Chocolate Eclairs 2 per pack,£1.99,99.5p each,Buy 2 for £3.50,bakery-cakes
Market Street Mini Snowballs ,Market Street Mini Snowballs 14 per pack,£2.49,17.8p each,Buy 2 for £3.50,bakery-cakes
Market Street Rocky Road Mini Bites ,Market Street Rocky Road Mini Bites 195g,£2.49,£1.28 per 100g,Buy 2 for £3.50,bakery-cakes
Market Street Salted Caramel Shortbread Squares,Market Street Salted Cara...18 per pack,£2.49,13.8p each,Buy 2 for £3.50,bakery-cakes
Market Street Shortbread Bites,Market Street Shortbread Bites18 per pack,£2.49,13.8p each,Buy 2 for £3.50,bakery-cakes
Market Town Bakery Banana & Chocolate Chip Loaf Cake ,Market Town Bakery Banana & C...370g,£2.99,80.8p per 100g,,bakery-cakes
Market Town Bakery Cherry Loaf Cake ,Market Town Bakery Cherry Loaf Cake 370g,£2.95,79.7p per 100g,,bakery-cakes
Market Town Bakery Classic Flapjack ,Market Town Bakery Classic Flapjack 275g,£1.99,72.4p per 100g,,bakery-cakes
Market Town Bakery Genoa Cake ,Market Town Bakery Genoa Cake 400g,£2.95,73.8p per 100g,,bakery-cakes
Market Town Bakery Ginger Loaf Cake ,Market Town Bakery Ginger Loaf Cake 370g,£2.95,79.7p per 100g,,bakery-cakes
Market Town Bakery Madeira Loaf Cake ,Market Town Bakery Madeira Loaf Cake 370g,£2.95,79.7p per 100g,,bakery-cakes
Market Town Bakery Rich Port & Brandy Cake ,Market Town Bakery Rich Port & Brandy Cake 400g,£2.95,73.8p per 100g,,bakery-cakes
Market Town Bakery Salted Caramel Flapjack ,Market Town Bakery Salted Caramel Flapjack 275g,£1.99,72.4p per 100g,,bakery-cakes
Market Town Bakery Spiced Fruit Cake ,Market Town Bakery Spiced Fruit Cake 400g,£2.95,73.8p per 100g,,bakery-cakes
Market Town Bakery Zesty Lemon Loaf Cake ,Market Town Bakery Zesty Lemon Loaf Cake 370g,£2.95,79.7p per 100g,,bakery-cakes
Mars The Ultimate Chocolate Traybake,Mars The Ultimate Chocolate Traybake715g,£9.75,£1.36 per 100g,,bakery-cakes
McVitie's Digestives Caramel Slices,McVitie's Digestives Caramel Slices5 per pack,£1.25,25p each,,bakery-cakes
McVitie's Digestives Chocolate Slices,McVitie's Digestives Chocolate Slices5 per pack,£1.25,25p each,,bakery-cakes
McVitie's Hobnobs Flapjacks With Milk Chocolate,McVitie's Hobnobs Flapjac...5 per pack,£1.25,25p each,,bakery-cakes
McVitie's Jaffa Cake Bars,McVitie's Jaffa Cake Bars5 per pack,£2,40p each,Buy 2 for £2.50,bakery-cakes
McVitie's Jamaica Ginger Cake,McVitie's Jamaica Ginger Cake237g,£1.49,62.9p per 100g,,bakery-cakes
McVitie's Lyle's Golden Syrup Cake,McVitie's Lyle's Golden Syrup Cake,£1.49,,,bakery-cakes
Mcvitie's Toasting Waffles ,Mcvitie's Toasting Waffles 8 per pack,£1.75,21.9p each,,bakery-cakes
"Metaltex Plastic Bag Clips Large, Assorted Colours","Metaltex Plastic Bag Clips Large, Assorted Colours4 per pack",£1.99,49.8p each,,bakery-cakes
Me To You Gift Cake Serves 4,Me To You Gift Cake Serves 4,£4.99,,,bakery-cakes
Milky Way Cake Bars,Milky Way Cake Bars5 per pack,£2,40p each,Buy 2 for £2.50,bakery-cakes
Mission Deli Chargrilled Wraps,Mission Deli Chargrilled Wraps6 per pack,£1.59,26.5p each,,bakery-cakes
Mission Deli Original Mini Wraps,Mission Deli Original Mini Wraps6 per pack,£1.09,18.2p each,,bakery-cakes
Mission Deli Plain Tortilla Wraps,Mission Deli Plain Tortilla Wraps6 per pack,£1.59,26.5p each,,bakery-cakes
Mission Deli Wheat & White Mini Wraps ,Mission Deli Wheat & White Mini Wraps 6 per pack,£1.09,18.2p each,,bakery-cakes
Mission Deli Wheat & White Wraps,Mission Deli Wheat & White Wraps6 per pack,£1.59,26.5p each,,bakery-cakes
Morrisons 6 Angel Cake Slices,Morrisons 6 Angel Cake Slices6 per pack,£1.25,20.8p each,,bakery-cakes
Morrisons 6 Bakewell Cake Slices,Morrisons 6 Bakewell Cake Slices6 per pack,£1.25,20.8p each,,bakery-cakes
Morrisons 6 Carrot Cake Slices,Morrisons 6 Carrot Cake Slices6 per pack,£1.25,20.8p each,,bakery-cakes
Morrisons 6 Country Cake Slices,Morrisons 6 Country Cake Slices6 per pack,£1.25,20.8p each,,bakery-cakes
Morrisons 8 Mini Plain Tortillas,Morrisons 8 Mini Plain Tortillas,85p,,,bakery-cakes
Morrisons All Butter Croissants,Morrisons All Butter Croissants8 per pack,£2.19,27.4p each,,bakery-cakes
Morrisons Almond Fingers   ,Morrisons Almond Fingers   6 per pack,£1.39,23.2p each,,bakery-cakes
Morrisons Angel Layer Cake,Morrisons Angel Layer Cake,£1.59,,,bakery-cakes
Morrisons        Assorted Jam     Tarts ,Morrisons        Assorted Jam     Tarts 6 x 1 per pack,99p,16.5p each,"Offer price 99p, was £1.15",bakery-cakes
Morrisons Bake at Home Crusty White Rolls,Morrisons Bake at Home Crusty White Rolls4 per pack,£1.09,27.3p each,,bakery-cakes
Morrisons Busy Bee Celebration Cake Serves 8,Morrisons Busy Bee Celebration Cake Serves 8535g,£8.49,£1.59 per 100g,,bakery-cakes
Morrisons Butter Brioche Rolls,Morrisons Butter Brioche Rolls8 per pack,£1.55,19.4p each,,bakery-cakes
Morrisons Butterfly Buns,Morrisons Butterfly Buns6 per pack,£1.49,24.8p each,,bakery-cakes
Morrisons Butter Muffins,Morrisons Butter Muffins4 per pack,99p,24.8p each,,bakery-cakes
Morrisons Cake Shop 2 Fresh Cream Strawberry & Custard Tart,Morrisons Cake Shop 2 Fresh Cream...2 per pack,£1.99,99.5p each,Buy 2 for £3.50,bakery-cakes
Morrisons Cake Shop Profiterole Stack,Morrisons Cake Shop Profiterole Stack12 per pack,£3.49,29.1p each,,bakery-cakes
Morrisons Caramelised Biscuit Cake,Morrisons Caramelised Biscuit Cake,£13.99,,,bakery-cakes
Morrisons Caterpillar Cupcakes,Morrisons Caterpillar Cupcakes4 per pack,£2.49,62.3p each,,bakery-cakes
Morrisons Cheddar Cheese Muffins,Morrisons Cheddar Cheese Muffins4 per pack,99p,24.8p each,,bakery-cakes
Morrisons Cherry Madeira Slab Cake,Morrisons Cherry Madeira Slab Cake,£1.59,,,bakery-cakes
Morrisons Choc Chip Brioche Rolls,Morrisons Choc Chip Brioche Rolls8 per pack,£1.55,19.4p each,,bakery-cakes
Morrisons Chocolate & Vanilla Jumbo Swiss Roll,Morrisons Chocolate & Vanilla Jumbo Swiss Roll,£1.55,,,bakery-cakes
Morrisons Chocolate Brownie Bar,Morrisons Chocolate Brownie Bar50g,£1.25,£2.50 per 100g,Food To Go Meal Deal for £3.50,bakery-cakes
Morrisons Chocolate Celebration Cake,Morrisons Chocolate Celebration Cake,£4.69,,,bakery-cakes
Morrisons Chocolate Cornflake Nests With Eggs,Morrisons Chocolate Cornf...2 per pack,£1.49,74.5p each,,bakery-cakes
Morrisons Chocolate Pancakes,Morrisons Chocolate Pancakes8 per pack,79p,9.9p each,,bakery-cakes
Morrisons Coconut Cakes,Morrisons Coconut Cakes6 per pack,£1.69,28.2p each,,bakery-cakes
Morrisons Coconut Sponge Cake,Morrisons Coconut Sponge Cake,£1.99,,,bakery-cakes
Morrisons Corn Tortilla Wrap,Morrisons Corn Tortilla Wrap8 per pack,£1.15,14.4p each,,bakery-cakes
Morrisons Counted Wholemeal Danish Bread ,Morrisons Counted Wholemeal Danish Bread 300g,65p,21.7p per 100g,,bakery-cakes
Morrisons Croissants ,Morrisons Croissants 6 per pack,£2.09,34.8p each,,bakery-cakes
Morrisons Crumpets,Morrisons Crumpets6 per pack,55p,9.2p each,,bakery-cakes
Morrisons Cupcake Platter,Morrisons Cupcake Platter12 per pack,£6.39,53.3p each,,bakery-cakes
Morrisons Decorate Your Own Celebration Cake Serves 12,Morrisons Decorate Your Own Cel...,£7.59,,,bakery-cakes
Morrisons Deliciously Chocolatey Celebration Cake Serves 16,Morrisons Deliciously Chocolatey...,£7.59,,,bakery-cakes
Morrisons Deliciously Chocolatey Celebration Cake Serves 8,Morrisons Deliciously Chocolatey...,£7.59,,,bakery-cakes
Morrisons Easter Bunny Cupcakes,Morrisons Easter Bunny Cupcakes2 per pack,£1.30,65p each,,bakery-cakes
Morrisons Easter Bunny Gingerbread Biscuit,Morrisons Easter Bunny Gingerbread Biscuit,99p,,,bakery-cakes
Morrisons Easter Decorate Your Own Gingerbread Egg,Morrisons Easter Decorate Y...5 per pack,£1.99,39.8p each,,bakery-cakes
Morrisons Fairy Princess Ball Celebration Cake Serves 8,Morrisons Fairy Princess Ball C...,£7.59,,,bakery-cakes
Morrisons Finger Rolls,Morrisons Finger Rolls6 per pack,85p,14.2p each,,bakery-cakes
Morrisons Flapjack Cake Bars,Morrisons Flapjack Cake Bars5 per pack,£1.20,24p each,,bakery-cakes
Morrisons Flooded Bunny Cupcakes,Morrisons Flooded Bunny Cupcakes2 per pack,£1.39,69.5p each,,bakery-cakes
Morrisons Floral Bouquet Celebration Cake Serves 16,Morrisons Floral Bouquet Cele...1.2kg,£13.99,£1.17 per 100g,,bakery-cakes
Morrisons Free From Cranberry & Orange Mini Bites,Morrisons Free From Cranber...135g,£2.99,£2.21 per 100g,,bakery-cakes
Morrisons Free From Shortbread Minis ,Morrisons Free From Shortbread Minis 250g,£3.49,£1.40 per 100g,,bakery-cakes
Morrisons Fresh Cream Sponge,Morrisons Fresh Cream Sponge,£2.99,,,bakery-cakes
Morrisons Fruited Teacakes,Morrisons Fruited Teacakes6 per pack,£1.05,17.5p each,,bakery-cakes
Morrisons  Fruity Flapjack Cake Bars,Morrisons  Fruity Flapjack Cake Bars175g,£1.20,68.6p per 100g,,bakery-cakes
Morrisons Garlic & Coriander Naan Bread,Morrisons Garlic & Coriander Naan Bread2 x 130g,£1.25,48.1p per 100g,,bakery-cakes
Morrisons Gingerbread Valentine Decorating Kit,Morrisons Gingerbread Valentine Decorating Kit,£2,,,bakery-cakes
Morrisons Gooey Chocolate Traybake Serves 15,Morrisons Gooey Chocola...,£7,,,bakery-cakes
Morrisons Happy Birthday Chocolate Celebration Cake Serves 16,Morrisons Happy Birthday Chocolate...,£9.99,,,bakery-cakes
Morrisons Hot Cross Buns ,Morrisons Hot Cross Buns 6 per pack,£1.15,19.2p each,,bakery-cakes
Morrisons Iced Madeira Slab Cake,Morrisons Iced Madeira Slab Cake,£1.59,,,bakery-cakes
Morrisons Lemon Curd Tarts,Morrisons Lemon Curd Tarts6 per pack,99p,16.5p each,"Offer price 99p, was £1.15",bakery-cakes
Morrisons Let's Party Celebration Cake Serves 16,Morrisons Let's Party Celeb...1.05kg,£9.99,95.1p per 100g,,bakery-cakes
Morrisons Let's Party Celebration Cake Serves 8,Morrisons Let's Party Celebration Cake Serves 8541g,£7.59,£1.40 per 100g,,bakery-cakes
Morrisons Madeira Celebration Cake,Morrisons Madeira Celebration Cake,£4.69,,,bakery-cakes
Morrisons Madeira Slab Cake,Morrisons Madeira Slab Cake,£1.59,,,bakery-cakes
Morrisons Malted Brown Thick Sliced Bloomer,Morrisons Malted Brown Thick Sliced Bloomer800g,£1.45,18.1p per 100g,,bakery-cakes
Morrisons Medium White Bread,Morrisons Medium White Bread800g,89p,11.1p per 100g,,bakery-cakes
Morrisons Medium White Bread,Morrisons Medium White Bread400g,69p,17.3p per 100g,,bakery-cakes
Morrisons Medium Wholemeal Bread,Morrisons Medium Wholemeal Bread400g,69p,17.3p per 100g,,bakery-cakes
Morrisons Millionaire Shortbread Bar,Morrisons Millionaire Shortbread Bar50g,£1.25,£2.50 per 100g,Food To Go Meal Deal for £3.50,bakery-cakes
Morrisons Mini Afternoon Tea Cakes,Morrisons Mini Afternoon Tea Cakes9 per pack,£2.49,27.7p each,,bakery-cakes
Morrisons  Mini Chocolate Rolls,Morrisons  Mini Chocolate Rolls10 per pack,£1.25,12.5p each,,bakery-cakes
Morrisons Mini Easter Flooded Cupcakes,Morrisons Mini Easter Flooded Cupcakes9 per pack,£2.99,33.2p each,,bakery-cakes
Morrisons Morris The Caterpillar Celebration Cake Serves 12,Morrisons Morris The Caterpillar...,£6.99,,,bakery-cakes
Morrisons Pain Au Chocolat 6 Pack,Morrisons Pain Au Chocolat 6 Pack6 per pack,£2.09,34.8p each,,bakery-cakes
Morrisons Part Baked Petit Pains,Morrisons Part Baked Petit Pains6 per pack,99p,16.5p each,,bakery-cakes
Morrisons Part Baked White Baguettes,Morrisons Part Baked White Baguettes2 per pack,£1.09,54.5p each,,bakery-cakes
Morrisons  Plain Bagels,Morrisons  Plain Bagels5 per pack,95p,19p each,,bakery-cakes
Morrisons Plain Naan Bread,Morrisons Plain Naan Bread2 x 130g,£1.25,48.1p per 100g,,bakery-cakes
Morrisons Plain Scones,Morrisons Plain Scones6 per pack,£1.59,26.5p each,,bakery-cakes
Morrisons Plain Tortillas,Morrisons Plain Tortillas61g,£1.09,£1.79 per 100g,,bakery-cakes
Morrisons Plain Tortilla Wrap,Morrisons Plain Tortilla Wrap8 per pack,£1.15,14.4p each,,bakery-cakes
Morrisons Rainbow Cupcakes,Morrisons Rainbow Cupcakes4 per pack,£2.49,62.3p each,,bakery-cakes
Morrisons Rainbow Sprinkles Celebration Cake Serves 16,Morrisons Rainbow Sprinkles Cel...,£13.99,,,bakery-cakes
Morrisons Raspberry Sponge Cake,Morrisons Raspberry Sponge Cake,£1.99,,,bakery-cakes
Morrisons Rocky Road Bar,Morrisons Rocky Road Bar50g,£1.25,£2.50 per 100g,Food To Go Meal Deal for £3.50,bakery-cakes
Morrisons Savers Choc Chip Cake Bars,Morrisons Savers Choc Chip Cake Bars5 per pack,65p,13p each,,bakery-cakes
Morrisons Savers Crumpets,Morrisons Savers Crumpets6 per pack,42p,7p each,,bakery-cakes
Morrisons Savers Raspberry Mini Rolls,Morrisons Savers Raspberry Mini Rolls6 per pack,55p,9.2p each,,bakery-cakes
Morrisons Savers Sultana Scones,Morrisons Savers Sultana Scones10 per pack,55p,5.5p each,,bakery-cakes
Morrisons Savers Wholemeal Loaf,Morrisons Savers Wholemeal Loaf720g,45p,6.3p per 100g,,bakery-cakes
Morrisons Scotch Pancakes  ,Morrisons Scotch Pancakes  8 per pack,79p,9.9p each,,bakery-cakes
Morrisons Scrumptious Sweeties Celebration Cake Serves 16,Morrisons Scrumptious Sweeties Ce...,£7.59,,,bakery-cakes
Morrisons Seeded Sliced Bloomer ,Morrisons Seeded Sliced Bloomer 400g,£1.29,32.3p per 100g,,bakery-cakes
Morrisons Sliced Brioche Loaf,Morrisons Sliced Brioche Loaf500g,£2.09,41.8p per 100g,,bakery-cakes
Morrisons Sliced Fruited Teacakes,Morrisons Sliced Fruited Teacakes6 per pack,£1,16.7p each,,bakery-cakes
Morrisons Sliced White Rolls,Morrisons Sliced White Rolls6 per pack,79p,13.2p each,,bakery-cakes
Morrisons Soft Fresh Egg Waffles ,Morrisons Soft Fresh Egg Waffles 12 per pack,£2.49,20.8p each,,bakery-cakes
Morrisons Soft White Bloomer,Morrisons Soft White Bloomer400g,£1.29,32.3p per 100g,,bakery-cakes
Morrisons Soft White Rolls,Morrisons Soft White Rolls6 per pack,89p,14.8p each,,bakery-cakes
Morrisons Sparkles The Unicorn Celebration Cake Serves 16,Morrisons Sparkles The Unicorn Ce...,£13.99,,,bakery-cakes
Morrisons Star Player Football Celebration Cake Serves 12,Morrisons Star Player Football Ce...,£8.99,,,bakery-cakes
Morrisons Stonebaked White Pittas,Morrisons Stonebaked White Pittas6 per pack,79p,13.2p each,,bakery-cakes
Morrisons Stonebaked Wholemeal Pittas,Morrisons Stonebaked Wholemeal Pittas6 per pack,79p,13.2p each,,bakery-cakes
Morrisons Strawberry & Vanilla Jumbo Swiss Roll,Morrisons Strawberry & Vanilla Jumbo Swiss Roll,£1.55,,,bakery-cakes
Morrisons Strawberry Tarts,Morrisons Strawberry Tarts6 per pack,99p,16.5p each,"Offer price 99p, was £1.15",bakery-cakes
Morrisons Sultana & Cherry Slab Cake,Morrisons Sultana & Cherry Slab Cake,£1.59,,,bakery-cakes
Morrisons Sultana Scones,Morrisons Sultana Scones6 per pack,£1.59,26.5p each,,bakery-cakes
Morrisons Super Toastie White Bread,Morrisons Super Toastie White Bread800g,89p,11.1p per 100g,,bakery-cakes
Morrisons Sweet-tastic Vanilla Traybake Serves 15,Morrisons Sweet-tastic Vani...,£7,,,bakery-cakes
Morrisons The Best All Butter Croissants,Morrisons The Best All Butter Croissants4 per pack,£2.25,56.3p each,,bakery-cakes
Morrisons The Best All Butter Scones,Morrisons The Best All Butter Scones4 per pack,£1.75,43.8p each,The Best Cream Tea Bundle For £5,bakery-cakes
Morrisons The Best All Butter Sultana Scone ,Morrisons The Best All Butter Sultana Scone 4 per pack,£1.75,43.8p each,The Best Cream Tea Bundle For £5,bakery-cakes
Morrisons The Best Bramley Apple & Cinnamon Hot Cross Buns,Morrisons The Best Bramley Apple...4 per pack,£1.25,31.3p each,Best Apple & Cinnamon Hot Cross Buns - 2 for £2,bakery-cakes
Morrisons The Best Brioche Buns,Morrisons The Best Brioche Buns4 per pack,£1.20,30p each,,bakery-cakes
Morrisons The Best Brioche Hot Dog Rolls,Morrisons The Best Brioche Hot Dog Rolls4 per pack,£1.20,30p each,,bakery-cakes
Morrisons The Best Buttermilk Pancakes ,Morrisons The Best Buttermilk Pancakes 4 per pack,£1.65,41.3p each,,bakery-cakes
Morrisons The Best Crumpets with Sourdough,Morrisons The Best Crumpets with Sourdough6 per pack,£1.15,19.2p each,,bakery-cakes
Morrisons The Best Double Chocolate Hot Cross Buns,Morrisons The Best Double C...4 per pack,£1.25,31.3p each,,bakery-cakes
Morrisons The Best Extra Fruity Hot Cross Buns,Morrisons The Best Extra Fruity Hot Cross Buns4 per pack,£1.25,31.3p each,"Offer price £1.25, was £1.59",bakery-cakes
Morrisons The Best Fruited Teacakes,Morrisons The Best Fruited Teacakes4 per pack,£1.59,39.8p each,,bakery-cakes
Morrisons The Best Hand Decorated Belgian Chocolate Fudge Cake Serves 6,Morrisons The Best Hand Decor...,£2.99,,,bakery-cakes
Morrisons The Best Hand Decorated Carrot Cake Serves 6,Morrisons The Best Hand Decorat...,£2.99,,,bakery-cakes
Morrisons The Best Hand Decorated Coffee & Walnut Cake Serves 6,Morrisons The Best Hand Decorated Cof...,£2.99,,,bakery-cakes
Morrisons The Best Hand Decorated Lemon Cake Serves 6,Morrisons The Best Hand Decor...,£2.99,,,bakery-cakes
Morrisons The Best Hand Decorated Salted Caramel Cake Serves 6,Morrisons The Best Hand Decorated S...,£2.99,,,bakery-cakes
Morrisons The Best Hand Decorated Victoria Sponge Cake Serves 6,Morrisons The Best Hand Decorated Vic...,£2.89,,,bakery-cakes
Morrisons The Best Lemon Celebration Cake,Morrisons The Best Lemon Celebration Cake,£15.99,,,bakery-cakes
Morrisons The Best Macarons,Morrisons The Best Macarons10 per pack,£4,40p each,,bakery-cakes
Morrisons The Best Sourdough Ciabatta Rolls,Morrisons The Best Sourdough Ciabatta Rolls4 per pack,£1.45,36.3p each,,bakery-cakes
Morrisons The Best Sourdough Stonebaked Baguettes,Morrisons The Best Sourdoug...2 per pack,£1.45,72.5p each,,bakery-cakes
Morrisons The Best Sourdough Stonebaked Poppyseed Rolls,Morrisons The Best Sourdough St...4 per pack,£1.45,36.3p each,,bakery-cakes
Morrisons The Best Sunflower & Pumpkin Seed Loaf,Morrisons The Best Sunflowe...800g,£1.45,18.1p per 100g,,bakery-cakes
Morrisons The Best Sunflower & Pumpkin Seed Loaf,Morrisons The Best Sunflowe...400g,99p,24.8p per 100g,,bakery-cakes
Morrisons The Best Thick Cut Multi-Seed Loaf,Morrisons The Best Thick Cut Multi-Seed Loaf800g,£1.45,18.1p per 100g,,bakery-cakes
Morrisons The Best Thick Cut Multi Seed Loaf,Morrisons The Best Thick Cut Multi Seed Loaf400g,99p,24.8p per 100g,,bakery-cakes
Morrisons The Best Thick Cut Soya & Linseed Loaf,Morrisons The Best Thick Cut Soya & Linseed Loaf800g,£1.45,18.1p per 100g,,bakery-cakes
Morrisons The Best White Chocolate & Raspberry Cake,Morrisons The Best White Choc...,£15.99,,,bakery-cakes
Morrisons The Best White Rolls ,Morrisons The Best White Rolls 4 per pack,£1.20,30p each,Burger and Chips Bundle for £4.50,bakery-cakes
Morrisons The Best Wholemeal Rolls ,Morrisons The Best Wholemeal Rolls 4 per pack,£1.20,30p each,,bakery-cakes
Morrisons The Best Wholemeal Sunflower Seed & Spelt Farmhouse Loaf,Morrisons The Best Wholemea...800g,£1.45,18.1p per 100g,,bakery-cakes
Morrisons Thick Sliced Tiger Bloomer ,Morrisons Thick Sliced Tiger Bloomer 800g,£1.45,18.1p per 100g,,bakery-cakes
Morrisons Thick Sliced White Bloomer ,Morrisons Thick Sliced White Bloomer 800g,£1.45,18.1p per 100g,,bakery-cakes
Morrisons Toastie White Bread,Morrisons Toastie White Bread400g,69p,17.3p per 100g,,bakery-cakes
Morrisons Toastie White Bread,Morrisons Toastie White Bread800g,89p,11.1p per 100g,,bakery-cakes
Morrisons Triple Layer Chocolate Extravaganza Celebration Cake Serves 28,Morrisons Triple Layer Chocolat...,£13.99,,,bakery-cakes
Morrisons Triple Layer White Chocolate Extravaganza Cake Serves 28,Morrisons Triple Layer Whit...,£13.99,,,bakery-cakes
Morrisons Walnut Slab Cake,Morrisons Walnut Slab Cake,£1.59,,,bakery-cakes
Morrisons Wheat & White Tortillas,Morrisons Wheat & White Tortillas8 per pack,£1.09,13.6p each,,bakery-cakes
Morrisons White Mini Tortilla Wraps,Morrisons White Mini Tortilla Wraps8 per pack,99p,12.4p each,,bakery-cakes
Morrisons Wholemeal Medium Bread,Morrisons Wholemeal Medium Bread800g,89p,11.1p per 100g,,bakery-cakes
Morrisons Wholemeal Muffins,Morrisons Wholemeal Muffins4 per pack,99p,24.8p each,,bakery-cakes
Morrisons Wholemeal Rolls,Morrisons Wholemeal Rolls6 per pack,89p,14.8p each,,bakery-cakes
Morrisons Wholemeal Toastie Bread,Morrisons Wholemeal Toastie Bread800g,89p,11.1p per 100g,,bakery-cakes
Morrisons Wholemeal Toastie Bread,Morrisons Wholemeal Toastie Bread400g,69p,17.3p per 100g,,bakery-cakes
Mothers Pride Scottish Plain Medium Cut Bread,Mothers Pride Scottish Plain Medium Cut Bread800g,£1.65,20.6p per 100g,,bakery-cakes
Mr Kipling 30% Less Sugar Viennese Whirls,Mr Kipling 30% Less Sugar Viennese Whirls6 per pack,£1.50,25p each,,bakery-cakes
Mr Kipling Almond Slices,Mr Kipling Almond Slices6 per pack,£2,33.3p each,,bakery-cakes
Mr Kipling Angel Slices,Mr Kipling Angel Slices6 per pack,£2,33.3p each,,bakery-cakes
Mr Kipling Angel Slices,Mr Kipling Angel Slices8 per pack,£3.95,49.4p each,,bakery-cakes
Mr Kipling Apple & Blackcurrant Pies ,Mr Kipling Apple & Blackcurrant Pies 6 per pack,£2,33.3p each,,bakery-cakes
Mr Kipling Bakewell Slices,Mr Kipling Bakewell Slices6 per pack,£2,33.3p each,,bakery-cakes
Mr Kipling Bakewell Tart,Mr Kipling Bakewell Tart,£2.65,,,bakery-cakes
Mr Kipling Cherry Bakewells,Mr Kipling Cherry Bakewells6 per pack,£2,33.3p each,,bakery-cakes
Mr Kipling Chocolate Slices,Mr Kipling Chocolate Slices6 per pack,£2,33.3p each,,bakery-cakes
Mr Kipling Chocolate Slices,Mr Kipling Chocolate Slices8 per pack,£3.95,49.4p each,,bakery-cakes
Mr Kipling Country Slices,Mr Kipling Country Slices6 per pack,£2,33.3p each,,bakery-cakes
Mr Kipling Deep Filled Bramley Apple Pies,Mr Kipling Deep Filled Bramley Apple Pies6 per pack,£2,33.3p each,,bakery-cakes
Mr Kipling Deliciously Good Bramley Apple Pies,Mr Kipling Deliciously Good Bramley Apple Pies6 per pack,£2,33.3p each,"Offer price £2, was £2.99",bakery-cakes
Mr Kipling Double Chocolate 10  Gooey Brownie Bites,Mr Kipling Double Chocolate 1...192g,£2,£1.04 per 100g,,bakery-cakes
Mr Kipling Egg Fancies,Mr Kipling Egg Fancies8 per pack,£1.75,21.9p each,,bakery-cakes
Mr Kipling French Fancies,Mr Kipling French Fancies8 per pack,£2.99,37.4p each,,bakery-cakes
Mr Kipling Fruity Pies Selection,Mr Kipling Fruity Pies Selection6 per pack,£2,33.3p each,,bakery-cakes
Mr Kipling Jam Tarts        ,Mr Kipling Jam Tarts        6 per pack,£2,33.3p each,,bakery-cakes
Mr Kipling Lemon & Raspberry Mini Batts,Mr Kipling Lemon & Raspberry Mini Batts5 per pack,£1.25,25p each,,bakery-cakes
Mr Kipling Lemon Bakewells,Mr Kipling Lemon Bakewells6 per pack,£1.75,29.2p each,,bakery-cakes
Mr Kipling Lemon Fancies ,Mr Kipling Lemon Fancies 8 per pack,£1.75,21.9p each,,bakery-cakes
Mr Kipling Lemon Slices,Mr Kipling Lemon Slices6 per pack,£2,33.3p each,,bakery-cakes
Mr Kipling Lemon Slices,Mr Kipling Lemon Slices8 per pack,£3.95,49.4p each,,bakery-cakes
Mr Kipling Lemon Whirls,Mr Kipling Lemon Whirls6 per pack,£1.25,20.8p each,,bakery-cakes
Mr Kipling Manor House Cake,Mr Kipling Manor House Cake,£2.99,,,bakery-cakes
Mr Kipling Mini Battenberg Cakes,Mr Kipling Mini Battenberg Cakes5 per pack,£2.49,49.8p each,,bakery-cakes
Mr Kipling Salted Caramel 10 Gooey Brownie Bites,Mr Kipling Salted Caramel 10 Gooey Brownie Bites192g,£2,£1.04 per 100g,,bakery-cakes
Mr Kipling Standard Battenberg,Mr Kipling Standard Battenberg,£1.99,,,bakery-cakes
Mr Kipling Trifle Bakewells ,Mr Kipling Trifle Bakewells 6 per pack,£2,33.3p each,,bakery-cakes
Mr Kipling Unicorn Slices,Mr Kipling Unicorn Slices6 per pack,£2,33.3p each,,bakery-cakes
Mr Kipling Victoria Slices,Mr Kipling Victoria Slices6 per pack,£2,33.3p each,,bakery-cakes
Mr Kipling Viennese Whirls,Mr Kipling Viennese Whirls6 per pack,£2.49,41.5p each,,bakery-cakes
Mrs Crimble's Gluten Free 4 Big Bakewell Slices 200g ,Mrs Crimble's Gluten Free 4 B...4 per pack,£1.59,39.8p each,,bakery-cakes
Mrs Crimble's Gluten Free 6 Big Chocolate Macaroons 180g,Mrs Crimble's Gluten Free 6 Big...6 per pack,£1,16.6p each,"Offer price £1, was £1.49",bakery-cakes
My Little Pony Celebration Cake,My Little Pony Celebration Cake,£11.99,,,bakery-cakes
New York Bakery Co. Cinnamon & Raisin Bagels,New York Bakery Co. Cinnamon & Raisin Bagels5 per pack,£1.35,27p each,"Offer price £1.35, was £1.89",bakery-cakes
New York Bakery Co. Original Bagels,New York Bakery Co. Original Bagels5 per pack,£1.35,27p each,"Offer price £1.35, was £1.89",bakery-cakes
New York Bakery Co. Original Bagel Thins,New York Bakery Co. Original Bagel Thins4 per pack,£1.29,32.3p each,,bakery-cakes
New York Bakery Co. Red Onion & Chive Bagels,New York Bakery Co. Red Onion & Chive Bagels5 per pack,£1.35,27p each,"Offer price £1.35, was £1.89",bakery-cakes
New York Bakery Co. Sesame Bagel,New York Bakery Co. Sesame Bagel,£1.35,,"Offer price £1.35, was £1.89",bakery-cakes
New York Bakery Co. Soft Seeded Bagel Thins,New York Bakery Co. Soft Seeded Bagel Thins4 per pack,£1.29,32.3p each,,bakery-cakes
Oreo Sandwich Biscuits Choc'o Brownie,Oreo Sandwich Biscuits Choc'o Brownie154g,89p,57.8p per 100g,"Offer price 89p, was £1",bakery-cakes
Perkier Madagascan Vanilla & Dark Chocolate Bars ,Perkier Madagascan Vanilla...3 x 37g,£2.75,£2.48 per 100g,,bakery-cakes
Perkier Nutty Toffee & Dark Choc Vitamin Bars,Perkier Nutty Toffee & Dark Choc Vitamin Bars3 x 37g,£2.75,£2.48 per 100g,,bakery-cakes
Real Lancashire Eccles Cakes,Real Lancashire Eccles Cakes4 per pack,£2.29,57.3p each,,bakery-cakes
Regal Classic Choco & Honey Snack Cakes,Regal Classic Choco & Honey Snack Cakes250g,£1.29,51.6p per 100g,,bakery-cakes
Regal Classic Milk Snack Cakes,Regal Classic Milk Snack Cakes250g,£1.25,50p per 100g,,bakery-cakes
Regal Marble Fairy Cakes,Regal Marble Fairy Cakes12 per pack,£1.15,9.6p each,,bakery-cakes
Regal Plain Fairy Cakes,Regal Plain Fairy Cakes12 per pack,£1.15,9.6p each,,bakery-cakes
Riverbank Bakery Cherry & Sultana Cake ,Riverbank Bakery Cherry & Sultana Cake 400g,£2,50p per 100g,,bakery-cakes
Riverbank Bakery Date & Walnut Cake ,Riverbank Bakery Date & Walnut Cake 400g,£2,50p per 100g,,bakery-cakes
Riverbank Bakery Mixed Fruit Cake ,Riverbank Bakery Mixed Fruit Cake 400g,£2,50p per 100g,,bakery-cakes
Roberts Medium Soft White Bread,Roberts Medium Soft White Bread800g,£1.35,16.9p per 100g,,bakery-cakes
Roberts Mega Thick Soft White Bread,Roberts Mega Thick Soft White Bread800g,£1.35,16.9p per 100g,,bakery-cakes
Roberts Thick Soft White Bread,Roberts Thick Soft White Bread800g,£1.35,16.9p per 100g,,bakery-cakes
Savers Chocolate Mini Rolls,Savers Chocolate Mini Rolls6 per pack,55p,9.2p each,,bakery-cakes
Say It With Cake.. Happy Birthday Celebration Cake Cubes Serves 15,Say It With Cake.. Happy Birthday Celeb...,£11.99,,,bakery-cakes
Schar Gluten-Free Mini Baguette ,Schar Gluten-Free Mini Baguette 2 x 75g,£2.29,£1.53 per 100g,,bakery-cakes
Schar Gluten Free Wholesome White Loaf,Schar Gluten Free Wholesome White Loaf300g,£2.95,98.3p per 100g,,bakery-cakes
Scott's Party Fairy Cakes,Scott's Party Fairy Cakes12 per pack,£1.99,16.6p each,,bakery-cakes
Soreen 5 Apple Lunchbox Loaves,Soreen 5 Apple Lunchbox Loaves5 per pack,£1.75,35p each,,bakery-cakes
Soreen Banana Loaf      ,Soreen Banana Loaf      260g,£1.25,48.1p per 100g,"Offer price £1.25, was £1.49",bakery-cakes
Soreen Fruity 5 Loaf ,Soreen Fruity 5 Loaf 190g,£1,52.6p per 100g,,bakery-cakes
Soreen Large Fruity Malt Loaf,Soreen Large Fruity Malt Loaf260g,£1.25,48.1p per 100g,"Offer price £1.25, was £1.49",bakery-cakes
Soreen Lunchbox Loaves,Soreen Lunchbox Loaves5 per pack,£1.75,35p each,,bakery-cakes
Soreen Lunchbox Loaves Banana,Soreen Lunchbox Loaves Banana5 per pack,£1.75,35p each,,bakery-cakes
Soreen Malt Family Pack ,Soreen Malt Family Pack 390g,£1.75,44.9p per 100g,,bakery-cakes
Soreen Malt Lunchbox Loaves,Soreen Malt Lunchbox Loaves10 per pack,£2.49,24.9p each,,bakery-cakes
Soreen Sliced Loaf ,Soreen Sliced Loaf 290g,£1.75,60.3p per 100g,,bakery-cakes
Soreen  Strawberry Lunchbox Loaves,Soreen  Strawberry Lunchbox Loaves5 per pack,£1.75,35p each,,bakery-cakes
Spiderman Celebration Cake Serves 14,Spiderman Celebration Cake Serves 14,£13.99,,,bakery-cakes
St. Pierre 4 Brioche Hot Dog Rolls,St. Pierre 4 Brioche Hot Dog Rolls4 per pack,£1.99,49.8p each,,bakery-cakes
St. Pierre 4 Seeded Brioche Burger Buns,St. Pierre 4 Seeded Brioche Burger Buns4 per pack,£2.85,71.3p each,,bakery-cakes
St Pierre Brioche Bagels,St Pierre Brioche Bagels4 per pack,£2.59,64.8p each,,bakery-cakes
St Pierre Brioche Burger Buns,St Pierre Brioche Burger Buns6 per pack,£2.79,46.5p each,,bakery-cakes
St Pierre Brioche Loaf,St Pierre Brioche Loaf500g,£3.65,73p per 100g,,bakery-cakes
St Pierre Soft Brioche Baguettes,St Pierre Soft Brioche Baguettes4 per pack,£2.50,62.5p each,,bakery-cakes
St Pierre Vanilla Brioche Tear And Share ,St Pierre Vanilla Brioche Tear And Share 500g,£3.99,79.8p per 100g,,bakery-cakes
Tan Y Castell Welsh Cakes,Tan Y Castell Welsh Cakes6 per pack,£1.20,20p each,,bakery-cakes
TGI Fridays Chocolate Brownie Heaven Celebration Cake Serves 8,TGI Fridays Chocolate Brownie Heave...,£4,,,bakery-cakes
TGI Fridays Chocolate Fudge Fixation Celebration Cake Serves 8,TGI Fridays Chocolate Fudge Fixatio...,£4,,,bakery-cakes
The Clay Oven Bakery Garlic & Coriander Naan Bread,The Clay Oven Bakery Garlic...360g,£1.75,48.6p per 100g,,bakery-cakes
The Clay Oven Bakery Plain Naan Bread ,The Clay Oven Bakery Plain Naan Bread 360g,£1.75,48.6p per 100g,,bakery-cakes
Thorntons Sticky Toffee Celebration Cake Serves 12,Thorntons Sticky Toffee Cel...,£10.49,,,bakery-cakes
Thorntons Ultimately Indulgent Chocolate Gift Cake Serves 4,Thorntons Ultimately Indulgent Ch...,£5.49,,,bakery-cakes
Waffle Amour Choco Sugar Waffles,Waffle Amour Choco Sugar Waffles5 per pack,£1.80,36p each,,bakery-cakes
Warburtons 21 Seeds And Grains Thin Bagels,Warburtons 21 Seeds And Grains Thin Bagels4 per pack,£1.65,41.3p each,Buy 3 for £3.50,bakery-cakes
Warburtons 6 Crumpets,Warburtons 6 Crumpets6 per pack,95p,15.8p each,,bakery-cakes
Warburtons 9 Crumpets   ,Warburtons 9 Crumpets   9 per pack,£1.35,15p each,Buy 3 for £3.50,bakery-cakes
Warburtons Cinnamon & Raisin Bagels,Warburtons Cinnamon & Raisin Bagels5 per pack,£1.85,37p each,,bakery-cakes
Warburtons Danish White Bread,Warburtons Danish White Bread400g,£1.25,31.3p per 100g,,bakery-cakes
Warburtons Fruity Teacakes,Warburtons Fruity Teacakes4 per pack,£1.35,33.8p each,,bakery-cakes
Warburtons Giant Crumpets,Warburtons Giant Crumpets3 per pack,75p,25p each,"Offer price 75p, was £1.10",bakery-cakes
Warburtons Gluten Free 4 Crumpets,Warburtons Gluten Free 4 Crumpets,£2.19,,,bakery-cakes
Warburtons Gluten Free Artisan White Sourdough Cob,Warburtons Gluten Free Arti...400g,£3.49,87.3p per 100g,,bakery-cakes
Warburtons Gluten Free High Protein Seeded Wraps,Warburtons Gluten Free High...,£2.59,,,bakery-cakes
Warburtons Gluten Free Multiseed Loaf,Warburtons Gluten Free Multiseed Loaf300g,£2.15,71.7p per 100g,,bakery-cakes
Warburtons Gluten Free Super Soft Sliced Square Rolls,Warburtons Gluten Free Super...4 per pack,£2.30,57.5p each,"Offer price £2.30, was £2.69",bakery-cakes
Warburtons Gluten Free Tiger Bloomer,Warburtons Gluten Free Tiger Bloomer400g,£3.49,87.3p per 100g,,bakery-cakes
Warburtons Gluten Free White Loaf,Warburtons Gluten Free White Loaf300g,£2.15,71.7p per 100g,,bakery-cakes
Warburtons Gluten Free White Sandwich Thins,Warburtons Gluten Free White Sandwich Thins,£2.69,,,bakery-cakes
Warburtons Gluten Free White Wraps,Warburtons Gluten Free White Wraps,£2.69,,,bakery-cakes
Warburtons Half White Half Wholemeal Thins,Warburtons Half White Half Wholemeal Thins6 per pack,£1.20,20p each,,bakery-cakes
Warburtons Lighter Danish Wholemeal Bread,Warburtons Lighter Danish Wholemeal Bread400g,£1.25,31.3p per 100g,,bakery-cakes
Warburtons Make It Grain,Warburtons Make It Grain700g,£1.95,27.9p per 100g,,bakery-cakes
Warburtons Medium White Bread,Warburtons Medium White Bread400g,£1.15,28.8p per 100g,,bakery-cakes
Warburtons Medium White Bread,Warburtons Medium White Bread800g,£1.40,17.5p per 100g,,bakery-cakes
Warburtons Medium Wholemeal Bread,Warburtons Medium Wholemeal Bread400g,£1.15,28.8p per 100g,,bakery-cakes
Warburtons Milk Roll Bread,Warburtons Milk Roll Bread400g,£1.25,31.3p per 100g,,bakery-cakes
Warburtons Multi Seeded Artisan Bread,Warburtons Multi Seeded Artisan Bread540g,£2.50,46.3p per 100g,,bakery-cakes
Warburtons Old English White Bread,Warburtons Old English White Bread400g,£1.80,45p per 100g,,bakery-cakes
Warburtons Orange Fruit Loaf,Warburtons Orange Fruit Loaf,£2.05,,,bakery-cakes
Warburtons Original Farmhouse Bread,Warburtons Original Farmhouse Bread800g,£1.60,20p per 100g,Buy 3 for £3.50,bakery-cakes
Warburtons Original White Farmhouse Bread,Warburtons Original White Farmhouse Bread400g,£1.30,32.5p per 100g,,bakery-cakes
Warburtons Plain Bagels,Warburtons Plain Bagels5 per pack,£1.85,37p each,,bakery-cakes
Warburtons Plant Power,Warburtons Plant Power700g,£1.95,27.9p per 100g,,bakery-cakes
Warburtons Potato Cakes,Warburtons Potato Cakes6 per pack,£1.15,19.2p each,,bakery-cakes
Warburtons Raisin Loaf with Cinnamon,Warburtons Raisin Loaf with Cinnamon,£2.05,,,bakery-cakes
Warburtons Seeded Batch Bread,Warburtons Seeded Batch Bread800g,£1.85,23.1p per 100g,,bakery-cakes
Warburtons Seeded Batch Bread,Warburtons Seeded Batch Bread400g,£1.20,30p per 100g,,bakery-cakes
Warburtons Seeded Protein Thin Bagels,Warburtons Seeded Protein Thin Bagels4 per pack,£1.65,41.3p each,Buy 3 for £3.50,bakery-cakes
Warburtons Sliced Soft White Rolls,Warburtons Sliced Soft White Rolls6 per pack,£1.20,20p each,,bakery-cakes
Warburtons Sliced White Rolls,Warburtons Sliced White Rolls12 per pack,£2.05,17.1p each,,bakery-cakes
Warburtons Soft Brown Sliced Sandwich Thins,Warburtons Soft Brown Sliced Sandwich Thins6 per pack,£1.35,22.5p each,,bakery-cakes
Warburtons Soft White Pittas,Warburtons Soft White Pittas4 x 252g,£1.15,11.4p per 100g,,bakery-cakes
Warburtons Soft White Sliced Sandwich Thins,Warburtons Soft White Sliced Sandwich Thins6 per pack,£1.35,22.5p each,,bakery-cakes
Warburtons  Super Toastie  White Bread,Warburtons  Super Toastie  White Bread800g,£1.40,17.5p per 100g,,bakery-cakes
Warburtons The Big 21 Seeds & Grains ,Warburtons The Big 21 Seeds & Grains 700g,£1.95,27.9p per 100g,,bakery-cakes
Warburtons Thin Bagels Cinnamon & Raisin,Warburtons Thin Bagels Cinnamon & Raisin6 per pack,£1.65,27.5p each,Buy 3 for £3.50,bakery-cakes
Warburtons Thin Plain Bagels,Warburtons Thin Plain Bagels6 per pack,£1.65,27.5p each,Buy 3 for £3.50,bakery-cakes
Warburtons Tiger Bloom White Bread,Warburtons Tiger Bloom White Bread600g,£1.65,27.5p per 100g,Buy 3 for £3.50,bakery-cakes
Warburtons White Sour Dough Artisan,Warburtons White Sour Dough Artisan540g,£2.50,46.3p per 100g,,bakery-cakes
Warburtons White Toastie Bread,Warburtons White Toastie Bread400g,£1.15,28.8p per 100g,,bakery-cakes
Warburtons White Toastie Bread,Warburtons White Toastie Bread800g,£1.40,17.5p per 100g,,bakery-cakes
Warburtons Wholemeal Medium Bread,Warburtons Wholemeal Medium Bread800g,£1.40,17.5p per 100g,,bakery-cakes
Warburtons Wholemeal Soft Pittas,Warburtons Wholemeal Soft Pittas4 per pack,£1.15,28.8p each,,bakery-cakes
We Love Cake Rip Roaring Raspberry Ripple Slices,We Love Cake Rip Roaring Raspberry Ripple Slices4 per pack,£1.99,49.8p each,,bakery-cakes
We Love Cake Totally Toffee Sticky Toffee Slices ,We Love Cake Totally Toffee Sticky Toffee Slices 4 per pack,£1.99,49.8p each,,bakery-cakes
Whaoo 6 Caramel Filled Crepes,Whaoo 6 Caramel Filled Crepes192g,£2.69,£1.40 per 100g,,bakery-cakes
Whaoo Chocolate Filled Crepes,Whaoo Chocolate Filled Crepes8 per pack,£2.69,33.6p each,,bakery-cakes
WW White Wraps,WW White Wraps6 per pack,£1.50,25p each,,bakery-cakes
WW Wholemeal Wraps,WW Wholemeal Wraps6 per pack,£1.50,25p each,,bakery-cakes
Yorkshire Baking Co Lemon Crunch Mega Loaf,Yorkshire Baking Co Lemon Crunch Mega Loaf,£2.35,,,bakery-cakes
Yorkshire Baking Co Madeira Mega Loaf,Yorkshire Baking Co Madeira Mega Loaf,£2.35,,,bakery-cakes
Yorkshire Baking Company Cherry Mega Loaf,Yorkshire Baking Comp...,£2.35,,,bakery-cakes
Yorkshire Baking Company Chocolate Mega Loaf,Yorkshire Baking Compan...,£2.35,,,bakery-cakes
Yorkshire Baking Company Ginger Loaf Cake,Yorkshire Baking Comp...,£1.49,,,bakery-cakes
Yorkshire Baking Company Sultana Mega Loaf,Yorkshire Baking Compan...,£2.35,,,bakery-cakes
Yorkshire Baking Company Tea Loaf Cake,Yorkshire Baking Company Tea Loaf Cake,£1.49,,,bakery-cakes
Heineken Premium Lager Beer Bottle,Heineken Premium...650ml,£2.55,£3.92 per litre,Buy 4 for the Price of 3,beer-wines-spirits
Birra Moretti Lager Beer Cans,Birra Moretti...10 x 330ml,£12.50,£3.79 per litre,,beer-wines-spirits
Birra Moretti Lager Beer Bottles,Birra Moretti L...12 x 330ml,£13.50,£3.41 per litre,"Offer price £13.50, was £16",beer-wines-spirits
Brixton Brewery Reliance Pale Ale ,Brixton Bre...4 x 330ml,£6.50,£4.92 per litre,Buy 2 for £10,beer-wines-spirits
Inch's Medium Apple,Inch's Medium Apple10 x 440ml,£9.50,£2.16 per litre,,beer-wines-spirits
Desperados Tequila Lager Beer Bottles,Desperados Tequila...12 x 250ml,£15.00,£5.00 per litre,,beer-wines-spirits
Kronenbourg 1664 Lager Beer Bottles,Kronenbourg 1664...12 x 275ml,£11.50,£3.48 per litre,,beer-wines-spirits
Strongbow Original Cider,Strongbow Original Cider4 x 440ml,£4.55,£2.59 per litre,,beer-wines-spirits
Brixton Brewery Atlantic A.P.A. ,Brixton Brewery...4 x 330ml,£6.50,£4.92 per litre,Buy 2 for £10,beer-wines-spirits
Birra Moretti Lager Beer Cans,Birra Moretti...6 x 330ml,£7.50,£3.79 per litre,Buy 2 for £10,beer-wines-spirits
Inch's Medium Apple ,Inch's Medium Apple 4 x 440ml,£5.00,£2.84 per litre,,beer-wines-spirits
Birra Moretti Lager Beer Bottles,Birra Moretti L...18 x 330ml,£23.00,£3.87 per litre,,beer-wines-spirits
Strongbow Ultra Dark Fruit Cider,Strongbow Ultra...4 x 330ml,£5.50,£4.17 per litre,,beer-wines-spirits
Heineken 0.0 Alcohol Free Lager Beer Bottles,Heineken 0.0 Alco...4 x 330ml,£4.50,£3.41 per litre,,beer-wines-spirits
Birra Moretti Lager Beer Bottle,Birra Moretti L...660ml,£2.90,£4.39 per litre,Buy 4 for the Price of 3,beer-wines-spirits
Heineken Premium Lager Beer Cans,Heineken Premiu...4 x 568ml,£6.00,£2.64 per litre,"Offer price £6, was £6.50",beer-wines-spirits
Strongbow Dark Fruit Cider Cans,Strongbow Dark...4 x 440ml,£5.50,£3.13 per litre,Buy 2 for £10,beer-wines-spirits
Heineken Premium Lager Beer Cans,Heineken Premiu...6 x 330ml,£7.00,£3.54 per litre,Buy 2 for £10,beer-wines-spirits
Heineken Premium Lager Beer Bottles,Heineken Premium...12 x 330ml,£10.00,£2.53 per litre,,beer-wines-spirits
Alpro Almond No Sugars Long Life Drink ,Alpro Almond No Sugar...1L,£1.50,£1.50 per litre,"Offer price £1.50, was £2",beer-wines-spirits
Morrisons No Added Sugar Apple Double Concentrate Squash,Morrisons No Adde...1.5L,£1.29,8.6p per 100ml,,beer-wines-spirits
Morrisons No Added Sugar Orange Double Concentrate Squash ,Morrisons No Adde...1.5L,£1.29,8.6p per 100ml,,beer-wines-spirits
Heineken Premium Lager Beer Cans,Heineken Premium Lager Beer Cans15 x 440ml,£15.00,22.7p per 100ml,,beer-wines-spirits
Heineken Silver Beer Lager Bottles,Heineken Silver Beer Lager Bottles12 x 330ml,£12.50,£3.16 per litre,,beer-wines-spirits
Birra Moretti Lager Beer Bottles,Birra Moretti Lager Beer Bottles4 x 330ml,£6.50,£4.92 per litre,,beer-wines-spirits
Desperados Tequila Lager Beer Bottle,Desperados Tequila Lager Beer Bottle650ml,£3.10,£4.77 per litre,Buy 4 for the Price of 3,beer-wines-spirits
Kronenbourg 1664 Lager Beer Cans,Kronenbourg 1664 Lager Beer Cans4 x 440ml,£4.50,£2.56 per litre,"Offer price £4.50, was £5.50",beer-wines-spirits
Diablo Dark Red ,Diablo Dark Red 75cl,£8.50,£8.50 per 75cl,"Buy 6, Save 25%",beer-wines-spirits
Greene King Brewery Level Head Session IPA,Greene King Brewery Level Head Session IPA4 x 330ml,£6,45.5p per 100ml,Buy 2 for £10,beer-wines-spirits
John Smith's Extra Smooth Ale Cans,John Smith's Extra Smooth Ale Cans18 x 440ml,£17.50,£2.21 per litre,,beer-wines-spirits
John Smith's Extra Smooth Ale Cans,John Smith's Extra Smooth Ale Cans10 x 440ml,£11,£2.50 per litre,,beer-wines-spirits
Madri Excepcional Cans,Madri Excepcional Cans10 x 440ml,£10,22.7p per 100ml,"Offer price £10, was £13",beer-wines-spirits
Strongbow Original Cider ,Strongbow Original Cider 18 x 440ml,£10,£1.26 per litre,,beer-wines-spirits
Strongbow Original Cider 2L ,Strongbow Original Cider 2L 2L,£4,£2.00 per litre,,beer-wines-spirits
"	 Jim Beam Red Stag Black Cherry Kentucky Bourbon Whiskey","	 Jim Beam Red Stag Black Cherry...70cl",£14,£20.00 per litre,"Offer price £14, was £18",beer-wines-spirits
1698 Celebration Ale ,1698 Celebration Ale 500ml,£2.25,£4.50 per litre,Buy 4 for the Price of 3,beer-wines-spirits
19 Crimes Chardonnay,19 Crimes Chardonnay75cl,£9,£9.00 per 75cl,"Buy 6, Save 25%",beer-wines-spirits
19 Crimes Red ,19 Crimes Red 75cl,£7.50,£7.50 per 75cl,"Buy 6, Save 25%",beer-wines-spirits
19 Crimes Red Blend,19 Crimes Red Blend1.5L,£17,£11.33 per litre,,beer-wines-spirits
19 Crimes Revolutionary Rose,19 Crimes Revolutionary Rose75cl,£7.50,£7.50 per 75cl,"Buy 6, Save 25%",beer-wines-spirits
19 Crimes Sauvignon Block,19 Crimes Sauvignon Block75cl,£7.50,£7.50 per 75cl,"Buy 6, Save 25%",beer-wines-spirits
19 Crimes Sparkling White ,19 Crimes Sparkling White 75cl,£12,£12.00 per 75cl,"Buy 6, Save 25%",beer-wines-spirits
19 Crimes The Deported,19 Crimes The Deported75cl,£10,£13.33 per litre,"Buy 6, Save 25%",beer-wines-spirits
19 Crimes The Uprising Red Wine ,19 Crimes The Uprising Red Wine 75cl,£8.50,£8.50 per 75cl,"Buy 6, Save 25%",beer-wines-spirits
2X Blueberry Cool E-Liquid 10mg,2X Blueberry Cool E-Liquid 10mg,£2.95,,,beer-wines-spirits
2X Blueberry Cool E-Liquid 20mg,2X Blueberry Cool E-Liquid 20mg,£2.95,,,beer-wines-spirits
2X Blue Raspberry Fizz E-Liquid 10mg,2X Blue Raspberry Fizz E-Liquid 10mg,£2.95,,,beer-wines-spirits
2X Blue Raspberry Fizz E-Liquid 20mg,2X Blue Raspberry Fizz E-Liquid 20mg,£2.95,,,beer-wines-spirits
2X Sour Green Apple E-Liquid 10mg,2X Sour Green Apple E-Liquid 10mg,£2.95,,,beer-wines-spirits
2X Sour Green Apple E-Liquid 20mg,2X Sour Green Apple E-Liquid 20mg,£2.95,,,beer-wines-spirits
2X Strawberry Sweet E-Liquid 10mg,2X Strawberry Sweet E-Liquid 10mg,£2.95,,,beer-wines-spirits
2X Strawberry Sweet E-Liquid 20Mg,2X Strawberry Sweet E-Liquid 20Mg,£2.95,,,beer-wines-spirits
2X Sweet Mint E-Liquid 10mg,2X Sweet Mint E-Liquid 10mg,£2.95,,,beer-wines-spirits
2X Sweet Mint E-Liquid 20mg,2X Sweet Mint E-Liquid 20mg,£2.95,,,beer-wines-spirits
2X Watermelon Ice E-Liquid 10mg,2X Watermelon Ice E-Liquid 10mg,£2.95,,,beer-wines-spirits
2X Watermelon Ice E-Liquid 20mg,2X Watermelon Ice E-Liquid 20mg,£2.95,,,beer-wines-spirits
4Nx Arctic Mint 12Mg,4Nx Arctic Mint 12Mg,£5,,,beer-wines-spirits
4NX Fire And Ice Nicotine Pouches 12mg,4NX Fire And Ice Nicotine Pouches 12mg,£5,,,beer-wines-spirits
4Nx Icy Mint 10Mg,4Nx Icy Mint 10Mg,£5,,,beer-wines-spirits
4Nx Mint 18Mg,4Nx Mint 18Mg,£5,,,beer-wines-spirits
4Nx Mint 6Mg,4Nx Mint 6Mg,£5,,,beer-wines-spirits
4NX Watermelon Ice Nicotine Pouches 10mg,4NX Watermelon Ice Nicotine Pouches 10mg,£5,,,beer-wines-spirits
64 Edge Marlborough Sauvignon Blanc,64 Edge Marlborough Sauvignon Blanc75cl,£9,£12.00 per litre,"Buy 6, Save 25%",beer-wines-spirits
64 Edge Sauvignon Blanc,64 Edge Sauvignon Blanc75cl,£6,£6.00 per 75cl,"Buy 6, Save 25%",beer-wines-spirits
64 Edge Sauvignon Blanc,64 Edge Sauvignon Blanc75cl,£5.99,£5.99 per 75cl,"Buy 6, Save 25%",beer-wines-spirits
64 Edge South African Sauvignon Blanc,64 Edge South African Sauvignon Blanc2.25L,£16,£5.33 per 75cl,,beer-wines-spirits
88Vape Anytank 6mg Heisen,88Vape Anytank 6mg Heisen10ml,£1,£1.00 per 10ml,"Offer price £1, was £1.15",beer-wines-spirits
88Vape Anytank 6mg Lemon Sherbet,88Vape Anytank 6mg Lemon Sherbet10ml,£1,£1.00 per 10ml,"Offer price £1, was £1.15",beer-wines-spirits
88Vape Anytank 6mg Mint Chill,88Vape Anytank 6mg Mint Chill10ml,£1,£1.00 per 10ml,"Offer price £1, was £1.15",beer-wines-spirits
88Vape Anytank Fusion 11mg,88Vape Anytank Fusion 11mg10ml,£1,£1.00 per 10ml,"Offer price £1, was £1.15",beer-wines-spirits
88Vape Anytank Menthol 16mg,88Vape Anytank Menthol 16mg10ml,£1,£1.00 per 10ml,"Offer price £1, was £1.15",beer-wines-spirits
88Vape Anytank Rainbow Burst 6mg,88Vape Anytank Rainbow Burst 6mg10ml,£1,£1.00 per 10ml,"Offer price £1, was £1.15",beer-wines-spirits
88Vape Anytank Raspberry 11mg,88Vape Anytank Raspberry 11mg10ml,£1,£1.00 per 10ml,"Offer price £1, was £1.15",beer-wines-spirits
88Vape CE4 Clearomizer Accessory,88Vape CE4 Clearomizer Accessory,£1,,"Offer price £1, was £1.15",beer-wines-spirits
88Vape Classic Pen,88Vape Classic Pen,£6.50,,,beer-wines-spirits
88Vape E-Liquid 16Mg Roll Leaf,88Vape E-Liquid 16Mg Roll Leaf10ml,£1,£1.00 per 10ml,"Offer price £1, was £1.15",beer-wines-spirits
88Vape E-Liquid 6mg Raspberry Ripple,88Vape E-Liquid 6mg Raspberry Ripple10ml,£1,£1.00 per 10ml,"Offer price £1, was £1.15",beer-wines-spirits
88Vape E-Liquid Fusion 6mg,88Vape E-Liquid Fusion 6mg10ml,£1,£1.00 per 10ml,"Offer price £1, was £1.15",beer-wines-spirits
88Vape Liquorice 6mg,88Vape Liquorice 6mg10ml,£1,£1.00 per 10ml,"Offer price £1, was £1.15",beer-wines-spirits
88Vape Original 11mg Liquorice,88Vape Original 11mg Liquorice10ml,£1,£1.00 per 10ml,"Offer price £1, was £1.15",beer-wines-spirits
88Vape Original 11mg Mint Chill,88Vape Original 11mg Mint Chill10ml,£1,£1.00 per 10ml,"Offer price £1, was £1.15",beer-wines-spirits
88Vape Original 11mg Sweet Strawberry,88Vape Original 11mg Sweet Strawberry10ml,£1,£1.00 per 10ml,"Offer price £1, was £1.15",beer-wines-spirits
88Vape Rolling Leaf 11mg,88Vape Rolling Leaf 11mg10ml,£1,£1.00 per 10ml,"Offer price £1, was £1.15",beer-wines-spirits
88Vape Rolling Leaf 6mg,88Vape Rolling Leaf 6mg10ml,£1.15,£1.15 per 10ml,,beer-wines-spirits
Abbot Ale Cans,Abbot Ale Cans4 x 500ml,£5.25,£2.63 per litre,Buy 2 for £9,beer-wines-spirits
Abbot Reserve                     ,Abbot Reserve                     500ml,£2.50,£5.00 per litre,Buy 4 for the Price of 3,beer-wines-spirits
Aber Falls Single Malt Whisky,Aber Falls Single Malt Whisky70cl,£26,£27.86 per 75cl,,beer-wines-spirits
Aber Falls Welsh Gin Orange Marmalade ,Aber Falls Welsh Gin Orange Marmalade 70cl,£25,£35.71 per litre,,beer-wines-spirits
Ableforth's Bathtub Gin ,Ableforth's Bathtub Gin 70cl,£31,£44.29 per litre,,beer-wines-spirits
Absolut Blue Original Swedish Vodka,Absolut Blue Original Swedish Vodka70cl,£16,£22.86 per litre,"Offer price £16, was £21",beer-wines-spirits
Absolut Blue Original Swedish Vodka,Absolut Blue Original Swedish Vodka1L,£21,£21.00 per litre,Save £1 Off Your Next Shop,beer-wines-spirits
Absolut Passionfruit Martini Sparkling Cocktail,Absolut Passionfruit Martini Sparkling Cocktail250ml,£2.35,£9.40 per litre,Buy 4 for £6,beer-wines-spirits
Absolut Passionfruit Vodka,Absolut Passionfruit Vodka70cl,£21,£30.00 per litre,,beer-wines-spirits
Absolut Raspberri Flavoured Swedish Vodka ,Absolut Raspberri Flavoured Swedish Vodka 70cl,£17,£24.29 per litre,,beer-wines-spirits
Absolut Vanilia Vanilla Flavoured Swedish Vodka,Absolut Vanilia Vanilla Flavoured Swedish Vodka70cl,£21,£30.00 per litre,,beer-wines-spirits
Acorn Yorkshire Pride ,Acorn Yorkshire Pride 500ml,£2.25,£4.50 per litre,Buy 4 for the Price of 3,beer-wines-spirits
Admiral's Old J Cherry Spiced Rum,Admiral's Old J Cherry Spiced Rum70cl,£21,£30.00 per litre,,beer-wines-spirits
Admiral's Old J Spiced Rum ,Admiral's Old J Spiced Rum 70cl,£18,£25.71 per litre,"Offer price £18, was £21",beer-wines-spirits
Adnams Broadside   ,Adnams Broadside   500ml,£2.25,£4.50 per litre,Buy 4 for the Price of 3,beer-wines-spirits
Adnams Ghost Ship,Adnams Ghost Ship4 x 440ml,£5,£2.84 per litre,,beer-wines-spirits
Adnams Ghost Ship ,Adnams Ghost Ship 500ml,£1.50,£3.00 per litre,Buy 4 for the Price of 3,beer-wines-spirits
Adnams Ghost Ship Ale   ,Adnams Ghost Ship Ale   500ml,£2,£4.00 per litre,Buy 4 for the Price of 3,beer-wines-spirits
Adnams Lighthouse,Adnams Lighthouse500ml,£2,£4.00 per litre,Buy 4 for the Price of 3,beer-wines-spirits
Aerstone Land Cask Single Malt Scotch Whisky ,Aerstone Land Cask Single Malt Scotch Whisky 70cl,£30,£42.86 per litre,,beer-wines-spirits
Aerstone Sea Cask Single Malt Scotch Whisky ,Aerstone Sea Cask Single Malt Scotch Whisky 70cl,£22,£31.43 per litre,"Offer price £22, was £30",beer-wines-spirits
African Horizon Cape Red,African Horizon Cape Red2.25L,£13.50,£4.50 per 75cl,,beer-wines-spirits
African Horizon Cape White,African Horizon Cape White2.25L,£13.50,£4.50 per 75cl,,beer-wines-spirits
Agio Mehari's Ecuador Cigarillos ,Agio Mehari's Ecuador Cigarillos 10 per pack,£10.40,£1.04 each,,beer-wines-spirits
Agio Meharis Red Orient Cigars,Agio Meharis Red Orient Cigars10 per pack,£10.40,£1.04 each,,beer-wines-spirits
Allendale Dirty Deeds ,Allendale Dirty Deeds 330ml,£2,£6.06 per litre,Buy 4 for the Price of 3,beer-wines-spirits
Alzar            Malbec           ,Alzar            Malbec           75cl,£6.25,£6.25 per 75cl,Buy 2 for £10,beer-wines-spirits
Alzar Merlot ,Alzar Merlot 75cl,£6.25,£6.25 per 75cl,Buy 2 for £10,beer-wines-spirits
Alzar Sauvignon Blanc,Alzar Sauvignon Blanc75cl,£6.25,£6.25 per 75cl,Buy 2 for £10,beer-wines-spirits
Amber Leaf Original 3 In 1 Includes Cigarette Papers And Filters,Amber Leaf Original 3 In 1 Includes C...30g,£20.40,£68.00 per 100g,,beer-wines-spirits
Amber Leaf Original Includes Cigarette Papers ,Amber Leaf Original Includes Cigarette Papers 30g,£20.30,£67.67 per 100g,,beer-wines-spirits
Amber Leaf Original Tobacco Includes Cigarette Papers ,Amber Leaf Original Tobacco Inc...50g,£33.30,£66.60 per 100g,,beer-wines-spirits
American Spirit Blue Rolling Tobacco Includes Cigarette Papers,American Spirit Blue Rolling Tobacc...30g,£21.80,£72.67 per 100g,,beer-wines-spirits
American Spirit Yellow Cigarettes,American Spirit Yellow Cigarettes20 per pack,£17.30,86.5p each,,beer-wines-spirits
Amstel Lager Beer Bottles,Amstel Lager Beer Bottles12 x 300ml,£11,£3.06 per litre,Buy 2 for £16,beer-wines-spirits
Amstel Lager Beer Cans,Amstel Lager Beer Cans4 x 440ml,£4.50,£2.56 per litre,,beer-wines-spirits
Andre Brunel Chateauneuf-Du-Pape Les Cailloux ,Andre Brunel Chateauneuf...75cl,£30,£30.00 per 75cl,"Buy 6, Save 25%",beer-wines-spirits
Angioletti Brut Italian Cider,Angioletti Brut Italian Cider500ml,£2.50,50p per 100ml,Buy 3 for £5.50,beer-wines-spirits
Angioletti Craft Italian Cider Rose,Angioletti Craft Italian Cider Rose500ml,£2.50,£5.00 per litre,Buy 3 for £5.50,beer-wines-spirits
Angioletti Reserva Italian Craft Cider (Abv 6.8%),Angioletti Reserva Italian Craft Cider (Abv 6.8%)500ml,£2.50,£5.00 per litre,Buy 3 for £5.50,beer-wines-spirits
Angioletti Secco Italian Cider,Angioletti Secco Italian Cider500ml,£2.50,50p per 100ml,Buy 3 for £5.50,beer-wines-spirits
Angostura Aromatic Bitters,Angostura Aromatic Bitters200ml,£10,£50.00 per litre,,beer-wines-spirits
Aperol          ,Aperol          70cl,£13,£18.57 per litre,"Offer price £13, was £17",beer-wines-spirits
Aperol Aperitivo,Aperol Aperitivo100cl,£20,£20.00 per litre,,beer-wines-spirits
Apothic Cabernet Sauvignon Red Wine ,Apothic Cabernet Sauvignon Red Wine 75cl,£9,£9.00 per 75cl,"Buy 6, Save 25%",beer-wines-spirits
Apothic Red Wine,Apothic Red Wine75cl,£9.50,£9.50 per 75cl,"Buy 6, Save 25%",beer-wines-spirits
Aqua Vape Black Jack 3mg,Aqua Vape Black Jack 3mg,£3.99,,,beer-wines-spirits
Aqua Vape Black Jack 6mg,Aqua Vape Black Jack 6mg,£3.99,,,beer-wines-spirits
Aqua Vape Blueberry 3mg,Aqua Vape Blueberry 3mg,£3.99,,,beer-wines-spirits
Aqua Vape Blueberry 6mg,Aqua Vape Blueberry 6mg,£3.99,,,beer-wines-spirits
Aqua Vape British Tobacco 6mg,Aqua Vape British Tobacco 6mg,£3.99,,,beer-wines-spirits
Aqua Vape Fresh Menthol 3Mg,Aqua Vape Fresh Menthol 3Mg,£3.99,,,beer-wines-spirits
Aqua Vape Fresh Menthol 6mg,Aqua Vape Fresh Menthol 6mg,£3.99,,,beer-wines-spirits
Aqua Vape Ice Mint 3mg,Aqua Vape Ice Mint 3mg,£3.99,,,beer-wines-spirits
Aqua Vape Ice Mint 6mg,Aqua Vape Ice Mint 6mg,£3.99,,,beer-wines-spirits
Aqua Vape Raspberry Menthol 3mg,Aqua Vape Raspberry Menthol 3mg,£3.99,,,beer-wines-spirits
Aqua Vape Raspberry Menthol 6mg,Aqua Vape Raspberry Menthol 6mg,£3.99,,,beer-wines-spirits
Aqua Vape Strawberry Delight 6mg,Aqua Vape Strawberry Delight 6mg,£3.99,,,beer-wines-spirits
Aqua Vape Sweet Cherry 3mg,Aqua Vape Sweet Cherry 3mg,£3.99,,,beer-wines-spirits
Aqua Vape Sweet Cherry 6mg,Aqua Vape Sweet Cherry 6mg,£3.99,,,beer-wines-spirits
Aqua Vape Wild Berry E-Liquid 3mg,Aqua Vape Wild Berry E-Liquid 3mg,£3.99,,,beer-wines-spirits
Aqua Vape Wild Berry E-Liquid 6mg,Aqua Vape Wild Berry E-Liquid 6mg,£3.99,,,beer-wines-spirits
Archers Schnapps,Archers Schnapps70cl,£13.50,£19.29 per litre,,beer-wines-spirits
Archers Schnapps with Lemonade,Archers Schnapps with Lemonade250ml,£2.25,£9.00 per litre,Buy 4 for £6,beer-wines-spirits
Ardbeg 10 Year Old Single Malt Scotch Whisky ,Ardbeg 10 Year Old Single Malt Scotch Whisky 70cl,£42,£60.00 per litre,"Offer price £42, was £47",beer-wines-spirits
Asahi Super Dry,Asahi Super Dry620ml,£2.60,£4.19 per litre,Buy 4 for the Price of 3,beer-wines-spirits
Asahi Super Dry,Asahi Super Dry4 x 330ml,£5.50,£4.16 per litre,"Offer price £5.50, was £6.50",beer-wines-spirits
Aspall Draught Cyder,Aspall Draught Cyder500ml,£2.35,£4.70 per litre,Buy 3 for £5.50,beer-wines-spirits
Aspall Suffolk Premier Cru Cyder ,Aspall Suffolk Premier Cru Cyder 500ml,£2.35,£4.70 per litre,Buy 3 for £5.50,beer-wines-spirits
Auchentoshan American Oak Single Scotch Malt Whisky ,Auchentoshan American Oak Sin...70cl,£32,£45.71 per litre,,beer-wines-spirits
Australian Red ,Australian Red 2.25cl,£13.50,£450.00 per 75cl,,beer-wines-spirits
Australian White,Australian White2.25L,£13.50,£4.50 per 75cl,,beer-wines-spirits
Au Vodka Black Grape,Au Vodka Black Grape70cl,£29,£41.42 per litre,"Offer price £29, was £32",beer-wines-spirits
Au Vodka Blue Raspberry Flavour ,Au Vodka Blue Raspberry Flavour 70cl,£29,£41.42 per litre,"Offer price £29, was £32",beer-wines-spirits
Au Vodka Green Watermelon ,Au Vodka Green Watermelon 70cl,£32,£45.71 per litre,,beer-wines-spirits
Aviation American Gin ,Aviation American Gin 70cl,£28,£40.00 per litre,,beer-wines-spirits
Bacardi Carta Blanca Rum,Bacardi Carta Blanca Rum1L,£17,£17.00 per litre,,beer-wines-spirits
Bacardi Carta Blanca Rum,Bacardi Carta Blanca Rum70cl,£16.50,£23.57 per litre,,beer-wines-spirits
Bacardi Raspberry Sprit Drink,Bacardi Raspberry Sprit Drink70cl,£14,£20.00 per litre,,beer-wines-spirits
Bacardi Spiced Rum Spirit Drink,Bacardi Spiced Rum Spirit Drink1L,£17,£17.00 per litre,,beer-wines-spirits
Bacchus Cherry Beer Bottle,Bacchus Cherry Beer Bottle375ml,£3.25,£8.67 per litre,Buy 4 for the Price of 3,beer-wines-spirits
Backyard Brewhouse Blonde ,Backyard Brewhouse Blonde 500ml,£2.25,£4.50 per litre,Buy 4 for the Price of 3,beer-wines-spirits
Badger Brewery Adventurers Beer Sett,Badger Brewery Adventurers Beer Sett6 x 500ml,£10.50,£3.50 per litre,,beer-wines-spirits
Badger Fursty Ferret Amber Ale,Badger Fursty Ferret Amber Ale500ml,£2,£4.00 per litre,Buy 4 for the Price of 3,beer-wines-spirits
Badger Golden Champion Golden Ale,Badger Golden Champion Golden Ale500ml,£2.25,£4.50 per litre,Buy 4 for the Price of 3,beer-wines-spirits
Badger Milk Made Beer,Badger Milk Made Beer440ml,£3,68.2p per 100ml,,beer-wines-spirits
Badger Tangle Foot Golden Ale,Badger Tangle Foot Golden Ale500ml,£2.25,£4.50 per litre,Buy 4 for the Price of 3,beer-wines-spirits
Badger Tangle Foot Golden Ale ,Badger Tangle Foot Golden Ale 4 x 440ml,£5,£2.84 per litre,,beer-wines-spirits
Badger The Blandford Fly Golden Ale,Badger The Blandford Fly Golden Ale500ml,£2.25,£4.50 per litre,Buy 4 for the Price of 3,beer-wines-spirits
Badger The Cranborne Poacher Ruby Ale,Badger The Cranborne Poacher Ruby Ale500ml,£2.25,£4.50 per litre,Buy 4 for the Price of 3,beer-wines-spirits
Badger Twice Tangled Ipa,Badger Twice Tangled Ipa500ml,£2,£4.00 per litre,Buy 4 for the Price of 3,beer-wines-spirits
Baileys Original Irish Cream,Baileys Original Irish Cream70cl,£16.50,£23.57 per litre,,beer-wines-spirits
Baileys Original Irish Cream ,Baileys Original Irish Cream 1L,£13,£13.00 per litre,"Offer price £13, was £15",beer-wines-spirits
Bali Coconut & Caribbean Rum ,Bali Coconut & Caribbean Rum 70cl,£7.75,£11.07 per litre,,beer-wines-spirits
Ballantine's Finest Blended Scotch Whisky,Ballantine's Finest Blended Scotch Whisky70cl,£23,£32.86 per litre,,beer-wines-spirits
Banks's Amber Bitter Ale Beer,Banks's Amber Bitter Ale Beer500ml,99p,£1.98 per litre,,beer-wines-spirits
Banks's Golden Ale ,Banks's Golden Ale 500ml,£1.09,£2.18 per litre,,beer-wines-spirits
Bardinet French Brandy VSOP,Bardinet French Brandy VSOP1L,£17,£17.00 per litre,,beer-wines-spirits
Bardinet Grenadine Syrup,Bardinet Grenadine Syrup70cl,£5,£7.14 per litre,,beer-wines-spirits
Bardinet Liqueur De Cherry Brandy,Bardinet Liqueur De Cherry Brandy50cl,£12,£24.00 per litre,,beer-wines-spirits
Barefoot Chardonnay White Wine,Barefoot Chardonnay White Wine75cl,£7.50,£7.50 per 75cl,"Buy 6, Save 25%",beer-wines-spirits
Barefoot Jammy Red Wine ,Barefoot Jammy Red Wine 75cl,£7,£7.00 per 75cl,"Buy 6, Save 25%",beer-wines-spirits
Barefoot Malbec Red Wine ,Barefoot Malbec Red Wine 75cl,£7.50,£7.50 per 75cl,"Buy 6, Save 25%",beer-wines-spirits
Barefoot Merlot Red Wine,Barefoot Merlot Red Wine75cl,£7.50,£7.50 per 75cl,"Buy 6, Save 25%",beer-wines-spirits
Barefoot On Tap Pinot Grigio White Wine,Barefoot On Tap Pinot Grigio White Wine1.5L,£11.50,£7.67 per litre,"Offer price £11.50, was £13.50",beer-wines-spirits
Barefoot On Tap White Zinfandel Rose Wine,Barefoot On Tap White Zinfandel Rose Wine1.5L,£11.50,£7.67 per litre,"Offer price £11.50, was £13.50",beer-wines-spirits
Barefoot Pink Moscato Rose Wine,Barefoot Pink Moscato Rose Wine75cl,£7.50,£7.50 per 75cl,"Buy 6, Save 25%",beer-wines-spirits
Barefoot Pink Pinot Grigio Rose Wine ,Barefoot Pink Pinot Grigio Rose Wine 75cl,£7.50,£7.50 per 75cl,"Buy 6, Save 25%",beer-wines-spirits
Barefoot Pinot Grigio White Wine,Barefoot Pinot Grigio White Wine75cl,£6.50,£6.50 per 75cl,"Buy 6, Save 25%",beer-wines-spirits
Barefoot Sauvignon Blanc White Wine ,Barefoot Sauvignon Blanc White Wine 75cl,£7.50,£7.50 per 75cl,"Buy 6, Save 25%",beer-wines-spirits
Barefoot Shiraz Red Wine ,Barefoot Shiraz Red Wine 75cl,£5.50,£5.50 per 75cl,"Buy 6, Save 25%",beer-wines-spirits
Barefoot White Zinfandel Rose Wine,Barefoot White Zinfandel Rose Wine75cl,£6.50,£6.50 per 75cl,"Buy 6, Save 25%",beer-wines-spirits
Baron Philippe de Rothschild Mouton Cadet Rouge,Baron Philippe de Rothsch...75cl,£7.99,£7.99 per 75cl,"Buy 6, Save 25%",beer-wines-spirits
Barossa Ink Shiraz ,Barossa Ink Shiraz 75cl,£9,£9.00 per 75cl,"Buy 6, Save 25%",beer-wines-spirits
Batemans Victory Ale Bottle,Batemans Victory Ale Bottle500ml,£2,£4.00 per litre,Buy 4 for the Price of 3,beer-wines-spirits
Batemans Xxxb Bitter      ,Batemans Xxxb Bitter      500ml,£2.25,£4.50 per litre,Buy 4 for the Price of 3,beer-wines-spirits
Bath Ales Gem            ,Bath Ales Gem            500ml,£2.25,£4.50 per litre,Buy 4 for the Price of 3,beer-wines-spirits
Bath Ales Lansdown West Coast Ipa ,Bath Ales Lansdown West Coast Ipa 500ml,£2.25,£4.50 per litre,Buy 4 for the Price of 3,beer-wines-spirits
Beavertown Heavy Gravity ,Beavertown Heavy Gravity 440ml,£3.50,£7.95 per litre,Buy 4 for the Price of 3,beer-wines-spirits
Beavertown Neck Oil 6 Pack,Beavertown Neck Oil 6 Pack6 x 330ml,£11.50,£5.81 per litre,,beer-wines-spirits
Beck's Blue Alcohol-Free Beer Bottles,Beck's Blue Alcohol-Free Beer Bottles15 x 275ml,£9,£2.18 per litre,,beer-wines-spirits
Beck's Blue Alcohol-Free Beer Bottles,Beck's Blue Alcohol-Free Beer Bottles6 x 275ml,£4,£2.42 per litre,,beer-wines-spirits
Beck's German Pilsner Beer Bottles ,Beck's German Pilsner Beer Bottles 20 x 275ml,£13,£2.36 per litre,,beer-wines-spirits
Beefeater Blood Orange Flavoured Gin,Beefeater Blood Orange Flavoured Gin70cl,£14,£20.00 per litre,,beer-wines-spirits
Beefeater Pink Strawberry Flavoured Gin,Beefeater Pink Strawberry Flavoured Gin70cl,£18,£19.29 per 75cl,,beer-wines-spirits
Beefsteak Club Mendoza Malbec ,Beefsteak Club Mendoza Malbec 750ml,£7,93.3p per 100ml,"Buy 6, Save 25%",beer-wines-spirits
Bella Apertini,Bella Apertini70cl,£5.50,£7.86 per litre,,beer-wines-spirits
Belle And Co 0% Sparkling Rose,Belle And Co 0% Sparkling Rose75cl,£3.79,£3.79 per 75cl,,beer-wines-spirits
Belle And Co 0% Sparkling White ,Belle And Co 0% Sparkling White 75cl,£2.50,£2.50 per 75cl,,beer-wines-spirits
Bells Original Blended Scotch Whisky ,Bells Original Blended Scotch Whisky 70cl,£17,£24.29 per litre,,beer-wines-spirits
Bells Original Blended Scotch Whisky ,Bells Original Blended Scotch Whisky 1L,£22.50,£22.50 per litre,,beer-wines-spirits
Belvoir Fruit Elderflower Cordial ,Belvoir Fruit Elderflower Cordial 500ml,£3,60p per 100ml,"Offer price £3, was £4.35",beer-wines-spirits
Belvoir Fruit Farms Ginger Beer ,Belvoir Fruit Farms Ginger Beer 750ml,£2.25,30p per 100ml,"Offer price £2.25, was £3.50",beer-wines-spirits
Belvoir Fruit Ginger Cordial ,Belvoir Fruit Ginger Cordial 500ml,£3,60p per 100ml,"Offer price £3, was £4.35",beer-wines-spirits
Benson & Hedges Blue 2 In 1 30g,Benson & Hedges Blue 2 In 1 30g,£14.55,,,beer-wines-spirits
Benson & Hedges Blue 2 In 1 50g,Benson & Hedges Blue 2 In 1 50g,£23.85,,,beer-wines-spirits
Benson & Hedges Blue Cigarettes,Benson & Hedges Blue Cigarettes5 x 20 per pack,£59,59p each,,beer-wines-spirits
Benson & Hedges Blue Dual Cigarettes,Benson & Hedges Blue Dual Cigarettes20 per pack,£11.95,59.8p each,,beer-wines-spirits
Benson & Hedges Blue King Size Cigarettes,Benson & Hedges Blue King Size Cigarettes20 per pack,£11.85,59.3p each,,beer-wines-spirits
Benson & Hedges Gold 100s Cigarettes,Benson & Hedges Gold 100s Cigarettes20 per pack,£15.95,79.8p each,,beer-wines-spirits
Benson & Hedges Gold Cigarettes,Benson & Hedges Gold Cigarettes20 per pack,£15.95,79.8p each,,beer-wines-spirits
Benson & Hedges Gold Cigarettes,Benson & Hedges Gold Cigarettes5 x 20 per pack,£79,79p each,,beer-wines-spirits
Benson & Hedges Silver Cigarettes,Benson & Hedges Silver Cigarettes20 per pack,£15,75p each,,beer-wines-spirits
Benson & Hedges Silver Cigarettes,Benson & Hedges Silver Cigarettes5 x 20 per pack,£72.10,72.1p each,,beer-wines-spirits
Benson & Hedges Sky Blue Cigarettes,Benson & Hedges Sky Blue Cigarettes20 per pack,£11.85,59.3p each,,beer-wines-spirits
Benson & Hedges Superkings Blue Cigarettes,Benson & Hedges Superki...20 per pack,£11.85,59.3p each,,beer-wines-spirits
Benson & Hedges Superkings Blue Cigarettes Multipack,Benson & Hedges Superkings Bl...5 x 20 per pack,£59,59p each,,beer-wines-spirits
Benson & Hedges Superkings Green Cigarettes,Benson & Hedges Superki...20 per pack,£11.85,59.3p each,,beer-wines-spirits
Benson & Hedges Superkings Sky Blue Cigarettes,Benson & Hedges Superking...20 per pack,£11.85,59.3p each,,beer-wines-spirits
Berkeley Super Kings Blue      ,Berkeley Super Kings Blue      20 per pack,£14.20,71p each,,beer-wines-spirits
Berkeley Superkings Cigarettes,Berkeley Superkings Cigarettes20 per pack,£14.20,71p each,,beer-wines-spirits
Berkeley Superkings Green Cigarettes,Berkeley Superkings Green Cigarettes20 per pack,£14.20,71p each,,beer-wines-spirits
Biere Continentale Bottles,Biere Continentale Bottles10 x 25cl,£3.19,£1.28 per litre,"Offer price £3.19, was £3.60",beer-wines-spirits
Big Drop Brewing Co. Pale Ale ,Big Drop Brewing Co. Pale Ale 330ml,£1.50,£4.55 per litre,Buy 4 for the Price of 3,beer-wines-spirits
Big Drop Brewing Co. Stout,Big Drop Brewing Co. Stout330ml,£1.50,£4.55 per litre,Buy 4 for the Price of 3,beer-wines-spirits
B. INK Red Blend,B. INK Red Blend75cl,£9,£9.00 per 75cl,"Buy 6, Save 25%",beer-wines-spirits
Birra Moretti Lager Beer Bottle,Birra Moretti Lager Beer Bottle660ml,£2.90,£4.39 per litre,Buy 4 for the Price of 3,beer-wines-spirits
Birra Moretti Lager Beer Bottles,Birra Moretti Lager Beer Bottles4 x 330ml,£6.50,£4.92 per litre,,beer-wines-spirits
Birra Moretti Lager Beer Bottles,Birra Moretti Lager Beer Bottles12 x 330ml,£13.50,£3.41 per litre,"Offer price £13.50, was £16",beer-wines-spirits
Birra Moretti Lager Beer Bottles,Birra Moretti Lager Beer Bottles18 x 330ml,£23,£3.87 per litre,,beer-wines-spirits
Birra Moretti Lager Beer Cans,Birra Moretti Lager Beer Cans6 x 330ml,£7.50,£3.79 per litre,Buy 2 for £10,beer-wines-spirits
Birra Moretti Lager Beer Cans,Birra Moretti Lager Beer Cans10 x 330ml,£12.50,£3.79 per litre,,beer-wines-spirits
Birra Moretti Zero Alcohol Free,Birra Moretti Zero Alcohol Free4 x 33cl,£6,£4.55 per litre,,beer-wines-spirits
Birrificio Angelo Poretti,Birrificio Angelo Poretti660ml,£2.50,£3.79 per litre,Buy 4 for the Price of 3,beer-wines-spirits
Birrificio Angelo Poretti,Birrificio Angelo Poretti12 x 330ml,£10,£2.53 per litre,,beer-wines-spirits
Bishops Finger Strong Ale Bottle,Bishops Finger Strong Ale Bottle500ml,£2.25,£4.50 per litre,Buy 4 for the Price of 3,beer-wines-spirits
Black Cow Pure Milk Vodka The Gold Top (Abv 40%),Black Cow Pure Milk Vodka T...70cl,£29,£41.43 per litre,,beer-wines-spirits
Black Sheep Ale ,Black Sheep Ale 4 x 440ml,£4.45,£2.53 per litre,,beer-wines-spirits
Black Sheep Ale Bottle,Black Sheep Ale Bottle500ml,£2,£4.00 per litre,Buy 4 for the Price of 3,beer-wines-spirits
Black Sheep Brewery Milk Stout ,Black Sheep Brewery Milk Stout 500ml,£2,£4.00 per litre,Buy 4 for the Price of 3,beer-wines-spirits
Black Sheep Riggwelter Strong Yorkshire Ale Bottle,Black Sheep Riggwelter Strong Yorkshire Ale Bottle500ml,£2.25,£4.50 per litre,Buy 4 for the Price of 3,beer-wines-spirits
Black Tower Fruity White,Black Tower Fruity White75cl,£6,£6.00 per 75cl,"Buy 6, Save 25%",beer-wines-spirits
Black Tower RosÃ©,Black Tower RosÃ©75cl,£6,£6.00 per 75cl,"Buy 6, Save 25%",beer-wines-spirits
Blandy's Rich Madeira ,Blandy's Rich Madeira 75cl,£10,£10.00 per 75cl,"Offer price £10, was £12.50",beer-wines-spirits
Bloom London Dry Gin,Bloom London Dry Gin70cl,£20,£28.57 per litre,"Offer price £20, was £25",beer-wines-spirits
Bloom Passionfruit & Vanilla Blossom Gin,Bloom Passionfruit & Vanilla Blossom Gin70cl,£25,£35.71 per litre,,beer-wines-spirits
Blossom Hill Classic Red,Blossom Hill Classic Red187ml,£2,£8.02 per 75cl,Buy 4 for the Price of 3,beer-wines-spirits
Blossom Hill Gin Fizz Blood Orange,Blossom Hill Gin Fizz Blood Orange75cl,£9,£9.00 per 75cl,"Buy 6, Save 25%",beer-wines-spirits
Blossom Hill Gin Fizz Rhubarb,Blossom Hill Gin Fizz Rhubarb75cl,£8,£8.00 per 75cl,"Buy 6, Save 25%",beer-wines-spirits
Blossom Hill Grenache RosÃ©,Blossom Hill Grenache RosÃ©75cl,£6,£6.00 per 75cl,"Buy 6, Save 25%",beer-wines-spirits
Blossom Hill Red Wine,Blossom Hill Red Wine75cl,£6,£6.00 per 75cl,Buy 2 for £10,beer-wines-spirits
Blossom Hill Rose Wine,Blossom Hill Rose Wine75cl,£6,£6.00 per 75cl,"Buy 6, Save 25%",beer-wines-spirits
Blossom Hill White Wine,Blossom Hill White Wine187ml,£2,£8.02 per 75cl,Buy 4 for the Price of 3,beer-wines-spirits
Blossom Hill White Wine,Blossom Hill White Wine75cl,£6,£6.00 per 75cl,Buy 2 for £10,beer-wines-spirits
Blossom Hill White Zinfandel,Blossom Hill White Zinfandel75cl,£6.25,£6.25 per 75cl,"Buy 6, Save 25%",beer-wines-spirits
BLU 2.0 Device Kit,BLU 2.0 Device Kit,£9.99,,,beer-wines-spirits
BLU 2.0 Pod Berry Mix 18mg,BLU 2.0 Pod Berry Mix 18mg1.9ml,£6.99,£36.79 per 10ml,,beer-wines-spirits
BLU 2.0 Pod Blueberry Ice 18mg,BLU 2.0 Pod Blueberry Ice 18mg1.9ml,£6.99,£36.79 per 10ml,,beer-wines-spirits
BLU 2.0 Pod Fresh Mango 18mg,BLU 2.0 Pod Fresh Mango 18mg1.9ml,£6.99,£36.79 per 10ml,,beer-wines-spirits
BLU 2.0 Pod Fresh Mint 18mg,BLU 2.0 Pod Fresh Mint 18mg1.9ml,£6.99,£36.79 per 10ml,,beer-wines-spirits
BLU 2.0 Pod Golden Tobacco 18mg,BLU 2.0 Pod Golden Tobacco 18mg1.9ml,£6.99,£36.79 per 10ml,,beer-wines-spirits
BLU 2.0 Pod Polar Menthol 18mg,BLU 2.0 Pod Polar Menthol 18mg1.9ml,£6.99,£36.79 per 10ml,,beer-wines-spirits
Blue Dragon Coconut Cream   ,Blue Dragon Coconut Cream   250ml,£1.99,79.6p per 100ml,,beer-wines-spirits
Blue Moon Belgian White American Craft Wheat Beer,Blue Moon Belgian White Ame...330ml,£2.25,£6.82 per litre,Buy 4 for the Price of 3,beer-wines-spirits
Blue Moon Belgian White Belgian-Style Wheat Ale,Blue Moon Belgian White Belgian-Style Wheat Ale4 x 330ml,£6.25,47.3p per 100ml,Buy 2 for £10,beer-wines-spirits
Blue Ridge Virginia Blend Tobacco,Blue Ridge Virginia Blend Tobacco20g,£6.50,£32.50 per 100g,,beer-wines-spirits
Blu Liquid Berry Swirl 9mg,Blu Liquid Berry Swirl 9mg,£3.99,,,beer-wines-spirits
Blu Liquid Cherry 9mg,Blu Liquid Cherry 9mg,£3.99,,,beer-wines-spirits
Blu Liquid Polar Mint 18mg,Blu Liquid Polar Mint 18mg,£3.99,,,beer-wines-spirits
Blu Liquid Tropictonic 0.8% 10Ml,Blu Liquid Tropictonic 0.8% 10Ml,£3.99,,,beer-wines-spirits
BLU Pod 2.0 Fresh Mint,BLU Pod 2.0 Fresh Mint1.9ml,£6.99,£36.79 per 10ml,,beer-wines-spirits
Blu Pro Blueberry E-Liquid 18mg,Blu Pro Blueberry E-Liquid 18mg,£3.99,,,beer-wines-spirits
Blu Pro Golden Tobacco E-Liquid 18mg,Blu Pro Golden Tobacco E-Liquid 18mg,£3.99,,,beer-wines-spirits
Blu Pro Kit,Blu Pro Kit,£17.99,,,beer-wines-spirits
Blu Pro Menthol Mint E-Liquid 18mg,Blu Pro Menthol Mint E-Liquid 18mg,£3.99,,,beer-wines-spirits
Blu Pro Strawberry Mint E-Liquid 9mg,Blu Pro Strawberry Mint E-Liquid 9mg,£3.99,,,beer-wines-spirits
Boddingtons Draught Bitter Beer Cans,Boddingtons Draught Bitter Beer Cans4 x 440ml,£4,£2.27 per litre,,beer-wines-spirits
Boddingtons Draught Bitter Beer cans,Boddingtons Draught Bitter Beer cans10 x 440ml,£9.50,£2.16 per litre,Buy 2 for £16,beer-wines-spirits
Bollinger Special Cuvee Brut NV,Bollinger Special Cuvee Brut NV75cl,£55,£55.00 per 75cl,,beer-wines-spirits
Bombardier Amber Bitter Ale Beer,Bombardier Amber Bitter Ale Beer500ml,£2.25,£4.50 per litre,Buy 4 for the Price of 3,beer-wines-spirits
Bombay Bramble Distilled Gin ,Bombay Bramble Distilled Gin 70cl,£24,£34.29 per litre,,beer-wines-spirits
Bombay Citron Presse Gin ,Bombay Citron Presse Gin 70cl,£24,£34.29 per litre,,beer-wines-spirits
Bombay London Dry Gin ,Bombay London Dry Gin 1L,£21,£21.00 per litre,,beer-wines-spirits
Bombay Sapphire London Gin,Bombay Sapphire London Gin1L,£28.50,£28.50 per litre,,beer-wines-spirits
Bombay Sapphire London Gin ,Bombay Sapphire London Gin 70cl,£17,£24.29 per litre,"Offer price £17, was £22",beer-wines-spirits
Bonpas Vacqueyras,Bonpas Vacqueyras75cl,£13,£13.00 per 75cl,"Buy 6, Save 25%",beer-wines-spirits
Bottlegreen Elderflower Cordial,Bottlegreen Elderflower Cordial500ml,£3.40,68p per 100ml,,beer-wines-spirits
Bottlegreen Ginger & Lemongrass Cordial,Bottlegreen Ginger & Lemongrass Cordial500ml,£3.40,68p per 100ml,,beer-wines-spirits
Bottlegreen Pomegranate & Elderflower Sparkling Presse,Bottlegreen Pomegranate & Elder...750ml,£3,40p per 100ml,Buy 2 for £4.50,beer-wines-spirits
Bottlegreen Sparkling Light Elderflower Presse,Bottlegreen Sparkling Light Elderflower Presse750ml,£3,40p per 100ml,Buy 2 for £4.50,beer-wines-spirits
Bouchard Pere & Fils Chassagne-Montrachet,Bouchard Pere & Fils Chassagne-Montrachet75cl,£40,£53.33 per litre,"Buy 6, Save 25%",beer-wines-spirits
Bourgogne Aligote La Burgondie,Bourgogne Aligote La Burgondie75cl,£9,£9.00 per 75cl,"Buy 6, Save 25%",beer-wines-spirits
Bowmore 12 Year Old Islay Single Malt Scotch Whisky ,Bowmore 12 Year Old Islay Sin...70cl,£30,£42.86 per litre,"Offer price £30, was £40",beer-wines-spirits
Brakspear Oxford Gold Beer,Brakspear Oxford Gold Beer500ml,£2,40p per 100ml,Buy 4 for the Price of 3,beer-wines-spirits
Brancott Estate Australia Pinot Grigio,Brancott Estate Australia Pinot Grigio75cl,£9,£9.00 per 75cl,"Buy 6, Save 25%",beer-wines-spirits
Brancott Estate Sauvignon Blanc White Wine,Brancott Estate Sauvignon Blanc White Wine75cl,£7,£7.00 per 75cl,"Buy 6, Save 25%",beer-wines-spirits
Brancott Estate Terroir Series Reserve Sauvignon Blanc,Brancott Estate Terroir Series...75cl,£11,£11.00 per 75cl,"Buy 6, Save 25%",beer-wines-spirits
Brecon Botanicals Gin ,Brecon Botanicals Gin 70cl,£18,£25.71 per litre,,beer-wines-spirits
Brewdog 500 Cuts Spiced Rum,Brewdog 500 Cuts Spiced Rum700ml,£20,£28.58 per litre,"Offer price £20, was £24",beer-wines-spirits
BrewDog Dead Pony,BrewDog Dead Pony4 x 330ml,£6,£4.55 per litre,Buy 2 for £10,beer-wines-spirits
Brewdog Double Punk,Brewdog Double Punk440ml,£3.75,£8.52 per litre,Buy 4 for the Price of 3,beer-wines-spirits
Brewdog Gift Pack 2 Cans & Glass,Brewdog Gift Pack 2 Cans & Glass,£6,,,beer-wines-spirits
Brewdog Gluten Free Punk IPA,Brewdog Gluten Free Punk IPA4 x 330ml,£6,45.5p per 100ml,Buy 2 for £10,beer-wines-spirits
Brewdog Hazy Jane,Brewdog Hazy Jane12 x 330ml,£14,35.4p per 100ml,"Offer price £14, was £16",beer-wines-spirits
Brewdog Hazy Jane ,Brewdog Hazy Jane 440ml,£3.50,£7.95 per litre,Buy 4 for the Price of 3,beer-wines-spirits
Brewdog Hazy Jane ,Brewdog Hazy Jane 4 x 330ml,£6,£4.55 per litre,Buy 2 for £10,beer-wines-spirits
Brewdog Hazy Jane,Brewdog Hazy Jane440ml,£2.60,£5.91 per litre,Buy 4 for the Price of 3,beer-wines-spirits
Brewdog Hazy Jane Guava ,Brewdog Hazy Jane Guava 440ml,£2.60,£5.91 per litre,Buy 4 for the Price of 3,beer-wines-spirits
Brewdog Hazy Jane Guava,Brewdog Hazy Jane Guava4 x 330ml,£6,£4.55 per litre,Buy 2 for £10,beer-wines-spirits
Brewdog Layer Cake,Brewdog Layer Cake440ml,£3.50,£7.95 per litre,Buy 4 for the Price of 3,beer-wines-spirits
Brewdog Lonewolf London Dry Gin ,Brewdog Lonewolf London Dry Gin 70cl,£25,£35.71 per litre,,beer-wines-spirits
Brewdog Lost Fruit  Infused,Brewdog Lost Fruit  Infused8 x 440ml,£12,34.1p per 100ml,Buy 2 for £16,beer-wines-spirits
Brewdog Lost Lager ,Brewdog Lost Lager 660ml,£2.75,£4.17 per litre,Buy 4 for the Price of 3,beer-wines-spirits
Brewdog Lost Lager,Brewdog Lost Lager10 x 440ml,£12,£2.73 per litre,Buy 2 for £16,beer-wines-spirits
Brewdog Lost Planet Lager,Brewdog Lost Planet Lager4 x 440ml,£6,34.1p per 100ml,Buy 2 for £10,beer-wines-spirits
Brewdog Mix,Brewdog Mix8 x 330ml,£11,£4.17 per litre,Buy 2 for £16,beer-wines-spirits
Brewdog Mixed Alcohol Free Pack,Brewdog Mixed Alcohol Free Pack8 x 300ml,£9,37.5p per 100ml,Buy 2 for £16,beer-wines-spirits
Brewdog Nanny State ,Brewdog Nanny State 4 x 330ml,£4.50,34.1p per 100ml,,beer-wines-spirits
Brewdog Planet Pale Ale,Brewdog Planet Pale Ale4 x 330ml,£6,£4.55 per litre,Buy 2 for £10,beer-wines-spirits
Brewdog Punk Alcohol Free,Brewdog Punk Alcohol Free4 x 330ml,£4.50,£3.41 per litre,,beer-wines-spirits
Brewdog Punk Ipa,Brewdog Punk Ipa660ml,£3.25,£4.92 per litre,Buy 4 for the Price of 3,beer-wines-spirits
Brewdog Punk Ipa,Brewdog Punk Ipa12 x 330ml,£14,£3.54 per litre,"Offer price £14, was £16",beer-wines-spirits
Brewdog Punk Ipa,Brewdog Punk Ipa4 x 330ml,£6,£4.55 per litre,Buy 2 for £10,beer-wines-spirits
Brewdog Punk Ipa ,Brewdog Punk Ipa 440ml,£2.60,£5.91 per litre,Buy 4 for the Price of 3,beer-wines-spirits
Brewdog Punk Ipa,Brewdog Punk Ipa6 x 440ml,£11,£4.17 per litre,,beer-wines-spirits
Brewdog Puppet Master ,Brewdog Puppet Master 440ml,£3.50,£7.95 per litre,Buy 4 for the Price of 3,beer-wines-spirits
Brewdog Rum And Rattle Can,Brewdog Rum And Rattle Can440ml,£4.50,£1.02 per 100ml,Buy 4 for the Price of 3,beer-wines-spirits
Brewdog Seasonal Edition 5am Saint American Red Ale,Brewdog Seasonal Edition 5am...4 x 330ml,£6,£4.55 per litre,Buy 2 for £10,beer-wines-spirits
Brewdog Seven Day Vodka Original,Brewdog Seven Day Vodka Original700ml,£17,£24.28 per litre,"Offer price £17, was £20",beer-wines-spirits
Brewdog Silk Road ,Brewdog Silk Road 440ml,£3.50,£7.95 per litre,Buy 4 for the Price of 3,beer-wines-spirits
Brewdog Triple Hazy,Brewdog Triple Hazy440ml,£4.50,£10.23 per litre,Buy 4 for the Price of 3,beer-wines-spirits
Brewdog Vs Northern Monk The Vermont Sessions ,Brewdog Vs Northern Monk...440ml,£3.50,£7.95 per litre,Buy 4 for the Price of 3,beer-wines-spirits
Brew York Juice Forsyth Tropical Ipa ,Brew York Juice Forsyth Tropical Ipa 440ml,£3,£6.82 per litre,Buy 4 for the Price of 3,beer-wines-spirits
Brew York Tonkoko Milk Stout,Brew York Tonkoko Milk Stout440ml,£2.65,60.2p per 100ml,Buy 4 for the Price of 3,beer-wines-spirits
Brixton Brewery Atlantic A.P.A. ,Brixton Brewery Atlantic A.P.A. 4 x 330ml,£6.50,£4.92 per litre,Buy 2 for £10,beer-wines-spirits
Brixton Brewery Reliance Pale Ale ,Brixton Brewery Reliance Pale Ale 4 x 330ml,£6.50,£4.92 per litre,Buy 2 for £10,beer-wines-spirits
Brockmans Premium Gin (Abv 40%),Brockmans Premium Gin (Abv 40%)70cl,£25,£35.71 per litre,"Offer price £25, was £34",beer-wines-spirits
Brooklyn Brewery Pilsner,Brooklyn Brewery Pilsner6 x 330ml,£6.50,32.8p per 100ml,Buy 2 for £10,beer-wines-spirits
Brooklyn Brewery Pilsner,Brooklyn Brewery Pilsner660ml,£2.25,34.1p per 100ml,Buy 4 for the Price of 3,beer-wines-spirits
Brooklyn Special Effects Alcohol Free Lager Beer,Brooklyn Special Effects Alcohol Free Lager Beer330ml,£1.50,£4.55 per litre,Buy 4 for the Price of 3,beer-wines-spirits
Brothers Alcohol Free Toffee Apple Cider,Brothers Alcohol Free Toffee Apple Cider500ml,£1.80,£3.60 per litre,,beer-wines-spirits
Brothers Rhubarb & Custard English Cider (Abv 4%),Brothers Rhubarb & Custard...500ml,£2.35,47p per 100ml,Buy 3 for £5.50,beer-wines-spirits
Brothers Toffee Apple Premium Cider Bottle,Brothers Toffee Apple Premium Cider Bottle500ml,£2.35,£4.70 per litre,Buy 3 for £5.50,beer-wines-spirits
Bruichladdich Classic Laddie Malt Whisky,Bruichladdich Classic Laddie Malt Whisky70cl,£43,£61.43 per litre,,beer-wines-spirits
Brulo Lust For Life Ddh Ipa ,Brulo Lust For Life Ddh Ipa 330ml,£2,£6.06 per litre,Buy 4 for the Price of 3,beer-wines-spirits
Bubblemon Disposable Lychee Mango 19MG,Bubblemon Disposable Lychee Mango 19MG2ml,£4.99,£24.95 per 10ml,,beer-wines-spirits
Bubblemon Disposable Mango Orange 19MG,Bubblemon Disposable Mango Orange 19MG2ml,£4.99,£24.95 per 10ml,,beer-wines-spirits
Bud Light,Bud Light10 x 440ml,£8.70,£1.98 per litre,Buy 2 for £16,beer-wines-spirits
Bud Light Lager Beer Cans,Bud Light Lager Beer Cans4 x 440ml,£4.25,£2.41 per litre,,beer-wines-spirits
Bud Light Seltzer Lemon & Lime ,Bud Light Seltzer Lemon & Lime 330ml,£1.50,£4.55 per litre,Buy 4 for £6,beer-wines-spirits
Budweiser Budvar Beer Bottle,Budweiser Budvar Beer Bottle500ml,£2.25,£4.50 per litre,Buy 4 for the Price of 3,beer-wines-spirits
Budweiser Budvar Original (Abv 5%),Budweiser Budvar Original (Abv 5%)6 x 330ml,£6.50,£3.28 per litre,Buy 2 for £10,beer-wines-spirits
Budweiser Lager Beer bottle ,Budweiser Lager Beer bottle 660ml,£2.35,£3.56 per litre,Buy 4 for the Price of 3,beer-wines-spirits
Budweiser Lager Beer Bottles,Budweiser Lager Beer Bottles4 x 300ml,£4.40,£3.67 per litre,,beer-wines-spirits
Budweiser Lager Beer Bottles,Budweiser Lager Beer Bottles12 x 300ml,£12,£3.33 per litre,Buy 2 for £16,beer-wines-spirits
Budweiser Lager Beer Bottles,Budweiser Lager Beer Bottles20 x 300ml,£10,£1.67 per litre,,beer-wines-spirits
Budweiser Lager Beer Cans,Budweiser Lager Beer Cans4 x 440ml,£4.75,£2.70 per litre,,beer-wines-spirits
Budweiser Lager Beer Cans,Budweiser Lager Beer Cans10 x 440ml,£11.50,£2.61 per litre,Buy 2 for £16,beer-wines-spirits
Budweiser Lager Beer Cans,Budweiser Lager Beer Cans15 x 440ml,£10,£1.52 per litre,"Offer price £10, was £15.50",beer-wines-spirits
Budweiser Zero Alcohol Free Lager Beer Cans,Budweiser Zero Alcohol Free Lager Beer Cans4 x 330ml,£3.50,£2.65 per litre,,beer-wines-spirits
Buffalo Trace Straight Bourbon Whiskey ,Buffalo Trace Straight Bourbon Whiskey 70cl,£24,£34.29 per litre,,beer-wines-spirits
Bulmers Crushed Red Berries & Lime Cider Bottle,Bulmers Crushed Red Berries & Lime Cider Bottle500ml,£2.70,£5.40 per litre,Buy 3 for £5.50,beer-wines-spirits
Bulmers Original Cider Bottle,Bulmers Original Cider Bottle500ml,£2.70,£5.40 per litre,Buy 3 for £5.50,beer-wines-spirits
Bunnahabhain Stiuireadair Single Malt Scotch Whisky ,Bunnahabhain Stiuireadair Sin...70cl,£33,£47.14 per litre,,beer-wines-spirits
Burnt Mill Brewery Green Path Citra And Mosaic IPA,Burnt Mill Brewery Green Path Citra And Mosaic IPA440ml,£3.50,79.5p per 100ml,Buy 4 for the Price of 3,beer-wines-spirits
Butcombe Original ,Butcombe Original 500ml,£2,£4.00 per litre,Buy 4 for the Price of 3,beer-wines-spirits
Butcombe Rare Breed,Butcombe Rare Breed500ml,£2,£4.00 per litre,Buy 4 for the Price of 3,beer-wines-spirits
Butcombe Stateside Session IPA,Butcombe Stateside Session IPA500ml,£2,40p per 100ml,Buy 4 for the Price of 3,beer-wines-spirits
Butty Bach       ,Butty Bach       500ml,£2.25,£4.50 per litre,Buy 4 for the Price of 3,beer-wines-spirits
Buxton Brewery Axe Edge Ipa ,Buxton Brewery Axe Edge Ipa 440ml,£3.50,£7.95 per litre,Buy 4 for the Price of 3,beer-wines-spirits
Caffrey's Premium Irish Ale,Caffrey's Premium Irish Ale4 x 440ml,£5,£2.84 per litre,,beer-wines-spirits
Cali By Snoop Cali Red ,Cali By Snoop Cali Red 75cl,£10,£10.00 per 75cl,"Buy 6, Save 25%",beer-wines-spirits
Calvados,Calvados70cl,£17,£24.29 per litre,,beer-wines-spirits
Calvet Cahors Malbec,Calvet Cahors Malbec75cl,£7.50,£7.50 per 75cl,"Buy 6, Save 25%",beer-wines-spirits
Camden Hells,Camden Hells4 x 330ml,£6,45.5p per 100ml,Buy 2 for £10,beer-wines-spirits
Camden Hells Lager Cans ,Camden Hells Lager Cans 24 x 330ml,£28,£3.54 per litre,,beer-wines-spirits
Camden Off Menu Ipa,Camden Off Menu Ipa4 x 330ml,£6,£4.55 per litre,Buy 2 for £10,beer-wines-spirits
Camden Pale Ale 12 Pack,Camden Pale Ale 12 Pack12 x 330ml,£11,£2.78 per litre,,beer-wines-spirits
Camden Pale Ale 24 Cans,Camden Pale Ale 24 Cans24 x 330ml,£28,£3.54 per litre,,beer-wines-spirits
Camden Town Brewery Camden Pale Ale ,Camden Town Brewery Camden Pale Ale 4 x 330ml,£6,£4.55 per litre,Buy 2 for £10,beer-wines-spirits
Camel Blue Cigarettes,Camel Blue Cigarettes20 per pack,£15.95,79.8p each,,beer-wines-spirits
Campari Bitters,Campari Bitters70cl,£15,£21.43 per litre,,beer-wines-spirits
Campo Viejo Rioja Blanco White Wine,Campo Viejo Rioja Blanco White Wine75cl,£6.50,£6.50 per 75cl,"Buy 6, Save 25%",beer-wines-spirits
Campo Viejo Rioja Garnacha Red Wine ,Campo Viejo Rioja Garnacha Red Wine 75cl,£8.25,£8.25 per 75cl,"Buy 6, Save 25%",beer-wines-spirits
Campo Viejo Rioja Gran Reserva Red Wine,Campo Viejo Rioja Gran Reserva Red Wine75cl,£16,£16.00 per 75cl,"Buy 6, Save 25%",beer-wines-spirits
Campo Viejo Rioja Reserva Red Wine,Campo Viejo Rioja Reserva Red Wine75cl,£9,£9.00 per 75cl,"Buy 6, Save 25%",beer-wines-spirits
Campo Viejo Rioja Tempranillo Red Wine,Campo Viejo Rioja Tempranillo Red Wine75cl,£8.25,£8.25 per 75cl,"Buy 6, Save 25%",beer-wines-spirits
Campo Viejo Rioja Tempranillo Red Wine ,Campo Viejo Rioja Tempranillo Red Wine 187ml,£2.50,£10.03 per 75cl,Buy 4 for the Price of 3,beer-wines-spirits
Canadou Sugar Syrup      ,Canadou Sugar Syrup      70cl,£5,£7.14 per litre,,beer-wines-spirits
Canti Prosecco Spumante Brut ,Canti Prosecco Spumante Brut 75cl,£8.50,£8.50 per 75cl,"Buy 6, Save 25%",beer-wines-spirits
Caorunn Gin ,Caorunn Gin 70cl,£28,£40.00 per litre,,beer-wines-spirits
Caorunn Scottish Raspberry Gin,Caorunn Scottish Raspberry Gin70cl,£28,£40.00 per litre,,beer-wines-spirits
Caorunn Small Batch Scottish Gin Scottish Raspberry,Caorunn Small Batch Scottish...50cl,£14,£28.00 per litre,,beer-wines-spirits
Cape Shadow Sauvignon Blanc,Cape Shadow Sauvignon Blanc75cl,£4.99,£4.99 per 75cl,,beer-wines-spirits
Captain Morgan Original Rum ,Captain Morgan Original Rum 70cl,£17.50,£25.00 per litre,,beer-wines-spirits
Captain Morgan Original Spiced Gold & Cola (Abv 5%),Captain Morgan Original Spice...330ml,£2.35,£7.12 per litre,Buy 4 for £6,beer-wines-spirits
Captain Morgan Sliced Apple,Captain Morgan Sliced Apple70cl,£15,£21.43 per litre,"Offer price £15, was £17.50",beer-wines-spirits
Captain Morgan's Spiced Gold,Captain Morgan's Spiced Gold70cl,£18,£25.71 per litre,,beer-wines-spirits
Captain Morgan's Spiced Gold,Captain Morgan's Spiced Gold1L,£17,£17.00 per litre,,beer-wines-spirits
Captain Morgan Tiki Pineapple & Mango,Captain Morgan Tiki Pineapple & Mango70cl,£17.50,£25.00 per litre,,beer-wines-spirits
Cardhu Gold Reserve Single Malt ,Cardhu Gold Reserve Single Malt 70cl,£25,£35.72 per litre,"Offer price £25, was £44",beer-wines-spirits
Carling Original Lager,Carling Original Lager4 x 440ml,£3.85,£2.19 per litre,,beer-wines-spirits
Carling Original Lager,Carling Original Lager10 x 440ml,£9.50,£2.16 per litre,Buy 2 for £16,beer-wines-spirits
Carling Original Lager,Carling Original Lager18 x 440ml,£11,£1.39 per litre,,beer-wines-spirits
Carlsberg Export Lager Beer,Carlsberg Export Lager Beer10 x 440ml,£10,£2.27 per litre,,beer-wines-spirits
Carlsberg Export Lager Beer,Carlsberg Export Lager Beer4 x 568ml,£5.50,£2.42 per litre,,beer-wines-spirits
Carlsberg Lager Beer,Carlsberg Lager Beer18 x 440ml,£13,£1.64 per litre,,beer-wines-spirits
Carlsberg Lager Beer,Carlsberg Lager Beer4 x 568ml,£4.50,£1.98 per litre,"Offer price £4.50, was £5",beer-wines-spirits
Carlsberg Lager Beer,Carlsberg Lager Beer10 x 440ml,£11,£2.50 per litre,Buy 2 for £16,beer-wines-spirits
Carlsberg Special Brew Lager Beer,Carlsberg Special Brew Lager Beer4 x 440ml,£7,£3.98 per litre,"Offer price £7, was £8",beer-wines-spirits
Carlton Bright Cigarettes,Carlton Bright Cigarettes20 per pack,£10.65,53.3p each,,beer-wines-spirits
Carlton Bright Superkings Cigarettes,Carlton Bright Superkings Cigarettes20 per pack,£10.65,53.3p each,,beer-wines-spirits
Carlton Bright Superkings Cigarettes Multipack,Carlton Bright Superkings Cigarettes Multipack5 x 20 per pack,£53.20,53.2p each,,beer-wines-spirits
Carlton Green Filter Superkings Cigarettes,Carlton Green Filter Superkings Cigarettes20 per pack,£10.65,53.3p each,,beer-wines-spirits
Carlton Original Cigarettes,Carlton Original Cigarettes20 per pack,£10.65,53.3p each,,beer-wines-spirits
Carlton Original Cigarettes Multipack,Carlton Original Cigarettes Multipack5 x 20 per pack,£53.20,53.2p each,,beer-wines-spirits
Carlton Original Superkings Cigarettes,Carlton Original Superkings Cigarettes20 per pack,£10.65,53.3p each,,beer-wines-spirits
Carlton Original Superkings Cigarettes Multipack,Carlton Original Superkings...5 x 20 per pack,£53.20,53.2p each,,beer-wines-spirits
Carnivor Zinfandel Red Wine ,Carnivor Zinfandel Red Wine 75cl,£9,£9.00 per 75cl,"Buy 6, Save 25%",beer-wines-spirits
Carta Roja Pura Jumilla Organic Wine,Carta Roja Pura Jumilla Organic Wine75cl,£7.75,£7.75 per 75cl,"Buy 6, Save 25%",beer-wines-spirits
Carte Rouge Vin de France ,Carte Rouge Vin de France 75cl,£5.50,£5.50 per 75cl,"Buy 6, Save 25%",beer-wines-spirits
Carthy's Country Cream ,Carthy's Country Cream 70cl,£6,£8.57 per litre,,beer-wines-spirits
Casillero Del Diablo Reserva Cabernet Sauvignon,Casillero Del Diablo Rese...75cl,£6.50,£6.50 per 75cl,"Buy 6, Save 25%",beer-wines-spirits
Casillero del Diablo Reserva Chardonnay,Casillero del Diablo Reserva Chardonnay75cl,£7.50,£7.50 per 75cl,"Buy 6, Save 25%",beer-wines-spirits
Casillero del Diablo Reserva Sauvignon Blanc,Casillero del Diablo Reserva Sauvignon Blanc75cl,£6.50,£6.50 per 75cl,"Buy 6, Save 25%",beer-wines-spirits
Casillero Del Diablo Tempranillo,Casillero Del Diablo Tempranillo75cl,£7.50,£7.50 per 75cl,"Buy 6, Save 25%",beer-wines-spirits
Casilliero del Diablo Reserva Merlot,Casilliero del Diablo Reserva Merlot75cl,£7.50,£7.50 per 75cl,"Buy 6, Save 25%",beer-wines-spirits
Castella Classic Fine Cigars ,Castella Classic Fine Cigars 10 per pack,£16.35,£1.64 each,,beer-wines-spirits
Castella Classic Fine Cigars ,Castella Classic Fine Cigars 5 per pack,£8.20,£1.64 each,,beer-wines-spirits
Castillo De Sierra Brut ,Castillo De Sierra Brut 75cl,£5.85,£5.85 per 75cl,,beer-wines-spirits
Castillo De Sierra Rosado ,Castillo De Sierra Rosado 75cl,£5.99,£5.99 per 75cl,,beer-wines-spirits
Castillo De Sierra Semi Seco Cava,Castillo De Sierra Semi Seco Cava75cl,£5.85,£5.85 per 75cl,,beer-wines-spirits
Chambord Black Raspberry Liqueur ,Chambord Black Raspberry Liqueur 20cl,£6,£30.00 per litre,,beer-wines-spirits
Champagne Charles Clement Cuvee Des Vignerons,Champagne Charles Clement...750ml,£18,£18.00 per 75cl,"Offer price £18, was £24",beer-wines-spirits
Champagne Veuve Devanlay Nv Rose ,Champagne Veuve Devanlay Nv Rose 75cl,£23,£23.00 per 75cl,,beer-wines-spirits
Chaplin & Corks Somerset Vintage Cider ,Chaplin & Corks Somerset Vintage Cider 500ml,£2.15,£4.30 per litre,Buy 3 for £5.50,beer-wines-spirits
Chapmans Bay Sauvignon Blanc,Chapmans Bay Sauvignon Blanc75cl,£6.49,£6.49 per 75cl,"Buy 6, Save 25%",beer-wines-spirits
Charles De Villers Champagne Brut,Charles De Villers Champagne Brut75cl,£18,£18.00 per 75cl,"Offer price £18, was £24",beer-wines-spirits
Charles Rousseau Sauvignon Blanc ,Charles Rousseau Sauvignon Blanc 75cl,£7,£7.00 per 75cl,"Buy 6, Save 25%",beer-wines-spirits
Chateau Mauriac Bordeaux ,Chateau Mauriac Bordeaux 75cl,£7,£7.00 per 75cl,"Buy 6, Save 25%",beer-wines-spirits
Chateauneuf Du Pape,Chateauneuf Du Pape75cl,£18,£18.00 per 75cl,"Buy 6, Save 25%",beer-wines-spirits
Chesterfield Blue Cigarettes,Chesterfield Blue Cigarettes20 per pack,£9.50,47.5p each,,beer-wines-spirits
Chesterfield Bright Superking Cigarettes,Chesterfield Bright Superking Cigarettes20 per pack,£9.50,47.5p each,,beer-wines-spirits
Chesterfield Red Cigarettes,Chesterfield Red Cigarettes20 per pack,£9.50,47.5p each,,beer-wines-spirits
Chesterfield Red Superking Cigarettes,Chesterfield Red Superking Cigarettes20 per pack,£9.50,47.5p each,,beer-wines-spirits
Chevaliers St Martin Aop Bordeaux ,Chevaliers St Martin Aop Bordeaux 75cl,£5.49,£5.49 per 75cl,"Buy 6, Save 25%",beer-wines-spirits
Chief Of Vapes Blue Raspberry Ice 2ML,Chief Of Vapes Blue Raspberry Ice 2ML,£5.99,,,beer-wines-spirits
Chief Of Vapes Cola 2ML,Chief Of Vapes Cola 2ML,£5.99,,,beer-wines-spirits
Chief Of Vapes Mango Ice 2ML,Chief Of Vapes Mango Ice 2ML,£5.99,,,beer-wines-spirits
Chief Of Vapes Mixed Berries 2ML,Chief Of Vapes Mixed Berries 2ML,£5.99,,,beer-wines-spirits
Chief Of Vapes Strawberry Ice Cream 2ML,Chief Of Vapes Strawb...,£5.99,,,beer-wines-spirits
Chief Of Vapes Watermelon Ice 2ML,Chief Of Vapes Watermelon Ice 2ML,£5.99,,,beer-wines-spirits
Chivas Regal 12 Year Old Blended Scotch Whisky,Chivas Regal 12 Year Old Blended Scotch Whisky70cl,£29,£41.43 per litre,,beer-wines-spirits
Cidade Branca Alentejo,Cidade Branca Alentejo75cl,£7,£7.00 per 75cl,"Buy 6, Save 25%",beer-wines-spirits
Cidade Branca White,Cidade Branca White75cl,£8,£8.00 per 75cl,"Buy 6, Save 25%",beer-wines-spirits
Cidersmiths Six Point Six Vintage Cider (Abv 6.6%),Cidersmiths Six Point Six Vintage Cider (Abv 6.6%)500ml,£2,40p per 100ml,,beer-wines-spirits
Cinzano Bianco (ABV 15%),Cinzano Bianco (ABV 15%)1L,£8.50,£8.50 per litre,"Offer price £8.50, was £9.50",beer-wines-spirits
Cirro Blueberry E-Liquid 12mg,Cirro Blueberry E-Liquid 12mg,£4.50,,,beer-wines-spirits
Cirro Cherry Bomb E-Liquid 12mg,Cirro Cherry Bomb E-Liquid 12mg,£4,,,beer-wines-spirits
Clan Original Pipe Tobacco,Clan Original Pipe Tobacco50g,£20.55,£41.10 per 100g,,beer-wines-spirits
Classic Ales Mixed Pack Beers,Classic Ales Mixed Pack Beers6 x 500ml,£9.50,£3.17 per litre,Buy 2 for £16,beer-wines-spirits
CleanCo Clean G Non-Alcoholic Gin Replacement,CleanCo Clean G Non-Alcoholic Gin Replacement70cl,£12,£17.15 per litre,"Offer price £12, was £16",beer-wines-spirits
CleanCo Clean R Non-Alcoholic Rum Replacement,CleanCo Clean R Non-Alcoh...70cl,£12,£17.15 per litre,"Offer price £12, was £16",beer-wines-spirits
Clogwyn Gold 4%,Clogwyn Gold 4%500ml,£2.25,£4.50 per litre,Buy 4 for the Price of 3,beer-wines-spirits
Coach House Blueberry Classic Bitter 5.0%,Coach House Blueberry Classic Bitter 5.0%500ml,£2.25,£4.50 per litre,Buy 4 for the Price of 3,beer-wines-spirits
Cobra Premium Lager ,Cobra Premium Lager 620ml,£2.35,£3.79 per litre,Buy 4 for the Price of 3,beer-wines-spirits
Coca-Cola Original Taste ,Coca-Cola Original Taste 24 x 330ml,£12.50,15.8p per 100ml,"Offer price £12.50, was £13",beer-wines-spirits
Coca-Cola Original Taste ,Coca-Cola Original Taste 4 x 250ml,£3,30p per 100ml,"Offer price £3, was £4.25",beer-wines-spirits
Coca-Cola Zero Sugar ,Coca-Cola Zero Sugar 30 x 330ml,£10,10.1p per 100ml,"Offer price £10, was £14 - Online Exclusive",beer-wines-spirits
Cockburn's Fine Ruby Port,Cockburn's Fine Ruby Port75cl,£10.50,£10.50 per 75cl,,beer-wines-spirits
Cockburns Special Reserve,Cockburns Special Reserve75cl,£12,£12.00 per 75cl,,beer-wines-spirits
Cockburn's Special Reserve Port,Cockburn's Special Reserve Port1L,£11.50,£8.63 per 75cl,"Offer price £11.50, was £16",beer-wines-spirits
Codorniu Vintage Cava Brut,Codorniu Vintage Cava Brut75cl,£11,£14.67 per litre,"Buy 6, Save 25%",beer-wines-spirits
Cointreau Triple Sec Orange Liqueur,Cointreau Triple Sec Orange Liqueur50cl,£13.50,£27.00 per litre,,beer-wines-spirits
Colpasso Nero D'Avola Appassimento,Colpasso Nero D'Avola Appassimento75cl,£9,£9.00 per 75cl,"Buy 6, Save 25%",beer-wines-spirits
Compton Orchard Cider,Compton Orchard Cider4 x 550ml,£3,13.6p per 100ml,,beer-wines-spirits
Comte De Saint Emmanuel,Comte De Saint Emmanuel75cl,£6,£6.00 per 75cl,"Buy 6, Save 25%",beer-wines-spirits
Cono Sur Bicicleta Malbec,Cono Sur Bicicleta Malbec75cl,£7.50,£7.50 per 75cl,"Buy 6, Save 25%",beer-wines-spirits
Cono Sur Bicicleta Pinot Noir,Cono Sur Bicicleta Pinot Noir75cl,£5.99,£5.99 per 75cl,"Buy 6, Save 25%",beer-wines-spirits
Cono Sur Bicicleta  Sauvignon Blanc  ,Cono Sur Bicicleta  Sauvignon Blanc  75cl,£7,£7.00 per 75cl,"Buy 6, Save 25%",beer-wines-spirits
Cono Sur Bicicleta Viognier,Cono Sur Bicicleta Viognier75cl,£6,£6.00 per 75cl,"Buy 6, Save 25%",beer-wines-spirits
Contino Reserva Rioja ,Contino Reserva Rioja 75cl,£22,£22.00 per 75cl,"Buy 6, Save 25%",beer-wines-spirits
Coors,Coors4 x 440ml,£4,£2.27 per litre,,beer-wines-spirits
Coors,Coors10 x 440ml,£10.50,£2.39 per litre,Buy 2 for £16,beer-wines-spirits
Coors,Coors12 x 330ml,£10,£2.53 per litre,Buy 2 for £16,beer-wines-spirits
Coors,Coors15 x 440ml,£11,£1.67 per litre,,beer-wines-spirits
Cornish Blackberry Mead,Cornish Blackberry Mead75cl,£8.75,£11.67 per litre,,beer-wines-spirits
Cornish Gold Cyder,Cornish Gold Cyder500ml,£2.25,45p per 100ml,Buy 3 for £5.50,beer-wines-spirits
Corona ,Corona 620ml,£2.50,£4.03 per litre,Buy 4 for the Price of 3,beer-wines-spirits
Corona Cero 0.0% ,Corona Cero 0.0% 4 x 330ml,£4.05,£3.07 per litre,"Offer price £4.05, was £4.50",beer-wines-spirits
Corona Cero Bottle,Corona Cero Bottle12 x 330ml,£11.99,30.3p per 100ml,Buy 2 for £16,beer-wines-spirits
Corona Extra Premium Lager Beer bottles,Corona Extra Premium Lager Beer bottles4 x 330ml,£5.50,£4.17 per litre,,beer-wines-spirits
Corona Extra Premium Lager Beer bottles,Corona Extra Premium Lager Beer bottles12 x 330ml,£10,£2.53 per litre,,beer-wines-spirits
Corona Extra Premium Lager Beer bottles,Corona Extra Premium Lager Beer bottles18 x 330ml,£20,£3.37 per litre,,beer-wines-spirits
Corona Extra Premium Lager Beer Cans,Corona Extra Premium Lager Beer Cans6 x 330ml,£6.50,£3.28 per litre,Buy 2 for £10,beer-wines-spirits
Corona Extra Premium Lager Beer Cans,Corona Extra Premium Lager Beer Cans10 x 330ml,£10,£3.03 per litre,Buy 2 for £16,beer-wines-spirits
Costa Di Bussia Barolo ,Costa Di Bussia Barolo 75cl,£37,£37.00 per 75cl,"Buy 6, Save 25%",beer-wines-spirits
Country Manor Medium Sweet,Country Manor Medium Sweet3L,£6,£1.50 per 75cl,,beer-wines-spirits
Cour Rastignac Medoc ,Cour Rastignac Medoc 75cl,£10,£10.00 per 75cl,"Buy 6, Save 25%",beer-wines-spirits
Courvoisier VS Cognac,Courvoisier VS Cognac70cl,£26,£37.15 per litre,"Offer price £26, was £30",beer-wines-spirits
Courvoisier VS Cognac,Courvoisier VS Cognac1L,£39,£39.00 per litre,,beer-wines-spirits
Courvoisier VS Cognac ,Courvoisier VS Cognac 35cl,£16,£45.71 per litre,,beer-wines-spirits
Courvoisier VSOP Cognac,Courvoisier VSOP Cognac70cl,£37,£52.86 per litre,,beer-wines-spirits
Crabbies Ginger Beer,Crabbies Ginger Beer500ml,£1.80,£3.60 per litre,Buy 4 for £6,beer-wines-spirits
Crabbies Green Ginger Wine,Crabbies Green Ginger Wine70cl,£6.25,£6.70 per 75cl,,beer-wines-spirits
Crabbie's Rhubarb Alcoholic Ginger Beer,Crabbie's Rhubarb Alcoholic Ginger Beer500ml,£1.65,£3.30 per litre,Buy 4 for £6,beer-wines-spirits
Crabbie's Yardhead Single Malt Scotch Whisky ,Crabbie's Yardhead Single Malt Scotch Whisky 70cl,£26,£37.14 per litre,,beer-wines-spirits
Cricket Child Resistant Lighters,Cricket Child Resistant Lighters3 per pack,£1.55,51.7p each,,beer-wines-spirits
Crocodile Diamante Rose ,Crocodile Diamante Rose 75cl,£8,£8.00 per 75cl,"Buy 6, Save 25%",beer-wines-spirits
Croft Original Sherry Fine Pale Cream,Croft Original Sherry Fine Pale Cream1L,£11.50,£8.63 per 75cl,"Offer price £11.50, was £12.50",beer-wines-spirits
Crossing The Rubicon India Pale Ale (Abv 6.9%),Crossing The Rubicon India Pale Ale (Abv 6.9%)330ml,£2,£6.06 per litre,Buy 4 for the Price of 3,beer-wines-spirits
Cune Mencia,Cune Mencia75cl,£10,£1.33 per 100ml,"Buy 6, Save 25%",beer-wines-spirits
Cutters Choice Extra Fine Includes Cigarette Papers ,Cutters Choice Extra Fine Includes Cigarette Papers 30g,£19.20,£64.00 per 100g,,beer-wines-spirits
Cutters Choice Original Includes Cigarette Papers ,Cutters Choice Original Includes Cigarette Papers 30g,£21,£70.00 per 100g,,beer-wines-spirits
Cuvee Mistral De Provenc,Cuvee Mistral De Provenc75cl,£12,£12.00 per 75cl,"Buy 6, Save 25%",beer-wines-spirits
Dark Horse Chardonnay White Wine ,Dark Horse Chardonnay White Wine 75cl,£7,£7.00 per 75cl,"Buy 6, Save 25%",beer-wines-spirits
Dark Star Brewing Co Hophead,Dark Star Brewing Co Hophead500ml,£2.25,£4.50 per litre,,beer-wines-spirits
Dartmoor Brewery Ipa ,Dartmoor Brewery Ipa 500ml,£2.25,£4.50 per litre,Buy 4 for the Price of 3,beer-wines-spirits
Dartmoor Jail Ale 4.8%,Dartmoor Jail Ale 4.8%500ml,£2.25,£4.50 per litre,Buy 4 for the Price of 3,beer-wines-spirits
Dartmoor Legend Ale (Abv 4.4%),Dartmoor Legend Ale (Abv 4.4%)500ml,£2,£4.00 per litre,Buy 4 for the Price of 3,beer-wines-spirits
Daybreak Sauvignon Blanc,Daybreak Sauvignon Blanc75cl,£8,£10.67 per litre,"Buy 6, Save 25%",beer-wines-spirits
Dead Man's Fingers Banana Rum,Dead Man's Fingers Banana Rum70cl,£18.50,£26.43 per litre,,beer-wines-spirits
Dead Mans Fingers Raspberry Rum Cream Liqueur ,Dead Mans Fingers Raspber...70cl,£12,£17.14 per litre,,beer-wines-spirits
Dead Man's Fingers Spiced Rum ,Dead Man's Fingers Spiced Rum 70cl,£18.50,£26.43 per litre,,beer-wines-spirits
Dead Mans Fingers White Rum,Dead Mans Fingers White Rum70cl,£16,£22.86 per litre,"Offer price £16, was £20",beer-wines-spirits
De Kuyper Blue Curacao Liqueur,De Kuyper Blue Curacao Liqueur50cl,£10.50,£21.00 per litre,,beer-wines-spirits
De Kuyper CrÃ¨me de Cassis Liqueur,De Kuyper CrÃ¨me de Cassis Liqueur50cl,£8.75,£17.50 per litre,"Offer price £8.75, was £10.50",beer-wines-spirits
De Kuyper Curacao Triple Sec (Abv 20%),De Kuyper Curacao Triple Sec (Abv 20%)50cl,£9,£18.00 per litre,"Offer price £9, was £10.75",beer-wines-spirits
Desperados Tequila Lager Beer Bottle,Desperados Tequila Lager Beer Bottle650ml,£3.10,£4.77 per litre,Buy 4 for the Price of 3,beer-wines-spirits
Desperados Tequila Lager Beer Bottles,Desperados Tequila Lager Beer Bottles3 x 330ml,£5.50,£5.56 per litre,,beer-wines-spirits
Desperados Tequila Lager Beer Bottles,Desperados Tequila Lager Beer Bottles12 x 250ml,£15,£5.00 per litre,,beer-wines-spirits
Dewar's Caribbean Smooth Blended Scotch Whisky,Dewar's Caribbean Smooth...70cl,£23,£32.86 per litre,"Offer price £23, was £28",beer-wines-spirits
Diablo Black Cabernet Sauvignon,Diablo Black Cabernet Sauvignon75cl,£8.50,£8.50 per 75cl,"Buy 6, Save 25%",beer-wines-spirits
Diablo Dark Red ,Diablo Dark Red 75cl,£8.50,£8.50 per 75cl,"Buy 6, Save 25%",beer-wines-spirits
Diablo Golden Chardonnay,Diablo Golden Chardonnay75cl,£8,£8.00 per 75cl,"Buy 6, Save 25%",beer-wines-spirits
Diet Pepsi Cans,Diet Pepsi Cans24 x 330ml,£9.50,12p per 100ml,,beer-wines-spirits
Disaronno Amaretto ,Disaronno Amaretto 70cl,£18.50,£26.43 per litre,,beer-wines-spirits
Disaronno Originale Amaretto,Disaronno Originale Amaretto50cl,£12,£24.00 per litre,"Offer price £12, was £16.50",beer-wines-spirits
Disaronno Velvet Liqueur ,Disaronno Velvet Liqueur 500ml,£16,£32.00 per litre,,beer-wines-spirits
Disco Fork Lift Truck Mango Pale Ale (Abv 5.1%),Disco Fork Lift Truck Man...330ml,£2,£6.06 per litre,Buy 4 for the Price of 3,beer-wines-spirits
Dom Benedictine Liqueur,Dom Benedictine Liqueur500ml,£18,£36.00 per litre,,beer-wines-spirits
Don Simon Nature Sauvignon Blanc,Don Simon Nature Sauvignon Blanc75cl,£4.99,£4.99 per 75cl,,beer-wines-spirits
Doom Bar Amber Ale,Doom Bar Amber Ale10 x 440ml,£10,£2.27 per litre,"Offer price £10, was £11.50",beer-wines-spirits
Double Drip Double Menthol 12mg,Double Drip Double Menthol 12mg10ml,£3.99,£3.99 per 10ml,,beer-wines-spirits
Double Drip Double Menthol 3mg,Double Drip Double Menthol 3mg10ml,£3.99,£3.99 per 10ml,,beer-wines-spirits
Double Drip Double Menthol 6mg,Double Drip Double Menthol 6mg10ml,£3.99,£3.99 per 10ml,,beer-wines-spirits
Double Drip Fizzy Cherry Cola Bottles 12mg,Double Drip Fizzy Cherry Cola Bottles 12mg10ml,£3.99,£3.99 per 10ml,,beer-wines-spirits
Double Drip Fizzy Cherry Cola Bottles 3mg,Double Drip Fizzy Cherry Cola Bottles 3mg10ml,£3.99,£3.99 per 10ml,,beer-wines-spirits
Double Drip Fizzy Cherry Cola Bottles 6mg,Double Drip Fizzy Cherry Cola Bottles 6mg,£3.99,,,beer-wines-spirits
Double Drip Raspberry 12Mg,Double Drip Raspberry 12Mg,£3.99,,,beer-wines-spirits
Double Drip Raspberry Apple 12mg,Double Drip Raspberry Apple 12mg,£3.99,,,beer-wines-spirits
Double Drip Raspberryapple 3Mg,Double Drip Raspberryapple 3Mg,£3.99,,,beer-wines-spirits
Double Drip Raspberry Apple 6mg,Double Drip Raspberry Apple 6mg,£3.99,,,beer-wines-spirits
Double Drip Raspberry Sherbet 3mg,Double Drip Raspberry Sherbet 3mg,£3.99,,,beer-wines-spirits
Double Drip Raspberry Sherbet 6mg,Double Drip Raspberry Sherbet 6mg,£3.99,,,beer-wines-spirits
Double Drip Super Berry Sherbet 3mg,Double Drip Super Berry Sherbet 3mg,£3.99,,,beer-wines-spirits
Double Drip Super Berry Sherbet 6mg,Double Drip Super Berry Sherbet 6mg,£3.99,,,beer-wines-spirits
Double Maxim Premium Brown Ale,Double Maxim Premium Brown Ale500ml,£2,£4.00 per litre,Buy 4 for the Price of 3,beer-wines-spirits
Dow's Renown Port,Dow's Renown Port75cl,£8.50,£8.50 per 75cl,"Offer price £8.50, was £10",beer-wines-spirits
Dragbar 600 Banana Ice 20mg,Dragbar 600 Banana Ice 20mg,£5.99,,,beer-wines-spirits
Dragbar 600 Grape Ice 20mg,Dragbar 600 Grape Ice 20mg,£5.99,,,beer-wines-spirits
Dragbar 600 Green Apple Ice 20mg,Dragbar 600 Green Apple Ice 20mg,£5.99,,,beer-wines-spirits
Dragbar 600 Lush Ice 20mg,Dragbar 600 Lush Ice 20mg,£5.99,,,beer-wines-spirits
Dragbar 600 Mango Ice 20mg,Dragbar 600 Mango Ice 20mg,£5.99,,,beer-wines-spirits
Dragbar 600 Menthol 20mg,Dragbar 600 Menthol 20mg,£5.99,,,beer-wines-spirits
Dragbar 600 OMG 20mg,Dragbar 600 OMG 20mg,£5.99,,,beer-wines-spirits
Dragbar 600 Peach Ice 20mg,Dragbar 600 Peach Ice 20mg,£5.99,,,beer-wines-spirits
Dragbar Z700 Gt Pineapple Lime Soda,Dragbar Z700 Gt Pineapple Lime Soda,£5.99,,,beer-wines-spirits
Drambuie,Drambuie50cl,£19,£38.00 per litre,,beer-wines-spirits
Drum Gold Tobacco,Drum Gold Tobacco30g,£20.80,£69.33 per 100g,,beer-wines-spirits
Drum The Original Blue Tobacco,Drum The Original Blue Tobacco30g,£20.80,£69.33 per 100g,,beer-wines-spirits
Drum The Original Blue Tobacco,Drum The Original Blue Tobacco50g,£34.50,£69.00 per 100g,,beer-wines-spirits
Dunhill International Cigarettes,Dunhill International Cigarettes20 per pack,£16.40,82p each,,beer-wines-spirits
Dunhill Red Cigarettes,Dunhill Red Cigarettes20 per pack,£16.10,80.5p each,,beer-wines-spirits
Duralex Conical Pint Tumbler,Duralex Conical Pint Tumbler,£2.85,£2.85 each,,beer-wines-spirits
Duvel Belgian Strong Golden Ale Bottle,Duvel Belgian Strong Golden Ale Bottle330ml,£2.50,£7.58 per litre,Buy 4 for the Price of 3,beer-wines-spirits
Duvel Tripel Hop Citra (Abv 9.5%),Duvel Tripel Hop Citra (Abv 9.5%)330ml,£3,90.9p per 100ml,Buy 4 for the Price of 3,beer-wines-spirits
Dynamite Factory Sauvignon Blanc,Dynamite Factory Sauvignon Blanc75cl,£9,£1.20 per 100ml,"Buy 6, Save 25%",beer-wines-spirits
Dynamite Factory Shiraz,Dynamite Factory Shiraz75cl,£7,93.3p per 100ml,"Offer price £7, was £9",beer-wines-spirits
Echo Falls 5.5% Summer Berries,Echo Falls 5.5% Summer Berries75cl,£3.99,£3.99 per 75cl,,beer-wines-spirits
Echo Falls 9% Summer Berries,Echo Falls 9% Summer Berries75cl,£5.75,£5.75 per 75cl,"Buy 6, Save 25%",beer-wines-spirits
 Echo Falls Merlot, Echo Falls Merlot187ml,£1,£4.01 per 75cl,,beer-wines-spirits
Echo Falls Pinot Grigio Rose ,Echo Falls Pinot Grigio Rose 75cl,£6.50,£6.50 per 75cl,"Buy 6, Save 25%",beer-wines-spirits
Echo Falls White,Echo Falls White75cl,£5,£5.00 per 75cl,"Buy 6, Save 25%",beer-wines-spirits
Echo Falls White Zinfandel,Echo Falls White Zinfandel75cl,£5.50,£5.50 per 75cl,"Buy 6, Save 25%",beer-wines-spirits
Edge Blackcurrant E-Liquid 12mg,Edge Blackcurrant E-Liquid 12mg,£2.85,,,beer-wines-spirits
Edge Blackcurrant E-Liquid 18mg,Edge Blackcurrant E-Liquid 18mg,£2.85,,,beer-wines-spirits
Edge Blackcurrant E-Liquid 3mg,Edge Blackcurrant E-Liquid 3mg,£2.85,,,beer-wines-spirits
Edge Blackcurrant E-Liquid 6mg,Edge Blackcurrant E-Liquid 6mg,£2.85,,,beer-wines-spirits
Edge Blueberry E-Liquid 12mg,Edge Blueberry E-Liquid 12mg,£2.85,,,beer-wines-spirits
Edge Blueberry E-Liquid 18mg,Edge Blueberry E-Liquid 18mg,£2.85,,,beer-wines-spirits
Edge Blueberry E-Liquid 6mg,Edge Blueberry E-Liquid 6mg,£2.85,,,beer-wines-spirits
Edge British Tobacco E-Liquid 12mg,Edge British Tobacco E-Liquid 12mg,£2.85,,,beer-wines-spirits
Edge British Tobacco E-Liquid 18mg,Edge British Tobacco E-Liquid 18mg,£2.85,,,beer-wines-spirits
Edge British Tobacco E-Liquid 6mg,Edge British Tobacco E-Liquid 6mg,£2.85,,,beer-wines-spirits
Edge Cherry Menthol E-Liquid 12mg,Edge Cherry Menthol E-Liquid 12mg,£2.85,,,beer-wines-spirits
Edge Cherry Menthol E-Liquid 6mg,Edge Cherry Menthol E-Liquid 6mg,£2.85,,,beer-wines-spirits
Edge Forest Fruits E-Liquid 12mg,Edge Forest Fruits E-Liquid 12mg,£2.85,,,beer-wines-spirits
Edge Forest Fruits E-Liquid 18mg,Edge Forest Fruits E-Liquid 18mg,£2.85,,,beer-wines-spirits
Edge Forest Fruits E-Liquid 6mg,Edge Forest Fruits E-Liquid 6mg,£2.85,,,beer-wines-spirits
Edge Heizen E-Liquid 12mg,Edge Heizen E-Liquid 12mg,£2.85,,,beer-wines-spirits
Edge Heizen E-Liquid 18mg,Edge Heizen E-Liquid 18mg,£2.85,,,beer-wines-spirits
Edge Heizen E-Liquid 6mg,Edge Heizen E-Liquid 6mg,£2.85,,,beer-wines-spirits
Edge Max Blue Raspberry E-Liquid 3mg,Edge Max Blue Raspberry E-Liquid 3mg,£2.85,,,beer-wines-spirits
Edge Max Heizen E-Liquid 3mg,Edge Max Heizen E-Liquid 3mg,£2.85,,,beer-wines-spirits
Edge Max Mango Ice Menthol E-Liquid 3mg,Edge Max Mango Ice Menthol E-Liquid 3mg,£2.85,,,beer-wines-spirits
Edge Menthol Tobacco E-Liquid 12mg,Edge Menthol Tobacco E-Liquid 12mg,£2.85,,,beer-wines-spirits
Edge Menthol Tobacco E-Liquid 18mg,Edge Menthol Tobacco E-Liquid 18mg,£2.85,,,beer-wines-spirits
Edge Pro Coils,Edge Pro Coils,£2.85,,,beer-wines-spirits
Edge Pro Vaping Device,Edge Pro Vaping Device,£25,,,beer-wines-spirits
Edge Strawberry & Lime E-Liquid 12mg,Edge Strawberry & Lime E-Liquid 12mg,£2.85,,,beer-wines-spirits
Edge Strawberry & Lime E-Liquid 18mg,Edge Strawberry & Lime E-Liquid 18mg,£2.85,,,beer-wines-spirits
Edge Strawberry & Lime E-Liquid 6mg,Edge Strawberry & Lime E-Liquid 6mg,£2.85,,,beer-wines-spirits
Edge Strawberry E-Liquid 3mg,Edge Strawberry E-Liquid 3mg,£2.85,,,beer-wines-spirits
Edge Strawberry E-Liquid 6mg,Edge Strawberry E-Liquid 6mg,£2.85,,,beer-wines-spirits
Edge Very Menthol E-Liquid 12mg,Edge Very Menthol E-Liquid 12mg,£2.85,,,beer-wines-spirits
Edge Very Menthol E-Liquid 18mg,Edge Very Menthol E-Liquid 18mg,£2.85,,,beer-wines-spirits
Edge Very Menthol E-Liquid 3mg,Edge Very Menthol E-Liquid 3mg,£2.85,,,beer-wines-spirits
Edge Very Menthol E-Liquid 6mg,Edge Very Menthol E-Liquid 6mg,£2.85,,,beer-wines-spirits
Edge Virginia Tobacco E-Liquid 12mg,Edge Virginia Tobacco E-Liquid 12mg,£2.85,,,beer-wines-spirits
Edge Virginia Tobacco E-Liquid 18mg,Edge Virginia Tobacco E-Liquid 18mg,£2.85,,,beer-wines-spirits
Edge Virginia Tobacco E-Liquid 6mg,Edge Virginia Tobacco E-Liquid 6mg,£2.85,,,beer-wines-spirits
Edinburgh Gin Elderflower Liqueur (Abv 20%),Edinburgh Gin Elderflower Liqueur (Abv 20%)50cl,£11,£22.00 per litre,"Offer price £11, was £16.50",beer-wines-spirits
Edinburgh Gin Raspberry Liqueur ,Edinburgh Gin Raspberry Liqueur 50cl,£11,£22.00 per litre,"Offer price £11, was £16.50",beer-wines-spirits
Edinburgh Gin Rhubarb & Ginger Gin Liqueur ,Edinburgh Gin Rhubarb & Ginger Gin Liqueur 250ml,£2,80p per 100ml,Buy 4 for £6,beer-wines-spirits
Edinburgh Gin Rhubarb & Ginger Liqueur,Edinburgh Gin Rhubarb & Ginger Liqueur50cl,£11,£22.00 per litre,"Offer price £11, was £16.50",beer-wines-spirits
Edinburgh Gin Small Batch Distilled ,Edinburgh Gin Small Batch Distilled 70cl,£21,£30.00 per litre,"Offer price £21, was £26",beer-wines-spirits
Eisberg Alcohol Free Rose Wine,Eisberg Alcohol Free Rose Wine75cl,£2.75,£2.75 per 75cl,,beer-wines-spirits
Eisberg Alcohol Free Wine Chardonnay,Eisberg Alcohol Free Wine Chardonnay75cl,£2.75,£2.75 per 75cl,,beer-wines-spirits
Eisberg Alcohol Free Wine Sauvignon Blanc ,Eisberg Alcohol Free Wine Sauvignon Blanc 75cl,£2.75,£3.67 per litre,,beer-wines-spirits
Eisberg Cabernet Sauvignon Alcohol Free Wine ,Eisberg Cabernet Sauvigno...75cl,£2.75,£2.75 per 75cl,,beer-wines-spirits
Eleanor La Reine Piquepoul - Terret Cotes De Thau IGP,Eleanor La Reine Piquepoul...75cl,£6.99,£6.99 per 75cl,"Buy 6, Save 25%",beer-wines-spirits
Elfbar 600 Pink Lemonade 20Mg,Elfbar 600 Pink Lemonade 20Mg,£5.99,,,beer-wines-spirits
Elf Bar Elfa Pod Blue Razz Lemonade 20mg,Elf Bar Elfa Pod Blue Razz Lemonade 20mg,£5.99,,,beer-wines-spirits
Elfbar Elfa Pod Elfbull 20mg,Elfbar Elfa Pod Elfbull 20mg,£5.99,,,beer-wines-spirits
Elf Bar Elfa Pod Kit Aurora Purple 20mg,Elf Bar Elfa Pod Kit Aurora Purple 20mg,£8.99,,,beer-wines-spirits
Elf Bar Elfa Pod Kit Black 20mg,Elf Bar Elfa Pod Kit Black 20mg,£8.99,,,beer-wines-spirits
Elfbar Elfa Pod Kiwi Passion Fruit Guava 20mg/,Elfbar Elfa Pod Kiwi Pass...,£5.99,,,beer-wines-spirits
Elsie Mo      ,Elsie Mo      500ml,£2.25,£4.50 per litre,Buy 4 for the Price of 3,beer-wines-spirits
Embassy Filter Cigarettes,Embassy Filter Cigarettes20 per pack,£15.15,75.8p each,,beer-wines-spirits
Embassy Signature Gold Cigarettes,Embassy Signature Gold Cigarettes20 per pack,£10.65,53.3p each,,beer-wines-spirits
Embassy Signature Gold Cigarettes Multipack,Embassy Signature Gold Cigarettes Multipack5 x 20 per pack,£53.20,53.2p each,,beer-wines-spirits
Embassy Signature Silver Cigarettes,Embassy Signature Silver Cigarettes20 per pack,£10.65,53.3p each,,beer-wines-spirits
Erdinger Alkoholfrei Alcohol Free Wheat Beer,Erdinger Alkoholfrei Alcohol Free Wheat Beer500ml,£1.75,£3.50 per litre,Buy 4 for the Price of 3,beer-wines-spirits
Erdinger Weissbier Wheat Beer,Erdinger Weissbier Wheat Beer50cl,£2.25,£4.50 per litre,Buy 4 for the Price of 3,beer-wines-spirits
Erinmore Mixture Pipe Tobacco,Erinmore Mixture Pipe Tobacco50g,£20.50,£41.00 per 100g,,beer-wines-spirits
Errazuriz Cabernet Sauvignon ,Errazuriz Cabernet Sauvignon 75cl,£9,£9.00 per 75cl,"Buy 6, Save 25%",beer-wines-spirits
Errazuriz Sauvignon Blanc      ,Errazuriz Sauvignon Blanc      75cl,£7,£7.00 per 75cl,"Buy 6, Save 25%",beer-wines-spirits
Estrella Damm Premium Lager Beer,Estrella Damm Premium Lager Beer660ml,£2.50,£3.79 per litre,Buy 4 for the Price of 3,beer-wines-spirits
Estrella Damm Premium Lager Beer,Estrella Damm Premium Lager Beer6 x 330ml,£7,£3.54 per litre,Buy 2 for £10,beer-wines-spirits
Estrella Damm Premium Lager Beer,Estrella Damm Premium Lager Beer12 x 330ml,£11,£2.78 per litre,"Offer price £11, was £15",beer-wines-spirits
Evan Evans CWRW,Evan Evans CWRW500ml,£2.25,£4.50 per litre,Buy 4 for the Price of 3,beer-wines-spirits
Evo Tobacco Sticks Amber,Evo Tobacco Sticks Amber,£4.50,,,beer-wines-spirits
Evo Tobacco Sticks Bronze,Evo Tobacco Sticks Bronze,£4.50,,,beer-wines-spirits
Evo Tobacco Sticks Green,Evo Tobacco Sticks Green,£4.50,,,beer-wines-spirits
Evo Tobacco Sticks Purple,Evo Tobacco Sticks Purple,£4.50,,,beer-wines-spirits
Exmoor Gold,Exmoor Gold500ml,£2.25,£4.50 per litre,Buy 4 for the Price of 3,beer-wines-spirits
Exmoor Stag,Exmoor Stag500ml,£2.25,£4.50 per litre,Buy 4 for the Price of 3,beer-wines-spirits
Fairbank Sauvignon Blanc Rose ,Fairbank Sauvignon Blanc Rose 75cl,£7,£7.00 per 75cl,"Buy 6, Save 25%",beer-wines-spirits
Fairbank Wines Sauvignon Blanc ,Fairbank Wines Sauvignon Blanc 75cl,£5.50,£5.50 per 75cl,"Buy 6, Save 25%",beer-wines-spirits
Felinfoel Double Dragon    ,Felinfoel Double Dragon    500ml,£2,£4.00 per litre,Buy 4 for the Price of 3,beer-wines-spirits
Felix Solis Sol de Espana Red Wine,Felix Solis Sol de Espana Red Wine1L,£5.25,£3.94 per 75cl,,beer-wines-spirits
Felix Solis Sol de Espana White Wine,Felix Solis Sol de Espana White Wine1L,£5.25,£3.94 per 75cl,"Buy 6, Save 25%",beer-wines-spirits
Fentimans Dandelion & Burdock ,Fentimans Dandelion & Burdock 750ml,£2.50,33.4p per 100ml,"Offer price £2.50, was £3.50",beer-wines-spirits
Fentimans Traditional Curiosity Cola,Fentimans Traditional Curiosity Cola750ml,£2.50,33.4p per 100ml,"Offer price £2.50, was £3.50",beer-wines-spirits
Ferrari Brut Nv ,Ferrari Brut Nv 75cl,£19,£19.00 per 75cl,"Buy 6, Save 25%",beer-wines-spirits
Fever-Tree Light Aromatic Tonic,Fever-Tree Light Aromatic Tonic8 x 150ml,£4.75,39.6p per 100ml,Buy 2 for £8.50,beer-wines-spirits
Fever-Tree Light Aromatic Tonic,Fever-Tree Light Aromatic Tonic500ml,£1.70,34p per 100ml,"Offer price £1.70, was £2",beer-wines-spirits
Fever-Tree Light Elderflower Tonic,Fever-Tree Light Elderflower Tonic500ml,£1.70,34p per 100ml,"Offer price £1.70, was £2",beer-wines-spirits
Fever-Tree Light Elderflower Tonic,Fever-Tree Light Elderflower Tonic8 x 150ml,£4.75,39.6p per 100ml,Buy 2 for £8.50,beer-wines-spirits
Fever-Tree Light Mediterranean Tonic,Fever-Tree Light Mediterranean Tonic500ml,£1.70,34p per 100ml,"Offer price £1.70, was £2",beer-wines-spirits
Fever-Tree Light Mediterranean Tonic,Fever-Tree Light Mediterranean Tonic8 x 150ml,£4.75,39.6p per 100ml,Buy 2 for £8.50,beer-wines-spirits
Fever-Tree Mediterranean Tonic Water,Fever-Tree Mediterranean Tonic Water500ml,£1.70,34p per 100ml,"Offer price £1.70, was £2.20",beer-wines-spirits
Fever-Tree Premium Indian Tonic Water,Fever-Tree Premium Indian Tonic Water500ml,£1.70,34p per 100ml,"Offer price £1.70, was £2.20",beer-wines-spirits
Fever-Tree Premium Indian Tonic Water,Fever-Tree Premium Indian Tonic Water8 x 150ml,£4.95,41.3p per 100ml,Buy 2 for £8.50,beer-wines-spirits
Fever-Tree Refreshingly Light Ginger Ale,Fever-Tree Refreshingly Light Ginger Ale500ml,£2,40p per 100ml,,beer-wines-spirits
Fever-Tree Refreshingly Light Ginger Ale ,Fever-Tree Refreshingly Light Ginger Ale 8 x 150ml,£4.75,39.6p per 100ml,Buy 2 for £8.50,beer-wines-spirits
Fever-Tree Refreshingly Light Ginger Beer,Fever-Tree Refreshingly Light Ginger Beer4 x 250ml,£4,40p per 100ml,,beer-wines-spirits
Fever-Tree Refreshingly Light Indian Tonic Water,Fever-Tree Refreshingly Light Indian Tonic Water500ml,£1.70,34p per 100ml,"Offer price £1.70, was £2",beer-wines-spirits
Fever-Tree Refreshingly Light Indian Tonic Water,Fever-Tree Refreshingly Light Indian Tonic Water8 x 150ml,£4.75,39.6p per 100ml,Buy 2 for £8.50,beer-wines-spirits
Fever-Tree Refreshingly Light Sicilian Lemonade,Fever-Tree Refreshingly Light Sicilian Lemonade500ml,£1.70,34p per 100ml,"Offer price £1.70, was £2",beer-wines-spirits
Fever-Tree Refreshingly Light Sicilian Lemonade,Fever-Tree Refreshingly Light Sicilian Lemonade4 x 250ml,£4,40p per 100ml,,beer-wines-spirits
Fireball Cinnamon Whisky Liqueur,Fireball Cinnamon Whisky Liqueur70cl,£15,£21.43 per litre,"Offer price £15, was £18",beer-wines-spirits
Fireball Liqueur (Abv 33%),Fireball Liqueur (Abv 33%)50cl,£12,£24.00 per litre,,beer-wines-spirits
Fire Catcher Golden Beer,Fire Catcher Golden Beer500ml,£1.09,£2.18 per litre,,beer-wines-spirits
Fleurs De Prairie Luberon,Fleurs De Prairie Luberon75cl,£8,£8.00 per 75cl,"Buy 6, Save 25%",beer-wines-spirits
Fleurs De Prairie Luberon Rose,Fleurs De Prairie Luberon Rose187ml,£2.49,£13.32 per litre,Buy 4 for the Price of 3,beer-wines-spirits
Fleurs De Prairie Sparkling Rose,Fleurs De Prairie Sparkling Rose75cl,£8,£8.00 per 75cl,"Buy 6, Save 25%",beer-wines-spirits
Florio Vecchioflorio Marsala Superiore Dolce,Florio Vecchioflorio Marsala Superiore Dolce75cl,£10,£10.00 per 75cl,"Offer price £10, was £11",beer-wines-spirits
Foster's Lager Beer Cans,Foster's Lager Beer Cans18 x 440ml,£12,£1.52 per litre,,beer-wines-spirits
Fosters Lager Cans,Fosters Lager Cans15 x 440ml,£16.50,25p per 100ml,,beer-wines-spirits
Fosters Lager Cans,Fosters Lager Cans18 x 440ml,£11,13.9p per 100ml,,beer-wines-spirits
Fosters Lager Cans,Fosters Lager Cans10 x 440ml,£9.50,21.6p per 100ml,Buy 2 for £16,beer-wines-spirits
Fosters Lager Cans,Fosters Lager Cans4 x 568ml,£5.75,25.3p per 100ml,,beer-wines-spirits
Fosters Lager Cans,Fosters Lager Cans4 x 440ml,£3.85,21.9p per 100ml,,beer-wines-spirits
Free Damm 0% Lager,Free Damm 0% Lager4 x 330ml,£3.50,26.5p per 100ml,"Offer price £3.50, was £4",beer-wines-spirits
Freixenet Cordon Negro Brut Cava ,Freixenet Cordon Negro Brut Cava 75cl,£9,£9.00 per 75cl,"Buy 6, Save 25%",beer-wines-spirits
Freixenet  Cordon Rosado    Seco ,Freixenet  Cordon Rosado    Seco 75cl,£11,£11.00 per 75cl,"Buy 6, Save 25%",beer-wines-spirits
Freixenet Italian Rose ,Freixenet Italian Rose 75cl,£8,£8.00 per 75cl,"Buy 6, Save 25%",beer-wines-spirits
Freixenet Italian Rose Sparkling Wine ,Freixenet Italian Rose Sparkling Wine 20cl,£4.25,£15.94 per 75cl,Buy 4 for the Price of 3,beer-wines-spirits
Freixenet Italian Sparkling Rose,Freixenet Italian Sparkling Rose75cl,£10,£10.00 per 75cl,"Buy 6, Save 25%",beer-wines-spirits
Freixenet Pinot Grigio ,Freixenet Pinot Grigio 75cl,£10,£10.00 per 75cl,"Buy 6, Save 25%",beer-wines-spirits
Freixenet Prosecco ,Freixenet Prosecco 20cl,£4.25,£15.94 per 75cl,Buy 4 for the Price of 3,beer-wines-spirits
Freixenet Prosecco,Freixenet Prosecco1.5L,£18,£12.00 per litre,"Buy 6, Save 25%",beer-wines-spirits
Freixenet Prosecco D. O. C.,Freixenet Prosecco D. O. C.75cl,£10,£10.00 per 75cl,"Buy 6, Save 25%",beer-wines-spirits
Freixenet Rioja ,Freixenet Rioja 75cl,£9,£9.00 per 75cl,"Buy 6, Save 25%",beer-wines-spirits
Freixenet Sauvignon Blanc ,Freixenet Sauvignon Blanc 75cl,£7.50,£7.50 per 75cl,"Buy 6, Save 25%",beer-wines-spirits
Freixenet Vintage Brut Cava,Freixenet Vintage Brut Cava75cl,£8.50,£8.50 per 75cl,"Buy 6, Save 25%",beer-wines-spirits
Frome Valley Henney's Dry Cider ,Frome Valley Henney's Dry Cider 500ml,£2.50,£5.00 per litre,Buy 3 for £5.50,beer-wines-spirits
Fruh Kolsch,Fruh Kolsch500ml,£3.25,£6.50 per litre,Buy 4 for the Price of 3,beer-wines-spirits
Fullers Black Cab Stout ,Fullers Black Cab Stout 500ml,£2,£4.00 per litre,Buy 4 for the Price of 3,beer-wines-spirits
Fuller's London Pride,Fuller's London Pride4 x 500ml,£5.49,27.5p per 100ml,,beer-wines-spirits
Fuller's London Pride Bottle,Fuller's London Pride Bottle500ml,£2.25,£4.50 per litre,Buy 4 for the Price of 3,beer-wines-spirits
Fullers Organic Honey Dew        ,Fullers Organic Honey Dew        500ml,£2.25,£4.50 per litre,Buy 4 for the Price of 3,beer-wines-spirits
Funkin Cocktails Mix Pack,Funkin Cocktails Mix Pack8 x 200ml,£11,£6.88 per litre,"Offer price £11, was £13",beer-wines-spirits
Funkin Cocktails Passion Fruit Martini ,Funkin Cocktails Passion Fruit Martini 700ml,£7.50,£10.72 per litre,"Offer price £7.50, was £9",beer-wines-spirits
Funkin Cocktails Pina Colada ,Funkin Cocktails Pina Colada 70cl,£7.50,£1.08 per 100ml,"Offer price £7.50, was £9",beer-wines-spirits
Funkin Cocktails Salted Caramel Espresso Martini ,Funkin Cocktails Salted Caramel Espresso Martini 70cl,£7.50,£8.03 per 75cl,"Offer price £7.50, was £9",beer-wines-spirits
Funkin Cocktails Strawberry Daiquiri ,Funkin Cocktails Strawberry Daiquiri 700ml,£7.50,£10.72 per litre,"Offer price £7.50, was £9",beer-wines-spirits
Funkin Nitro Cocktails Espresso Martini ,Funkin Nitro Cocktails Espresso Martini 200ml,£2.25,£11.25 per litre,Buy 4 for £6,beer-wines-spirits
Funkin Nitro Cocktails Passion Fruit Martini ,Funkin Nitro Cocktails Passion Fruit Martini 200ml,£2.25,£11.25 per litre,Buy 4 for £6,beer-wines-spirits
Funkin Nitro Cocktails Peach On The Beach ,Funkin Nitro Cocktails Peach On The Beach 200ml,£2.25,£11.25 per litre,Buy 4 for £6,beer-wines-spirits
Funkin Nitro Cocktails Pina Colada ,Funkin Nitro Cocktails Pina Colada 200ml,£2.25,£11.25 per litre,Buy 4 for £6,beer-wines-spirits
Funkin Nitro Cocktails Spiced Rum Zombie ,Funkin Nitro Cocktails Spiced Rum Zombie 200ml,£2.25,£1.13 per 100ml,Buy 4 for £6,beer-wines-spirits
Funkin Nitro Cocktails Strawberry Daiquiri ,Funkin Nitro Cocktails Strawberry Daiquiri 200ml,£2.25,£11.25 per litre,Buy 4 for £6,beer-wines-spirits
Funkin Passion Fruit Martini Cocktail Mixer,Funkin Passion Fruit Martini Cocktail Mixer400ml,£3,£7.50 per litre,,beer-wines-spirits
Funkin Pina Colada Cocktail Mixer ,Funkin Pina Colada Cocktail Mixer 400ml,£3,75p per 100ml,,beer-wines-spirits
Funkin Sparkling Cocktails Long Island Iced Tea,Funkin Sparkling Cocktails Long Island Iced Tea250ml,£2.25,£9.00 per litre,Buy 4 for £6,beer-wines-spirits
Galipette Cidre Brut,Galipette Cidre Brut500ml,£2.35,47p per 100ml,Buy 3 for £5.50,beer-wines-spirits
Gallo Family Vineyards Chardonnay White Wine ,Gallo Family Vineyards Chardonnay White Wine 75cl,£5.75,£5.75 per 75cl,"Buy 6, Save 25%",beer-wines-spirits
Gallo Family Vineyards Merlot Red Wine ,Gallo Family Vineyards Merlot Red Wine 75cl,£6.50,£6.50 per 75cl,"Buy 6, Save 25%",beer-wines-spirits
Gallo Family Vineyards Moscato White Wine ,Gallo Family Vineyards Moscato White Wine 75cl,£5.75,£5.75 per 75cl,"Buy 6, Save 25%",beer-wines-spirits
Gallo Family Vineyards Pinot Grigio White Wine,Gallo Family Vineyards Pinot Grigio White Wine75cl,£5.75,£5.75 per 75cl,"Buy 6, Save 25%",beer-wines-spirits
Gallo Family Vineyards Spritz Raspberry & Lime,Gallo Family Vineyards Spritz Raspberry & Lime75cl,£4.19,£4.19 per 75cl,"Offer price £4.19, was £4.79",beer-wines-spirits
Gallo Family Vineyards Summer Rose Wine ,Gallo Family Vineyards Summer Rose Wine 75cl,£5,£5.00 per 75cl,"Buy 6, Save 25%",beer-wines-spirits
Gallo Family Vineyards White Grenache Rose Wine ,Gallo Family Vineyards Whit...75cl,£6.50,£6.50 per 75cl,"Buy 6, Save 25%",beer-wines-spirits
Gallo Family Vineyards White Zinfandel Rose Wine ,Gallo Family Vineyards Whit...75cl,£6.50,£6.50 per 75cl,"Buy 6, Save 25%",beer-wines-spirits
Gary Barlow Organic Red Wine,Gary Barlow Organic Red Wine75cl,£6.50,£6.50 per 75cl,"Buy 6, Save 25%",beer-wines-spirits
Gary Barlow Organic Rose ,Gary Barlow Organic Rose 75cl,£6,£8.00 per litre,"Buy 6, Save 25%",beer-wines-spirits
Gary Barlow Organic White Wine,Gary Barlow Organic White Wine75cl,£6,£6.00 per 75cl,"Buy 6, Save 25%",beer-wines-spirits
Geek Bar Banana Ice 20MG,Geek Bar Banana Ice 20MG,£5.99,,,beer-wines-spirits
Geek Bar Blueberry Ice 20Mg,Geek Bar Blueberry Ice 20Mg,£5.99,,,beer-wines-spirits
Geek Bar Blueberry Sour Raspberry 20mg,Geek Bar Blueberry Sour Raspberry 20mg,£5.99,,,beer-wines-spirits
Geek Bar Grape 20MG,Geek Bar Grape 20MG,£5.99,,,beer-wines-spirits
Geek Bar Lychee Ice 20MG,Geek Bar Lychee Ice 20MG,£5.99,,,beer-wines-spirits
Geek Bar Mango Ice 20MG,Geek Bar Mango Ice 20MG,£5.99,,,beer-wines-spirits
Geek Bar Menthol 20mg,Geek Bar Menthol 20mg,£5.99,,,beer-wines-spirits
Geek Bar Pink Lemonade 20MG,Geek Bar Pink Lemonade 20MG,£5.99,,,beer-wines-spirits
Geek Bar Sweet Strawberry 20Mg,Geek Bar Sweet Strawberry 20Mg,£5.99,,,beer-wines-spirits
Geek Bar Water Melon Ice 20Mg,Geek Bar Water Melon Ice 20Mg,£5.99,,,beer-wines-spirits
Gentleman Jack Whiskey,Gentleman Jack Whiskey70cl,£25,£35.71 per litre,"Offer price £25, was £33",beer-wines-spirits
Georges Duboeuf Julienas,Georges Duboeuf Julienas75cl,£12,£12.00 per 75cl,"Buy 6, Save 25%",beer-wines-spirits
Ginking Botanical Italia ,Ginking Botanical Italia 75cl,£4.80,£4.80 per 75cl,,beer-wines-spirits
Glamorgan Jemima's Pitchfork,Glamorgan Jemima's Pitchfork500ml,£2.25,£4.50 per litre,Buy 4 for the Price of 3,beer-wines-spirits
Glamorgan Welsh Pale Ale ,Glamorgan Welsh Pale Ale 500ml,£2,£4.00 per litre,Buy 4 for the Price of 3,beer-wines-spirits
Glayva Liqueur,Glayva Liqueur50cl,£14,£28.00 per litre,"Offer price £14, was £19",beer-wines-spirits
Glenfiddich 12 Year Old Single Malt Scotch Whisky ,Glenfiddich 12 Year Old Single Malt Scotch Whisky 35cl,£20,£57.14 per litre,,beer-wines-spirits
Glenfiddich 15 Year Old Single Malt Scotch Whisky ,Glenfiddich 15 Year Old Single Malt Scotch Whisky 70cl,£50,£71.43 per litre,,beer-wines-spirits
Glenfiddich Single Malt Scotch Whisky ,Glenfiddich Single Malt Scotch Whisky 70cl,£40,£57.14 per litre,,beer-wines-spirits
Glen Keith Single Malt Scotch Whisky ,Glen Keith Single Malt Scotch Whisky 70cl,£30.50,£43.57 per litre,,beer-wines-spirits
Glenmorangie Original Single Malt Scotch Whisky ,Glenmorangie Original Single Malt Scotch Whisky 70cl,£27,£38.57 per litre,"Offer price £27, was £37",beer-wines-spirits
Glen Moray 12 Year Old American Cask Single Malt Scotch Whisky ,Glen Moray 12 Year Old American Cask...70cl,£34,£48.57 per litre,,beer-wines-spirits
Glen Moray Peated Single Malt Scotch Whisky ,Glen Moray Peated Single Malt Scotch Whisky 70cl,£18,£25.72 per litre,"Offer price £18, was £24",beer-wines-spirits
Glen Moray Single Malt Scotch Whisky,Glen Moray Single Malt Scotch Whisky70cl,£23,£32.86 per litre,,beer-wines-spirits
Glen Scotia Campbeltown Harbour Single Malt Whisky ,Glen Scotia Campbeltown Harbo...70cl,£37,£52.86 per litre,,beer-wines-spirits
Glen's Vodka 37.5%,Glen's Vodka 37.5%70cl,£13,£18.57 per litre,,beer-wines-spirits
Glen's Vodka Litre 37.5%,Glen's Vodka Litre 37.5%1L,£16.39,£16.39 per litre,,beer-wines-spirits
Golden Ales Mixed Pack Beers,Golden Ales Mixed Pack Beers6 x 500ml,£9.50,£3.17 per litre,Buy 2 for £16,beer-wines-spirits
Golden Virginia The Original Tobacco Includes Cigarette Papers,Golden Virginia The Original Tobacc...50g,£33.65,£67.30 per 100g,,beer-wines-spirits
Golden Virginia The Original Tobacco Includes Cigarette Papers,Golden Virginia The Original Tobacc...30g,£20.30,£67.67 per 100g,,beer-wines-spirits
Golden Virginia Yellow Tobacco Includes Cigarette Papers,Golden Virginia Yellow Tobacco...30g,£18.60,£62.00 per 100g,,beer-wines-spirits
Golden Virginia Yellow Tobacco Includes Cigarette Papers ,Golden Virginia Yellow Tobacco In...50g,£30.80,£61.60 per 100g,,beer-wines-spirits
Gold Label Very Strong Special Beer cans,Gold Label Very Strong Special Beer cans4 x 330ml,£6.75,£5.11 per litre,,beer-wines-spirits
Gold Leaf JPS Can 100,Gold Leaf JPS Can 100100g,£47.80,£47.80 per 100g,,beer-wines-spirits
Gold Leaf  Tobacco Includes Cigarette Papers,Gold Leaf  Tobacco Includes Cigarette Papers50g,£25.40,£50.80 per 100g,,beer-wines-spirits
Gold Leaf Tobacco Includes Cigarette Papers ,Gold Leaf Tobacco Includes Cigarette Papers 30g,£15.50,£51.67 per 100g,,beer-wines-spirits
Gonzalez Byass Tio Pepe Fino,Gonzalez Byass Tio Pepe Fino75cl,£10,£10.00 per 75cl,"Offer price £10, was £11",beer-wines-spirits
Goose Island Ipa Cans ,Goose Island Ipa Cans 4 x 330ml,£6.50,£4.92 per litre,Buy 2 for £10,beer-wines-spirits
Gordon's Alcohol Free & Tonic,Gordon's Alcohol Free & Tonic4 x 250ml,£4,£4.00 per litre,"Offer price £4, was £5.49",beer-wines-spirits
Gordon's Alcohol Free Gin,Gordon's Alcohol Free Gin70cl,£15,£21.43 per litre,,beer-wines-spirits
Gordon's Gin ,Gordon's Gin 1L,£17,£17.00 per litre,,beer-wines-spirits
Gordons Gin & Schweppes Tonic       ,Gordons Gin & Schweppes Tonic       250ml,£2.25,£9.00 per litre,Buy 4 for £6,beer-wines-spirits
Gordons Gin & Slimline Tonic,Gordons Gin & Slimline Tonic250ml,£2.25,£9.00 per litre,Buy 4 for £6,beer-wines-spirits
Gordon's Mediterranean Orange Distilled Gin ,Gordon's Mediterranean Orange Distilled Gin 70cl,£17.50,£25.00 per litre,,beer-wines-spirits
Gordons Pink Gin & Lemonade,Gordons Pink Gin & Lemonade250ml,£2.25,90p per 100ml,Buy 4 for £6,beer-wines-spirits
Gordon's Pink Gin & Tonic (Abv 5%),Gordon's Pink Gin & Tonic (Abv 5%)250ml,£2.25,£9.00 per litre,Buy 4 for £6,beer-wines-spirits
Gordon's Premium Pink 0.0% Alcohol Free,Gordon's Premium Pink 0.0% Alcohol Free70cl,£15.50,£22.14 per litre,,beer-wines-spirits
Gordon's Premium Pink Distilled Gin,Gordon's Premium Pink Distilled Gin70cl,£17.50,£25.00 per litre,,beer-wines-spirits
Gordon's Premium Pink Distilled Gin ,Gordon's Premium Pink Distilled Gin 1L,£20,£20.00 per litre,,beer-wines-spirits
Gordons Premium Pink Gin Cocktail Shaker Set,Gordons Premium Pink Gin Cocktail Shaker Set,£10,,,beer-wines-spirits
Gordon's Premium Pink Gin With Drink Shimmer & Glass,Gordon's Premium Pink Gin Wit...,£10,,,beer-wines-spirits
Gordon's Sicilian Lemon Distilled Gin ,Gordon's Sicilian Lemon Distilled Gin 70cl,£17.50,£25.00 per litre,,beer-wines-spirits
Gordon's Sloe Gin,Gordon's Sloe Gin70cl,£20,£28.57 per litre,,beer-wines-spirits
Gordon's Special Dry London Gin,Gordon's Special Dry London Gin35cl,£10,£28.57 per litre,,beer-wines-spirits
Gordon's Special Dry London Gin,Gordon's Special Dry London Gin70cl,£17,£24.29 per litre,,beer-wines-spirits
Gordons Tropical Passionfruit Gin,Gordons Tropical Passionfruit Gin70cl,£17.50,£25.00 per litre,,beer-wines-spirits
Gordon's White Peach Distilled Gin ,Gordon's White Peach Distilled Gin 70cl,£17.50,£25.00 per litre,,beer-wines-spirits
Graham Norton He Devil Rich Crafted Red,Graham Norton He Devil Rich Crafted Red75cl,£9.50,£9.50 per 75cl,"Buy 6, Save 25%",beer-wines-spirits
Graham Norton Sauvignon Blanc,Graham Norton Sauvignon Blanc75cl,£6,£6.00 per 75cl,"Buy 6, Save 25%",beer-wines-spirits
Granite Earth Red,Granite Earth Red75cl,£8.50,£8.50 per 75cl,"Buy 6, Save 25%",beer-wines-spirits
Grant Burge Barossa Shiraz 5th Generation,Grant Burge Barossa Shiraz 5th Generation75cl,£13,£13.00 per 75cl,,beer-wines-spirits
Grant's Blended Scotch Whisky ,Grant's Blended Scotch Whisky 70cl,£15.50,£22.14 per litre,,beer-wines-spirits
Grant's Triple Wood Blended Scotch Whisky,Grant's Triple Wood Blended Scotch Whisky1L,£21,£21.00 per litre,,beer-wines-spirits
Great British Ales,Great British Ales6 x 500ml,£10,£3.33 per litre,Buy 2 for £16,beer-wines-spirits
Greenall's Blueberry Gin,Greenall's Blueberry Gin70cl,£14,£20.00 per litre,,beer-wines-spirits
Greenall's Gin ,Greenall's Gin 1L,£18,£18.00 per litre,,beer-wines-spirits
Greenall's Wild Berry Gin  ,Greenall's Wild Berry Gin  70cl,£14,£15.00 per 75cl,"Offer price £14, was £14.50",beer-wines-spirits
Greene King Abbot Ale Bottle,Greene King Abbot Ale Bottle500ml,£2.25,£4.50 per litre,Buy 4 for the Price of 3,beer-wines-spirits
Greene King Brewery Level Head Session IPA,Greene King Brewery Level Head Session IPA4 x 330ml,£6,45.5p per 100ml,Buy 2 for £10,beer-wines-spirits
Greene King Icebreaker Pale Ale ,Greene King Icebreaker Pale Ale 4 x 440ml,£6.50,£3.69 per litre,Buy 2 for £9,beer-wines-spirits
Greene King IPA              ,Greene King IPA              500ml,£1.35,£2.70 per litre,Buy 4 for the Price of 3,beer-wines-spirits
Greene King IPA,Greene King IPA4 x 500ml,£5,£2.50 per litre,,beer-wines-spirits
Greene King IPA Reserve Bottle,Greene King IPA Reserve Bottle500ml,£2.25,£4.50 per litre,Buy 4 for the Price of 3,beer-wines-spirits
Grey Goose Vodka,Grey Goose Vodka70cl,£40,£57.14 per litre,,beer-wines-spirits
Grolsch Premium Lager ,Grolsch Premium Lager 450ml,£2.30,£5.11 per litre,Buy 4 for the Price of 3,beer-wines-spirits
Guinness Cold Brew Coffee Beer,Guinness Cold Brew Coffee Beer8 x 440ml,£12,34.1p per 100ml,,beer-wines-spirits
Guinness Cold Coffee Beer,Guinness Cold Coffee Beer4 x 440ml,£5.29,£3.01 per litre,"Offer price £5.29, was £6",beer-wines-spirits
Guinness Draught Alcohol Free,Guinness Draught Alcohol Free4 x 440ml,£4.50,£2.56 per litre,,beer-wines-spirits
Guinness Draught Cans,Guinness Draught Cans4 x 440ml,£4.75,£2.70 per litre,,beer-wines-spirits
Guinness Draught Cans,Guinness Draught Cans15 x 440ml,£18,£2.73 per litre,,beer-wines-spirits
Guinness Draught Stout,Guinness Draught Stout4 x 538ml,£6.49,£3.02 per litre,,beer-wines-spirits
Guinness Draught Stout,Guinness Draught Stout8 x 440ml,£9.60,27.3p per 100ml,Buy 2 for £16,beer-wines-spirits
Guinness Foreign Extra Stout ,Guinness Foreign Extra Stout 4 x 325ml,£6.99,£5.38 per litre,,beer-wines-spirits
Guinness Foreign Extra Stout ,Guinness Foreign Extra Stout 600ml,£3.50,£5.83 per litre,,beer-wines-spirits
Guinness Original Bottle,Guinness Original Bottle500ml,£2.25,£4.50 per litre,Buy 4 for the Price of 3,beer-wines-spirits
Guinness Original Bottles,Guinness Original Bottles4 x 330ml,£4.49,£3.40 per litre,,beer-wines-spirits
Guinness Original Cans,Guinness Original Cans12 x 440ml,£12.99,£2.46 per litre,,beer-wines-spirits
Guinness Original Cans,Guinness Original Cans4 x 440ml,£4.99,£2.84 per litre,,beer-wines-spirits
Guinness West Indies Porter Bottle,Guinness West Indies Porter Bottle500ml,£2.25,£4.50 per litre,Buy 4 for the Price of 3,beer-wines-spirits
Haig Club Clubman Mediterranean Orange ,Haig Club Clubman Mediterranean Orange 70cl,£28,£40.00 per litre,,beer-wines-spirits
Haig Clubman Single Grain Whisky     ,Haig Clubman Single Grain Whisky     70cl,£28,£40.00 per litre,,beer-wines-spirits
Hamlet Fine Cigars,Hamlet Fine Cigars5 per pack,£7.85,£1.57 each,,beer-wines-spirits
Hamlet Miniature ,Hamlet Miniature 10 per pack,£7.80,78p each,,beer-wines-spirits
Harbour Brewing Company Helles Lager (Abv 4.3%),Harbour Brewing Company H...660ml,£2.20,33.3p per 100ml,Buy 4 for the Price of 3,beer-wines-spirits
Hardys Bankside Rose,Hardys Bankside Rose75cl,£6.50,£6.50 per 75cl,"Buy 6, Save 25%",beer-wines-spirits
Hardys Crest Cabernet Shiraz Merlot,Hardys Crest Cabernet Shiraz Merlot75cl,£3.35,£3.35 per 75cl,,beer-wines-spirits
Hardys Crest Chardonnay Sauvignon Blanc ,Hardys Crest Chardonnay Sauvignon Blanc 75cl,£5.50,£5.50 per 75cl,"Buy 6, Save 25%",beer-wines-spirits
Hardys Nottage Hill Cabernet Shiraz,Hardys Nottage Hill Cabernet Shiraz75cl,£6.75,£6.75 per 75cl,Buy 2 for £10,beer-wines-spirits
Hardys Nottage Hill Chardonnay,Hardys Nottage Hill Chardonnay75cl,£6.75,£6.75 per 75cl,Buy 2 for £10,beer-wines-spirits
Hardys Nottage Hill Merlot,Hardys Nottage Hill Merlot75cl,£6.75,£6.75 per 75cl,Buy 2 for £10,beer-wines-spirits
Hardys Nottage Hill Sauvignon Blanc,Hardys Nottage Hill Sauvignon Blanc75cl,£6.50,£6.50 per 75cl,Buy 2 for £10,beer-wines-spirits
Hardys Stamp Cabernet Merlot,Hardys Stamp Cabernet Merlot75cl,£6,80p per 100ml,Buy 2 for £10,beer-wines-spirits
Hardys Stamp Chardonnay,Hardys Stamp Chardonnay75cl,£6,80p per 100ml,Buy 2 for £10,beer-wines-spirits
Hardys Stamp Sauvignon Blanc,Hardys Stamp Sauvignon Blanc75cl,£6,80p per 100ml,Buy 2 for £10,beer-wines-spirits
Hardys Stamp Shiraz,Hardys Stamp Shiraz75cl,£6,80p per 100ml,Buy 2 for £10,beer-wines-spirits
Hardys Zero Chardonnay ,Hardys Zero Chardonnay 75cl,£3.50,£3.50 per 75cl,"Offer price £3.50, was £5",beer-wines-spirits
Harveys Bristol Cream Sherry,Harveys Bristol Cream Sherry75cl,£11,£11.00 per 75cl,,beer-wines-spirits
Harveys Bristol Cream Sherry,Harveys Bristol Cream Sherry1L,£11.50,£8.63 per 75cl,,beer-wines-spirits
Havana Club 7 Year Old Dark Rum,Havana Club 7 Year Old Dark Rum70cl,£27,£38.57 per litre,,beer-wines-spirits
Havana Club Cuban Spiced Rum,Havana Club Cuban Spiced Rum70cl,£22,£31.43 per litre,,beer-wines-spirits
Havana Club Especial Golden Rum ,Havana Club Especial Golden Rum 70cl,£16.50,£23.57 per litre,"Offer price £16.50, was £21",beer-wines-spirits
Head Honcho Cabernet Sauvignon ,Head Honcho Cabernet Sauvignon 75cl,£6,£6.00 per 75cl,Buy 2 for £10,beer-wines-spirits
Head Honcho Chardonnay       ,Head Honcho Chardonnay       75cl,£6,£6.00 per 75cl,Buy 2 for £10,beer-wines-spirits
Head Honcho Merlot          ,Head Honcho Merlot          75cl,£6,£6.00 per 75cl,Buy 2 for £10,beer-wines-spirits
Head Honcho Sauvignon Blanc  ,Head Honcho Sauvignon Blanc  75cl,£6,£6.00 per 75cl,Buy 2 for £10,beer-wines-spirits
Head Honcho Sauvignon Blanc,Head Honcho Sauvignon Blanc187ml,£2,£8.02 per 75cl,Buy 4 for the Price of 3,beer-wines-spirits
Healeys Cornish Rattler Cyder,Healeys Cornish Rattler Cyder500ml,£2.25,£4.50 per litre,Buy 3 for £5.50,beer-wines-spirits
Healeys Cyder Rattler Berry (Abv 4%),Healeys Cyder Rattler Berry (Abv 4%)500ml,£2.30,46p per 100ml,Buy 3 for £5.50,beer-wines-spirits
Heets Amber Selection,Heets Amber Selection20 per pack,£5.50,27.5p each,,beer-wines-spirits
Heets Blue Selection ,Heets Blue Selection 20 per pack,£5.50,27.5p each,,beer-wines-spirits
Heets Green Selection ,Heets Green Selection 20 per pack,£5.50,27.5p each,,beer-wines-spirits
Heets Mauve Wave,Heets Mauve Wave,£5.50,,,beer-wines-spirits
Heets Russet Selection,Heets Russet Selection,£5.50,,,beer-wines-spirits
Heets Sienna Caps,Heets Sienna Caps20 per pack,£5.50,27.5p each,,beer-wines-spirits
Heets Sienna Selection ,Heets Sienna Selection 20 per pack,£5.50,27.5p each,,beer-wines-spirits
Heets Teak Selection,Heets Teak Selection,£5.50,,,beer-wines-spirits
Heets Turquoise Selection,Heets Turquoise Selection20 per pack,£5.50,27.5p each,,beer-wines-spirits
Heets Yellow Selection,Heets Yellow Selection20 per pack,£5.50,27.5p each,,beer-wines-spirits
Heidsieck & Co Monopole Blue Top Brut Champagne ,Heidsieck & Co Monopole Blue Top Brut Champagne 75cl,£24,£24.00 per 75cl,,beer-wines-spirits
Heidsieck Monopole Rose Champagne ,Heidsieck Monopole Rose Champagne 75cl,£28,£37.33 per litre,,beer-wines-spirits
Heineken 0.0 Alcohol Free ,Heineken 0.0 Alcohol Free 12 x 330ml,£9,£2.27 per litre,"Offer price £9, was £11.50",beer-wines-spirits
Heineken 0.0 Alcohol Free Lager Beer Bottles,Heineken 0.0 Alcohol Free Lager Beer Bottles4 x 330ml,£4.50,£3.41 per litre,,beer-wines-spirits
Heineken Premium Lager Beer Bottle,Heineken Premium Lager Beer Bottle650ml,£2.55,£3.92 per litre,Buy 4 for the Price of 3,beer-wines-spirits
Heineken Premium Lager Beer Bottles,Heineken Premium Lager Beer Bottles4 x 330ml,£4,£3.03 per litre,,beer-wines-spirits
Heineken Premium Lager Beer Bottles,Heineken Premium Lager Beer Bottles12 x 330ml,£10,£2.53 per litre,,beer-wines-spirits
Heineken Premium Lager Beer Cans,Heineken Premium Lager Beer Cans6 x 330ml,£7,£3.54 per litre,Buy 2 for £10,beer-wines-spirits
Heineken Premium Lager Beer Cans,Heineken Premium Lager Beer Cans15 x 440ml,£15,22.7p per 100ml,,beer-wines-spirits
Heineken Premium Lager Beer Cans,Heineken Premium Lager Beer Cans4 x 568ml,£6,£2.64 per litre,"Offer price £6, was £6.50",beer-wines-spirits
Heineken Silver Beer Lager Bottles,Heineken Silver Beer Lager Bottles12 x 330ml,£12.50,£3.16 per litre,,beer-wines-spirits
Heineken Silver Beer Lager Bottles,Heineken Silver Beer Lager Bottles4 x 330ml,£5.50,£4.17 per litre,,beer-wines-spirits
Hendrick's Gin,Hendrick's Gin70cl,£31,£44.29 per litre,,beer-wines-spirits
Hendricks Neptunia Gin,Hendricks Neptunia Gin70cl,£30,£42.86 per litre,,beer-wines-spirits
Henri Wintermans Half Corona Cigars,Henri Wintermans Half Corona Cigars5 per pack,£14.20,£2.84 each,,beer-wines-spirits
Henri Wintermans Slim Panatellas ,Henri Wintermans Slim Panatellas 5 per pack,£7.60,£1.52 each,,beer-wines-spirits
Henry Westons Aged Finish ,Henry Westons Aged Finish 500ml,£2.35,£4.70 per litre,Buy 3 for £5.50,beer-wines-spirits
Henry Westons British Vintage Cider,Henry Westons British Vintage Cider500ml,£2.35,£4.70 per litre,Buy 3 for £5.50,beer-wines-spirits
Henry Westons Cloudy Vintage Cider ,Henry Westons Cloudy Vintage Cider 500ml,£2.35,£4.70 per litre,Buy 3 for £5.50,beer-wines-spirits
Henry Westons Organic Cider ,Henry Westons Organic Cider 500ml,£2.35,£4.70 per litre,Buy 3 for £5.50,beer-wines-spirits
Henry Westons Vintage Cider Bottle,Henry Westons Vintage Cider Bottle500ml,£2.35,£4.70 per litre,Buy 3 for £5.50,beer-wines-spirits
Henry Westons Vintage Oak Aged Herefordshire Cider,Henry Westons Vintage Oak A...6 x 500ml,£10,£3.33 per litre,,beer-wines-spirits
Heverlee Belgian Lager ,Heverlee Belgian Lager 4 x 440ml,£5.25,£2.98 per litre,,beer-wines-spirits
Highland Park 10 Year Old Viking Scars ,Highland Park 10 Year Old Viking Scars 70cl,£30,£42.86 per litre,,beer-wines-spirits
Highland Park Dragon Legend Single Malt Scotch Whisky,Highland Park Dragon Legend S...70cl,£32,£45.71 per litre,"Offer price £32, was £40",beer-wines-spirits
Hobgoblin Bottle & Branded Glass Gift Pack,Hobgoblin Bottle & Branded Glass Gift Pack500ml,£5,£10.00 per litre,,beer-wines-spirits
Hobgoblin Gold Ale Beer,Hobgoblin Gold Ale Beer500ml,£2,£4.00 per litre,Buy 4 for the Price of 3,beer-wines-spirits
Hobgoblin Gold Ale Beer,Hobgoblin Gold Ale Beer4 x 500ml,£5,£2.50 per litre,,beer-wines-spirits
Hobgoblin IPA,Hobgoblin IPA4 x 440ml,£5,£2.84 per litre,,beer-wines-spirits
Hobgoblin IPA Ale Beer,Hobgoblin IPA Ale Beer500ml,£2.25,£4.50 per litre,Buy 4 for the Price of 3,beer-wines-spirits
Hobgoblin Ruby Ale Beer,Hobgoblin Ruby Ale Beer500ml,£2,£4.00 per litre,Buy 4 for the Price of 3,beer-wines-spirits
Hobgoblin Ruby Ale Beer,Hobgoblin Ruby Ale Beer4 x 500ml,£5,£2.50 per litre,,beer-wines-spirits
Hoegaarden Belgian Wheat Beer bottle,Hoegaarden Belgian Wheat Beer bottle750ml,£3.25,£4.33 per litre,,beer-wines-spirits
Hofbrau Original,Hofbrau Original500ml,£3.25,£6.50 per litre,Buy 4 for the Price of 3,beer-wines-spirits
Holborn Yellow 3 In 1 Includes Cigarette Papers And Filters,Holborn Yellow 3 In 1 Includes Ci...30g,£17.60,£58.67 per 100g,,beer-wines-spirits
Holborn Yellow Includes Cigarette Papers,Holborn Yellow Includes Cigarette Papers50g,£28.60,£57.20 per 100g,,beer-wines-spirits
Holsten Pils Lager Beer,Holsten Pils Lager Beer4 x 440ml,£4.49,£2.55 per litre,"Offer price £4.49, was £5",beer-wines-spirits
Hook Norton Brewery Old Hooky ,Hook Norton Brewery Old Hooky 500ml,£2.25,£4.50 per litre,Buy 4 for the Price of 3,beer-wines-spirits
Hopnik Citra Ipa ,Hopnik Citra Ipa 500ml,£2,£4.00 per litre,Buy 4 for the Price of 3,beer-wines-spirits
Ice Club Classic Ice Cubes,Ice Club Classic Ice Cubes1.8kg,£1.15,63.9p per kg,"Offer price £1.15, was £1.25",beer-wines-spirits
Ice Club Crushed Ice,Ice Club Crushed Ice1.8kg,£1.15,63.9p per kg,"Offer price £1.15, was £1.25",beer-wines-spirits
I Heart Malbec ,I Heart Malbec 75cl,£6,£6.00 per 75cl,Buy 2 for £10,beer-wines-spirits
I Heart Merlot ,I Heart Merlot 75cl,£6,£6.00 per 75cl,Buy 2 for £10,beer-wines-spirits
I Heart Pinot Grigio ,I Heart Pinot Grigio 75cl,£6,£6.00 per 75cl,Buy 2 for £10,beer-wines-spirits
I Heart Pinot Grigio,I Heart Pinot Grigio187ml,£2.25,£12.03 per litre,Buy 4 for the Price of 3,beer-wines-spirits
I Heart Prosecco,I Heart Prosecco75cl,£8,£10.67 per litre,"Buy 6, Save 25%",beer-wines-spirits
I Heart Prosecco Rose,I Heart Prosecco Rose75cl,£8,£8.00 per 75cl,"Buy 6, Save 25%",beer-wines-spirits
I Heart Rose ,I Heart Rose 75cl,£6,£6.00 per 75cl,"Buy 6, Save 25%",beer-wines-spirits
I Heart Sauvignon Blanc ,I Heart Sauvignon Blanc 75cl,£6,£6.00 per 75cl,Buy 2 for £10,beer-wines-spirits
Ilkley Mary Jane 3.5%,Ilkley Mary Jane 3.5%500ml,£2.25,£4.50 per litre,Buy 4 for the Price of 3,beer-wines-spirits
Ilkley Pale Ale,Ilkley Pale Ale500ml,£2.25,£4.50 per litre,Buy 4 for the Price of 3,beer-wines-spirits
Illy Espresso Ground Coffee,Illy Espresso Ground Coffee250g,£6.79,£2.72 per 100g,,beer-wines-spirits
Inch's Medium Apple ,Inch's Medium Apple 4 x 440ml,£5,£2.84 per litre,,beer-wines-spirits
Inch's Medium Apple,Inch's Medium Apple10 x 440ml,£9.50,£2.16 per litre,,beer-wines-spirits
Inch's Medium Apple Cider ,Inch's Medium Apple Cider 500ml,£2.50,£5.00 per litre,Buy 3 for £5.50,beer-wines-spirits
Innis & Gunn Blood Red Sky,Innis & Gunn Blood Red Sky330ml,£2.25,£6.82 per litre,Buy 4 for the Price of 3,beer-wines-spirits
Innis & Gunn Lager Beer (Abv 4.6%),Innis & Gunn Lager Beer (Abv 4.6%)660ml,£2.25,34.1p per 100ml,Buy 4 for the Price of 3,beer-wines-spirits
Innis & Gunn Oak Aged Beer Bottle,Innis & Gunn Oak Aged Beer Bottle330ml,£2.25,£6.82 per litre,Buy 4 for the Price of 3,beer-wines-spirits
Innis & Gun Original ,Innis & Gun Original 660ml,£2.75,£4.17 per litre,Buy 4 for the Price of 3,beer-wines-spirits
Iqos 3 Duo Starter Kits,Iqos 3 Duo Starter Kits,£29,,,beer-wines-spirits
Isle Of Skye Blended Scotch Whisky Aged 8 Years ,Isle Of Skye Blended Scotch...70cl,£16.50,£23.57 per litre,"Offer price £16.50, was £19",beer-wines-spirits
Isle of Wight Distillery Mermaid Gin,Isle of Wight Distillery Mermaid Gin70cl,£38,£54.29 per litre,,beer-wines-spirits
Isoletta Catarratto Pinot Grigio,Isoletta Catarratto Pinot Grigio75cl,£5.49,£7.32 per litre,,beer-wines-spirits
Isoletta Nero D'Avola,Isoletta Nero D'Avola75cl,£5.50,£5.50 per 75cl,"Buy 6, Save 25%",beer-wines-spirits
Italia Pinot Grigio,Italia Pinot Grigio75cl,£8.25,£8.25 per 75cl,"Buy 6, Save 25%",beer-wines-spirits
IVG Bar Diamond Blackcurrant Menthol 20mg,IVG Bar Diamond Black...2ml,£5.99,£3.00 per 1ml,,beer-wines-spirits
IVG Bar Diamond Blueberry Pomegranate 20mg,IVG Bar Diamond Blueber...2ml,£5.99,£3.00 per 1ml,,beer-wines-spirits
IVG Bar Diamond Blueberry Sour Raspberry 20mg,IVG Bar Diamond Blueberry...2ml,£5.99,£3.00 per 1ml,,beer-wines-spirits
IVG Bar Diamond Blue Slush Ice 20mg,IVG Bar Diamond Blue Slush Ice 20mg2ml,£5.99,£3.00 per 1ml,,beer-wines-spirits
IVG Bar Diamond Kiwi Passion Fruit Guava 20mg,IVG Bar Diamond Kiwi Passion Fruit Guava 20mg2ml,£5.99,£3.00 per 1ml,,beer-wines-spirits
IVG Bar Diamond Pink Fizz 20mg,IVG Bar Diamond Pink Fizz 20mg2ml,£5.99,£3.00 per 1ml,,beer-wines-spirits
IVG Bar Diamond Red Apple Ice 20mg,IVG Bar Diamond Red Apple Ice 20mg2ml,£5.99,£3.00 per 1ml,,beer-wines-spirits
IVG Bar Diamond Watermelon 20mg,IVG Bar Diamond Watermelon 20mg2ml,£5.99,£3.00 per 1ml,,beer-wines-spirits
IVG Bar Plus Aloe Grape Ice 20mg,IVG Bar Plus Aloe Grape Ice 20mg2ml,£5.99,£3.00 per 1ml,,beer-wines-spirits
IVG Bar Plus Berry Lemonade Ice 20mg,IVG Bar Plus Berry Lemonade Ice 20mg2ml,£5.99,£3.00 per 1ml,,beer-wines-spirits
IVG Bar Plus Blue Raspberry Ice 20mg,IVG Bar Plus Blue Raspberry Ice 20mg2ml,£5.99,£3.00 per 1ml,,beer-wines-spirits
IVG Bar Plus Cola Ice 20mg,IVG Bar Plus Cola Ice 20mg2ml,£5.99,£3.00 per 1ml,,beer-wines-spirits
IVG Bar Plus Passion Fruit 20mg,IVG Bar Plus Passion Fruit 20mg2ml,£5.99,£3.00 per 1ml,,beer-wines-spirits
IVG Bar Plus Polar Mint 20mg,IVG Bar Plus Polar Mint 20mg2ml,£5.99,£3.00 per 1ml,,beer-wines-spirits
IVG Bar Plus Raspberry Lemonade 20mg,IVG Bar Plus Raspberry Lemonade 20mg2ml,£5.99,£3.00 per 1ml,,beer-wines-spirits
IVG Bar Plus Strawberry Watermelon 20mg,IVG Bar Plus Strawberry Watermelon 20mg2ml,£5.99,£3.00 per 1ml,,beer-wines-spirits
IVG Salts Forest Berries Ice E-Liquid 10mg,IVG Salts Forest Berries Ice E-Liquid 10mg10ml,£3.99,£3.99 per 10ml,,beer-wines-spirits
IVG Salts Forest Berries Ice E-Liquid 20mg,IVG Salts Forest Berries Ice E-Liquid 20mg10ml,£3.99,£3.99 per 10ml,,beer-wines-spirits
IVG Salts Frozen Cherries 10mg,IVG Salts Frozen Cherries 10mg10ml,£3.99,£3.99 per 10ml,,beer-wines-spirits
IVG Salts Frozen Cherries 20mg,IVG Salts Frozen Cherries 20mg10ml,£3.99,£3.99 per 10ml,,beer-wines-spirits
IVG Salts Iced Melonade 10mg,IVG Salts Iced Melonade 10mg10ml,£3.99,£3.99 per 10ml,,beer-wines-spirits
IVG Salts Iced Melonade 20mg,IVG Salts Iced Melonade 20mg10ml,£3.99,£3.99 per 10ml,,beer-wines-spirits
IVG Salts Paradise Lagoon 10mg,IVG Salts Paradise Lagoon 10mg10ml,£3.99,£3.99 per 10ml,,beer-wines-spirits
IVG Salts Paradise Lagoon 20mg,IVG Salts Paradise Lagoon 20mg10ml,£3.99,£3.99 per 10ml,,beer-wines-spirits
IVG Salts Riberry Lemonade 10mg,IVG Salts Riberry Lemonade 10mg10ml,£3.99,£3.99 per 10ml,,beer-wines-spirits
IVG Salts Riberry Lemonade 20mg,IVG Salts Riberry Lemonade 20mg10ml,£3.99,£3.99 per 10ml,,beer-wines-spirits
IVG Salts Strawberry Watermelon 10mg,IVG Salts Strawberry Watermelon 10mg10L,£3.99,0.4p per 10ml,,beer-wines-spirits
IVG Salts Strawberry Watermelon 20mg,IVG Salts Strawberry Watermelon 20mg10ml,£3.99,£3.99 per 10ml,,beer-wines-spirits
IVG Salts Summer Blaze 10mg,IVG Salts Summer Blaze 10mg10ml,£3.99,£3.99 per 10ml,,beer-wines-spirits
IVG Salts Summer Blaze 20mg,IVG Salts Summer Blaze 20mg10ml,£3.99,£3.99 per 10ml,,beer-wines-spirits
IVG Salts Tropical Ice Blast 10mg,IVG Salts Tropical Ice Blast 10mg10ml,£3.99,£3.99 per 10ml,,beer-wines-spirits
IVG Salts Tropical Ice Blast 20mg,IVG Salts Tropical Ice Blast 20mg10ml,£3.99,£3.99 per 10ml,,beer-wines-spirits
Jack Daniel's & Coca-Cola,Jack Daniel's & Coca-Cola330ml,£2.20,66.7p per 100ml,,beer-wines-spirits
Jack Daniel's & Coca-Cola Zero Sugar,Jack Daniel's & Coca-Cola Zero Sugar330ml,£2.20,66.7p per 100ml,,beer-wines-spirits
Jack Daniel's & Cola,Jack Daniel's & Cola330ml,£2.20,£6.67 per litre,Buy 4 for £6,beer-wines-spirits
Jack Daniels & Light Cola,Jack Daniels & Light Cola330ml,£2.20,£6.67 per litre,Buy 4 for £6,beer-wines-spirits
Jack Daniel's Single Barrel,Jack Daniel's Single Barrel70cl,£35,£50.00 per litre,"Offer price £35, was £45",beer-wines-spirits
Jack Daniels Tennessee Fire   ,Jack Daniels Tennessee Fire   70cl,£17,£24.28 per litre,"Offer price £17, was £26",beer-wines-spirits
Jack Daniel's Tennessee Honey & Lemonade,Jack Daniel's Tennessee Honey & Lemonade250ml,£2.20,£8.80 per litre,Buy 4 for £6,beer-wines-spirits
Jack Daniels Tennessee Whiskey ,Jack Daniels Tennessee Whiskey 35cl,£15,£42.86 per litre,,beer-wines-spirits
Jack Daniel's Tennessee Whiskey,Jack Daniel's Tennessee Whiskey70cl,£17,£24.28 per litre,"Offer price £17, was £26",beer-wines-spirits
Jack Daniel's Tennessee Whiskey,Jack Daniel's Tennessee Whiskey1L,£25,£25.00 per litre,,beer-wines-spirits
Jack Daniels Tennessee Whiskey Apple ,Jack Daniels Tennessee Whiskey Apple 70cl,£17,£24.28 per litre,"Offer price £17, was £26",beer-wines-spirits
Jack Daniel's Tennessee Whiskey Honey ,Jack Daniel's Tennessee Whiskey Honey 70cl,£17,£24.28 per litre,"Offer price £17, was £26",beer-wines-spirits
Jack Daniel's Tennessee Whiskey Honey ,Jack Daniel's Tennessee Whiskey Honey 1L,£25,£25.00 per litre,,beer-wines-spirits
Jacob's Creek Double Barrel Matured Shiraz Red Wine ,Jacob's Creek Double Barrel M...75cl,£10,£10.00 per 75cl,"Buy 6, Save 25%",beer-wines-spirits
Jaffa Cake Gin ,Jaffa Cake Gin 70cl,£25,£26.79 per 75cl,,beer-wines-spirits
Jagermeister,Jagermeister70cl,£17,£24.28 per litre,"Offer price £17, was £19",beer-wines-spirits
Jameson Black Barrel Triple Distilled Irish Whiskey,Jameson Black Barrel Triple D...70cl,£38,£54.29 per litre,,beer-wines-spirits
Jameson Orange Flavoured Irish Whiskey ,Jameson Orange Flavoured Irish Whiskey 70cl,£27.50,£39.29 per litre,,beer-wines-spirits
Jameson Triple Distilled Blended Irish Whiskey,Jameson Triple Distilled Blended Irish Whiskey70cl,£24,£34.29 per litre,,beer-wines-spirits
Jameson Triple Distilled Blended Irish Whiskey ,Jameson Triple Distilled Blended Irish Whiskey 1L,£31,£31.00 per litre,,beer-wines-spirits
Jam Shed Chardonnay Australia,Jam Shed Chardonnay Australia75cl,£6,£6.00 per 75cl,"Buy 6, Save 25%",beer-wines-spirits
Jam Shed Malbec Argentina,Jam Shed Malbec Argentina75cl,£8,£8.00 per 75cl,"Buy 6, Save 25%",beer-wines-spirits
Jam Shed Red Blend,Jam Shed Red Blend75cl,£7.75,£1.03 per 100ml,"Buy 6, Save 25%",beer-wines-spirits
Jam Shed Rose California,Jam Shed Rose California75cl,£6,£6.00 per 75cl,"Buy 6, Save 25%",beer-wines-spirits
Jam Shed Shiraz,Jam Shed Shiraz75cl,£6,£6.00 per 75cl,"Buy 6, Save 25%",beer-wines-spirits
Jam Shed Shiraz Australia,Jam Shed Shiraz Australia1.5L,£13,£6.50 per 75cl,,beer-wines-spirits
Jaume Serra Bouquet Cava Brut,Jaume Serra Bouquet Cava Brut75cl,£9,£9.00 per 75cl,"Buy 6, Save 25%",beer-wines-spirits
Jennings Cumberland Ale ,Jennings Cumberland Ale 500ml,£2,£4.00 per litre,Buy 4 for the Price of 3,beer-wines-spirits
Jim Barry Wines Single Vineyard Watervale Shiraz,Jim Barry Wines Single Vine...75cl,£21,£21.00 per 75cl,"Buy 6, Save 25%",beer-wines-spirits
Jim Beam Kentucky Straight Bourbon Whiskey,Jim Beam Kentucky Straight Bourbon Whiskey70cl,£18,£25.71 per litre,,beer-wines-spirits
Jim Beam Kentucky Straight Bourbon Whiskey ,Jim Beam Kentucky Straight Bourbon Whiskey 1L,£20,£20.00 per litre,"Offer price £20, was £25",beer-wines-spirits
J.J. Whitley Artisanal Vodka ,J.J. Whitley Artisanal Vodka 1L,£17,£17.00 per litre,,beer-wines-spirits
J.J Whitley Artisanal Vodka (Abv 38%),J.J Whitley Artisanal Vodka (Abv 38%)70cl,£16,£17.14 per 75cl,,beer-wines-spirits
J.J. Whitley Blood Orange Vodka,J.J. Whitley Blood Orange Vodka1L,£17,£17.00 per litre,,beer-wines-spirits
J.J Whitley Blue Raspberry,J.J Whitley Blue Raspberry70cl,£17,£24.29 per litre,,beer-wines-spirits
J.J. Whitley Gold Artisanal Vodka ,J.J. Whitley Gold Artisanal Vodka 70cl,£16,£22.86 per litre,,beer-wines-spirits
J.J. Whitley London Dry Gin,J.J. Whitley London Dry Gin1L,£17,£17.00 per litre,"Offer price £17, was £20",beer-wines-spirits
J.J. Whitley Passionfruit Vodka,J.J. Whitley Passionfruit Vodka1L,£17,£17.00 per litre,,beer-wines-spirits
J.J Whitley Raspberry Vodka 1L (Abv 38%),J.J Whitley Raspberry Vodka 1L (Abv 38%)1L,£17,£17.00 per litre,,beer-wines-spirits
Johnnie Walker Black Label Blended Scotch Whisky ,Johnnie Walker Black Label...70cl,£32,£45.71 per litre,,beer-wines-spirits
Johnnie Walker Red Label Blended Scotch Whiskey,Johnnie Walker Red Label Blended Scotch Whiskey1L,£25.50,£25.50 per litre,,beer-wines-spirits
John Player Special Legendary Black Cigarettes,John Player Special Legen...20 per pack,£14.20,71p each,,beer-wines-spirits
John Player Special Legendary Black Cigarettes Multipack,John Player Special Legendary B...5 x 20 per pack,£71,71p each,,beer-wines-spirits
John Smith's Extra Smooth Ale Can,John Smith's Extra Smooth Ale Can4 x 440ml,£4.80,£2.73 per litre,,beer-wines-spirits
John Smith's Extra Smooth Ale Cans,John Smith's Extra Smooth Ale Cans10 x 440ml,£11,£2.50 per litre,,beer-wines-spirits
John Smith's Extra Smooth Ale Cans,John Smith's Extra Smooth Ale Cans18 x 440ml,£17.50,£2.21 per litre,,beer-wines-spirits
John Smith's Original Bitter Ale Cans,John Smith's Original Bitter Ale Cans4 x 440ml,£4.60,26.1p per 100ml,,beer-wines-spirits
Jose Cuervo Especial Reposado Tequila,Jose Cuervo Especial Reposado Tequila70cl,£21,£30.00 per litre,,beer-wines-spirits
J.P. Chenet Cabernet Syrah,J.P. Chenet Cabernet Syrah187ml,£2.25,£9.02 per 75cl,Buy 4 for the Price of 3,beer-wines-spirits
J.P. Chenet Cabernet Syrah,J.P. Chenet Cabernet Syrah75cl,£5.75,£5.75 per 75cl,"Buy 6, Save 25%",beer-wines-spirits
JPS Bright Cigarettes,JPS Bright Cigarettes20 per pack,£12.65,63.3p each,,beer-wines-spirits
JPS Make Your Own Cigarette Tube Filters,JPS Make Your Own Cigarette Tube Filters100 per pack,£1.25,1.3p each,,beer-wines-spirits
Jps Players Crushball Cigarillo,Jps Players Crushball Cigarillo10 per pack,£5.80,58p each,,beer-wines-spirits
JPS Real Blue Cigarettes,JPS Real Blue Cigarettes20 per pack,£12.65,63.3p each,,beer-wines-spirits
JPS Real Blue Cigarettes Multipack,JPS Real Blue Cigarettes Multipack10 x 20 per pack,£125.80,62.9p each,,beer-wines-spirits
JPS Real Blue Cigarettes Multipack,JPS Real Blue Cigarettes Multipack5 x 20 per pack,£63,63p each,,beer-wines-spirits
JPS Real Blue Superkings Cigarettes,JPS Real Blue Superkings Cigarettes20 per pack,£12.65,63.3p each,,beer-wines-spirits
JPS Real Blue Superkings Cigarettes Multipack,JPS Real Blue Superkings Cigarettes Multipack5 x 20 per pack,£63,63p each,,beer-wines-spirits
JPS Silver Stream Cigarettes,JPS Silver Stream Cigarettes20 per pack,£12.65,63.3p each,,beer-wines-spirits
Jura Aged 10 Years Single Malt Scotch Whisky (Abv 40%),Jura Aged 10 Years Single Malt...70cl,£26,£37.14 per litre,,beer-wines-spirits
Jura Journey Single Malt Scotch Whisky (Abv 40%),Jura Journey Single Malt Scotch Whisky (Abv 40%)70cl,£34,£48.57 per litre,,beer-wines-spirits
Jura Seven Wood Single Malt Scotch Whisky (Abv 40%),Jura Seven Wood Single Malt S...70cl,£59,£84.29 per litre,,beer-wines-spirits
Jura Winter Edition,Jura Winter Edition70cl,£39,£55.71 per litre,,beer-wines-spirits
Juul 2 Pods UK Autumn Tobacco 18MG,Juul 2 Pods UK Autumn Tobacco 18MG2 per pack,£5.99,£3.00 each,,beer-wines-spirits
Juul 2 Pods UK Crisp Menthol 18MG,Juul 2 Pods UK Crisp Menthol 18MG2 per pack,£5.99,£3.00 each,,beer-wines-spirits
Juul 2 Pods UK Polar Menthol 18MG,Juul 2 Pods UK Polar Menthol 18MG2 per pack,£5.99,£3.00 each,,beer-wines-spirits
Juul 2 Pods UK Ruby Menthol 18MG,Juul 2 Pods UK Ruby Menthol 18MG2 per pack,£5.99,£3.00 each,,beer-wines-spirits
Juul 2 Pods UK Summer Menthol 18MG,Juul 2 Pods UK Summer Menthol 18MG2 per pack,£5.99,£3.00 each,,beer-wines-spirits
Juul 2 Pods UK Virginia Tobacco 18MG,Juul 2 Pods UK Virginia Tobacco 18MG2 per pack,£5.99,£3.00 each,,beer-wines-spirits
Juul 2 UK Slate Device Kit,Juul 2 UK Slate Device Kit,£6.99,,,beer-wines-spirits
Juul Starter Kit 18mg,Juul Starter Kit 18mg4 per pack,£9.99,£2.50 each,,beer-wines-spirits
"Juul Starter Kit In Tobacco, Mint, Menthol And Mango 18mg","Juul Starter Kit In Tobacco, Mint...",£7.99,,,beer-wines-spirits
Kahlua Coffee Liqueur ,Kahlua Coffee Liqueur 70cl,£12,£17.14 per litre,,beer-wines-spirits
Kendermanns Riesling Spatlese,Kendermanns Riesling Spatlese75cl,£8.50,£8.50 per 75cl,"Buy 6, Save 25%",beer-wines-spirits
Kensitas Club Cigarettes,Kensitas Club Cigarettes20 per pack,£11.10,55.5p each,,beer-wines-spirits
Kensitas Club King Size Cigarettes Multipack,Kensitas Club King Size Cigarettes Multipack5 x 20 per pack,£55.25,55.3p each,,beer-wines-spirits
Kensitas Club Rolling Tobacco Includes Cigarette Papers ,Kensitas Club Rolling Tobacco I...50g,£25.80,£51.60 per 100g,,beer-wines-spirits
Kensitas Club Rolling Tobacco Includes Cigarette Papers,Kensitas Club Rolling Tobacco I...30g,£15.50,£51.67 per 100g,,beer-wines-spirits
Kensitas Club Superkings Cigarettes,Kensitas Club Superkings Cigarettes20 per pack,£11.10,55.5p each,,beer-wines-spirits
Kensitas Club Superkings Cigarettes Multipack,Kensitas Club Superkings Cigarettes Multipack5 x 20 per pack,£55.25,55.3p each,,beer-wines-spirits
Keo      ,Keo      630ml,£2.40,£3.81 per litre,Buy 4 for the Price of 3,beer-wines-spirits
King Edward Coronets Premium Blend Cigars,King Edward Coronets Premium Blend Cigars5 per pack,£7.90,£1.58 each,,beer-wines-spirits
Kingfisher,Kingfisher650ml,£2.35,£3.62 per litre,Buy 4 for the Price of 3,beer-wines-spirits
King Goblin Ale Beer,King Goblin Ale Beer500ml,£2.25,£4.50 per litre,Buy 4 for the Price of 3,beer-wines-spirits
Kingsland Portuguese Rose ,Kingsland Portuguese Rose 75cl,£4.69,£4.69 per 75cl,,beer-wines-spirits
Kirkstall Brewery Providence New England Pale Ale ,Kirkstall Brewery Providenc...440ml,£2.50,56.8p per 100ml,Buy 4 for the Price of 3,beer-wines-spirits
Kirkstall Brewery Spokane West Coast Ipa ,Kirkstall Brewery Spokane West Coast Ipa 440ml,£3.50,£7.95 per litre,Buy 4 for the Price of 3,beer-wines-spirits
Kirkstall Three Swords ,Kirkstall Three Swords 4 x 440ml,£5,28.4p per 100ml,,beer-wines-spirits
Kirkstall Virtuous Ipa,Kirkstall Virtuous Ipa440ml,£2.50,56.8p per 100ml,Buy 4 for the Price of 3,beer-wines-spirits
Kite Cwrw Gorslas ,Kite Cwrw Gorslas 500ml,£2,£4.00 per litre,Buy 4 for the Price of 3,beer-wines-spirits
Klein St Sauvignon Blanc,Klein St Sauvignon Blanc75cl,£6,£6.00 per 75cl,Buy 2 for £10,beer-wines-spirits
Kopparberg Alcohol-Free With Strawberry & Lime Fridge Pack (Abv 0%),Kopparberg Alcohol-Free With Strawberry...10 x 330ml,£7,21.3p per 100ml,"Offer price £7, was £8.50",beer-wines-spirits
Kopparberg Alcohol Free Mixed Fruit Bottle,Kopparberg Alcohol Free Mixed Fruit Bottle500ml,£1.45,£2.90 per litre,Buy 4 for the Price of 3,beer-wines-spirits
Kopparberg Alcohol Free Strawberry & Lime ,Kopparberg Alcohol Free Strawberry & Lime 500ml,£1.50,£3.00 per litre,Buy 4 for the Price of 3,beer-wines-spirits
Kopparberg Alcohol Free With Mixed Fruit ,Kopparberg Alcohol Free With Mixed Fruit 4 x 330ml,£3.50,£2.65 per litre,,beer-wines-spirits
Kopparberg Cherry Rum & Cola,Kopparberg Cherry Rum & Cola250ml,£2,£8.00 per litre,Buy 4 for £6,beer-wines-spirits
Kopparberg Cherry Storm ,Kopparberg Cherry Storm 250ml,£2.10,£8.40 per litre,Buy 4 for £6,beer-wines-spirits
Kopparberg Gin Strawberry & Lime Alcohol Free,Kopparberg Gin Strawberry...250ml,£1.10,£4.40 per litre,,beer-wines-spirits
Kopparberg Lemon Collins ,Kopparberg Lemon Collins 250ml,£1.25,£5.00 per litre,,beer-wines-spirits
Kopparberg Mixed Fruit Cider Cans,Kopparberg Mixed Fruit Cider Cans12 x 330ml,£10,£2.52 per litre,"Offer price £10, was £14.50",beer-wines-spirits
Kopparberg Mixed Fruit Gin & Lemonade ,Kopparberg Mixed Fruit Gin & Lemonade 250ml,£2,£8.00 per litre,Buy 4 for £6,beer-wines-spirits
Kopparberg Mixed Fruits ,Kopparberg Mixed Fruits 4 x 330ml,£4.50,£3.41 per litre,"Offer price £4.50, was £5.50",beer-wines-spirits
Kopparberg Mixed Fruits Cider Bottle,Kopparberg Mixed Fruits Cider Bottle500ml,£2.35,£4.70 per litre,Buy 3 for £5.50,beer-wines-spirits
Kopparberg Mixed Fruit Tropical ,Kopparberg Mixed Fruit Tropical 4 x 330ml,£4.50,£3.41 per litre,"Offer price £4.50, was £5.50",beer-wines-spirits
Kopparberg Mixed Fruit Tropical,Kopparberg Mixed Fruit Tropical12 x 330ml,£10,£2.52 per litre,"Offer price £10, was £14.50",beer-wines-spirits
Kopparberg Mixed Fruit Tropical Cider,Kopparberg Mixed Fruit Tropical Cider500ml,£2.35,£4.70 per litre,Buy 3 for £5.50,beer-wines-spirits
Kopparberg Passion Fruit & Orange Gin & Lemonade,Kopparberg Passion Fruit & Orange Gin & Lemonade250ml,£2,£8.00 per litre,Buy 4 for £6,beer-wines-spirits
Kopparberg Passionfruit Vodka ,Kopparberg Passionfruit Vodka 70cl,£20,£28.57 per litre,,beer-wines-spirits
Kopparberg Pear Alcohol Free Cider Bottle,Kopparberg Pear Alcohol Free Cider Bottle500ml,£1.45,£2.90 per litre,Buy 4 for the Price of 3,beer-wines-spirits
Kopparberg Pear Cider ,Kopparberg Pear Cider 4 x 440ml,£4.50,£2.56 per litre,"Offer price £4.50, was £5.50",beer-wines-spirits
Kopparberg Pear Cider Bottle,Kopparberg Pear Cider Bottle500ml,£2.35,£4.70 per litre,Buy 3 for £5.50,beer-wines-spirits
Kopparberg Premium Cider Cherry ,Kopparberg Premium Cider Cherry 500ml,£2.35,£4.70 per litre,Buy 3 for £5.50,beer-wines-spirits
Kopparberg Premium Gin Mixed Fruit,Kopparberg Premium Gin Mixed Fruit70cl,£20,£28.57 per litre,,beer-wines-spirits
Kopparberg Raspberry    ,Kopparberg Raspberry    500ml,£2.35,£4.70 per litre,Buy 3 for £5.50,beer-wines-spirits
Kopparberg Spiced Apple,Kopparberg Spiced Apple500ml,£2.35,£4.70 per litre,Buy 3 for £5.50,beer-wines-spirits
Kopparberg Strawberry & Lime Cider Bottle,Kopparberg Strawberry & Lime Cider Bottle500ml,£2.35,£4.70 per litre,Buy 3 for £5.50,beer-wines-spirits
Kopparberg Strawberry & Lime Cider Cans,Kopparberg Strawberry & Lime Cider Cans12 x 330ml,£10,£2.52 per litre,"Offer price £10, was £14.50",beer-wines-spirits
Kopparberg Strawberry & Lime Gin & Lemonade,Kopparberg Strawberry & Lime Gin & Lemonade8 x 250ml,£10,£5.00 per litre,"Offer price £10, was £12",beer-wines-spirits
Kopparberg Strawberry & Lime Premium Gin,Kopparberg Strawberry & Lime Premium Gin70cl,£20,£28.57 per litre,,beer-wines-spirits
Kopparberg Strawberry Cosmo ,Kopparberg Strawberry Cosmo 250ml,£2.10,£8.40 per litre,Buy 4 for £6,beer-wines-spirits
Kopparberg Strawberry Gin & Lemonade ,Kopparberg Strawberry Gin & Lemonade 250ml,£2,80p per 100ml,Buy 4 for £6,beer-wines-spirits
Kopparberg With Strawberry & Lime,Kopparberg With Strawberry & Lime4 x 330ml,£4.50,£3.41 per litre,"Offer price £4.50, was £5.50",beer-wines-spirits
Korev Cornish Lager ,Korev Cornish Lager 6 x 330ml,£6,£3.03 per litre,Buy 2 for £10,beer-wines-spirits
Kraken Black Spiced Rum ,Kraken Black Spiced Rum 70cl,£20,£28.57 per litre,"Offer price £20, was £23.50",beer-wines-spirits
Krombacher Pils,Krombacher Pils660ml,£2.20,£3.33 per litre,Buy 4 for the Price of 3,beer-wines-spirits
Kronenbourg 1664 Lager Beer Bottles,Kronenbourg 1664 Lager Beer Bottles12 x 275ml,£11.50,£3.48 per litre,,beer-wines-spirits
Kronenbourg 1664 Lager Beer Cans,Kronenbourg 1664 Lager Beer Cans4 x 440ml,£4.50,£2.56 per litre,"Offer price £4.50, was £5.50",beer-wines-spirits
Kronenbourg 1664 Lager Beer Cans,Kronenbourg 1664 Lager Beer Cans10 x 440ml,£9,£2.05 per litre,"Offer price £9, was £12",beer-wines-spirits
Kumala Chenin Blanc,Kumala Chenin Blanc75cl,£6.25,£6.25 per 75cl,Buy 2 for £10,beer-wines-spirits
Kumala Core Pinotage,Kumala Core Pinotage75cl,£6.25,83.3p per 100ml,Buy 2 for £10,beer-wines-spirits
Kumala Rose,Kumala Rose75cl,£5.49,£5.49 per 75cl,"Buy 6, Save 25%",beer-wines-spirits
Kumala Sauvignon Blanc ,Kumala Sauvignon Blanc 75cl,£6.25,£6.25 per 75cl,Buy 2 for £10,beer-wines-spirits
Kumala Shiraz ,Kumala Shiraz 75cl,£6.25,£6.25 per 75cl,Buy 2 for £10,beer-wines-spirits
Kylie Minogue  Alcohol Free 0% Rose Wine,Kylie Minogue  Alcohol Free 0% Rose Wine75cl,£4.99,£4.99 per 75cl,,beer-wines-spirits
Kylie Minogue Prosecco Rose,Kylie Minogue Prosecco Rose75cl,£9.50,£9.50 per 75cl,"Buy 6, Save 25%",beer-wines-spirits
Kylie Minogue Rose,Kylie Minogue Rose75cl,£7.50,£7.50 per 75cl,"Buy 6, Save 25%",beer-wines-spirits
Kylie Minogue Sauvignon Blanc,Kylie Minogue Sauvignon Blanc75cl,£7,£7.00 per 75cl,"Buy 6, Save 25%",beer-wines-spirits
L&B Blue Bright,L&B Blue Bright20 per pack,£10.90,54.5p each,,beer-wines-spirits
L&B Blue Bright Superkings Cigarettes,L&B Blue Bright Superkings Cigarettes20 per pack,£10.90,54.5p each,,beer-wines-spirits
L&B Blue New Crush Cigarettes,L&B Blue New Crush Cigarettes20 per pack,£10.90,54.5p each,,beer-wines-spirits
L&B Blue Original,L&B Blue Original20 per pack,£10.90,54.5p each,,beer-wines-spirits
L&B Blue Real Blue Superkings Cigarettes,L&B Blue Real Blue Superkings Cigarettes20 per pack,£10.90,54.5p each,,beer-wines-spirits
L&B Blue Tobacco,L&B Blue Tobacco50g,£25.40,£50.80 per 100g,,beer-wines-spirits
L&B Blue Tobacco,L&B Blue Tobacco30g,£15.50,£51.67 per 100g,,beer-wines-spirits
Label 5 Blended Scotch Whisky ,Label 5 Blended Scotch Whisky 1L,£17,£17.00 per litre,"Offer price £17, was £20",beer-wines-spirits
La Bellamente Pinot Grigio Rose,La Bellamente Pinot Grigio Rose75cl,£5.49,£5.49 per 75cl,"Buy 6, Save 25%",beer-wines-spirits
La Chouffe Strong Blonde Golden Ale,La Chouffe Strong Blonde Golden Ale330ml,£2.50,75.8p per 100ml,Buy 4 for the Price of 3,beer-wines-spirits
La Gioiosa Prosecco Brut ,La Gioiosa Prosecco Brut 75cl,£9,£9.00 per 75cl,"Buy 6, Save 25%",beer-wines-spirits
La Gioiosa Rosea Brut ,La Gioiosa Rosea Brut 75cl,£8,£8.00 per 75cl,"Buy 6, Save 25%",beer-wines-spirits
La Gioiosa Sparkling Alcohol Free,La Gioiosa Sparkling Alcohol Free75cl,£4,£4.00 per 75cl,"Offer price £4, was £4.99",beer-wines-spirits
La Goudale ,La Goudale 33cl,£2,£6.06 per litre,Buy 4 for the Price of 3,beer-wines-spirits
Lambert & Butler Bright Cigarettes,Lambert & Butler Bright Cigarettes20 per pack,£12.65,63.3p each,,beer-wines-spirits
Lambert & Butler Bright Cigarettes Multipack,Lambert & Butler Bright Cigarettes Multipack5 x 20 per pack,£63,63p each,,beer-wines-spirits
Lambert & Butler Green Filter,Lambert & Butler Green Filter20 per pack,£11.70,58.5p each,,beer-wines-spirits
Lambert & Butler Original Silver Cigarettes,Lambert & Butler Original Silver Cigarettes20 per pack,£12.65,63.3p each,,beer-wines-spirits
Lambert & Butler Original Silver Cigarettes Multipack,Lambert & Butler Original Silver Cigarettes Multipack5 x 20 per pack,£63,63p each,,beer-wines-spirits
Lambert & Butler Original Silver Cigarettes Multipack,Lambert & Butler Original Silver Cigarettes Multipack10 x 20 per pack,£126,63p each,,beer-wines-spirits
Lamb's Dark Navy Rum,Lamb's Dark Navy Rum70cl,£14.50,£20.71 per litre,"Offer price £14.50, was £18",beer-wines-spirits
Lamb's Pineapple Rum ,Lamb's Pineapple Rum 70cl,£15.50,£22.14 per litre,,beer-wines-spirits
Lamb's Spiced Rum,Lamb's Spiced Rum1L,£21,£21.00 per litre,,beer-wines-spirits
Lancaster Bomber 4.4%,Lancaster Bomber 4.4%500ml,£1.09,£2.18 per litre,Buy 4 for the Price of 3,beer-wines-spirits
Lanson Black Label Brut NV,Lanson Black Label Brut NV75cl,£37,£37.00 per 75cl,,beer-wines-spirits
Lanson Rose Label Champagne Rose NV,Lanson Rose Label Champagne Rose NV75cl,£35,£35.00 per 75cl,,beer-wines-spirits
Laphroaig Islay Select Single Malt Whisky,Laphroaig Islay Select Single Malt Whisky70cl,£25,£35.71 per litre,"Offer price £25, was £33",beer-wines-spirits
Laphroaig Islay Single Malt Scotch Whisky  - 10 Year Old ,Laphroaig Islay Single Malt Scotc...70cl,£40,£57.14 per litre,,beer-wines-spirits
La Vieille Ferme,La Vieille Ferme75cl,£8,£8.00 per 75cl,"Buy 6, Save 25%",beer-wines-spirits
La Vieille Ferme Rose,La Vieille Ferme Rose75cl,£7,£7.00 per 75cl,"Buy 6, Save 25%",beer-wines-spirits
Leffe Brune Abbey Beer Bottle,Leffe Brune Abbey Beer Bottle750ml,£3.50,£4.67 per litre,,beer-wines-spirits
Leopards Leap Shiraz ,Leopards Leap Shiraz 75cl,£7,£7.00 per 75cl,"Buy 6, Save 25%",beer-wines-spirits
Lervig Brewery Konrad's,Lervig Brewery Konrad's330ml,£4.50,£13.64 per litre,Buy 4 for the Price of 3,beer-wines-spirits
L'Escarpe Coteaux D'Aix En Provence Rose,L'Escarpe Coteaux D'Aix En Provence Rose75cl,£7.50,£7.50 per 75cl,"Buy 6, Save 25%",beer-wines-spirits
Le Verdier Cairanne Cotes Durhone Village 75,Le Verdier Cairanne Cotes Durhone Village 7575cl,£8.49,£8.49 per 75cl,"Buy 6, Save 25%",beer-wines-spirits
Lilley's Bee Sting Perry Lightly Sparkled ,Lilley's Bee Sting Perry Lightly Sparkled 500ml,£2.25,£4.50 per litre,Buy 3 for £5.50,beer-wines-spirits
Lilley's Mango Cider Lightly Sparkled,Lilley's Mango Cider Lightly Sparkled500ml,£2.25,£4.50 per litre,Buy 3 for £5.50,beer-wines-spirits
Lindemans Alcohol Free Cabernet Sauvignon ,Lindemans Alcohol Free Cabernet Sauvignon 75cl,£4,£5.33 per litre,,beer-wines-spirits
Lindemans Alcohol Free Semillon Chardonnay ,Lindemans Alcohol Free Semillon Chardonnay 75cl,£4,£5.33 per litre,,beer-wines-spirits
Lindeman's Bin 50 Shiraz,Lindeman's Bin 50 Shiraz75cl,£7.25,£7.25 per 75cl,"Buy 6, Save 25%",beer-wines-spirits
Lindeman's Bin 65 Chardonnay,Lindeman's Bin 65 Chardonnay75cl,£6.50,£6.50 per 75cl,"Buy 6, Save 25%",beer-wines-spirits
Lindemans Gentlemans Collection Cabernet Sauvignon,Lindemans Gentlemans Collec...75cl,£8.50,£8.50 per 75cl,"Buy 6, Save 25%",beer-wines-spirits
Little Valley Tods Blonde ,Little Valley Tods Blonde 500ml,£2.25,£4.50 per litre,Buy 4 for the Price of 3,beer-wines-spirits
Loch Lomond Aged 10 Years Single Malt Scotch Whisky ,Loch Lomond Aged 10 Years Sin...70cl,£37,£52.86 per litre,,beer-wines-spirits
Loch Lomond Classic Single Malt Scotch Whisky ,Loch Lomond Classic Single Malt Scotch Whisky 70cl,£22,£31.43 per litre,"Offer price £22, was £26",beer-wines-spirits
Logic Charcoal Compact Electronic Cigarette,Logic Charcoal Compact Electronic Cigarette,£10,,,beer-wines-spirits
Logic Cherry Flavour Pro E-Liquid Capsules 6mg,Logic Cherry Flavour Pro E-Liquid Capsules 6mg3 per pack,£5,£1.67 each,,beer-wines-spirits
Logic Compact Berry Mint Pods 12mg,Logic Compact Berry Mint Pods 12mg,£5.99,,,beer-wines-spirits
Logic Compact Cantaloupe Melon Pods 12mg,Logic Compact Cantalo...2 per pack,£5,£2.50 each,,beer-wines-spirits
Logic Compact Cherry Pods 12mg,Logic Compact Cherry Pods 12mg,£5.99,,,beer-wines-spirits
Logic Compact Intense Amber Tobacco E - Liquid Pods 18 Mg,Logic Compact Intense Amber Tobac...2 per pack,£5.99,£3.00 each,,beer-wines-spirits
Logic Compact Intense Berry Mint Pods 18mg,Logic Compact Intense Berry Mint Pods 18mg2 per pack,£5.99,£3.00 each,,beer-wines-spirits
Logic Compact Intense Berry Ripple E-Liquid Pods 18mg,Logic Compact Intense Berry R...2 per pack,£5.99,£3.00 each,,beer-wines-spirits
Logic Compact Intense Peppermint E-Liquid Pods 18mg,Logic Compact Intense Pepperm...2 per pack,£5.99,£3.00 each,,beer-wines-spirits
Logic Compact Intense Polar Method E-Liquid Pods 18mg,Logic Compact Intense Polar M...2 per pack,£5.99,£3.00 each,,beer-wines-spirits
Logic Compact Intense Spearmint E-Liquid Pods 18mg,Logic Compact Intense Spear...2 per pack,£5.99,£3.00 each,,beer-wines-spirits
Logic Compact Tobacco Pods 18mg,Logic Compact Tobacco Pods 18mg,£5.99,,,beer-wines-spirits
Logic Compact Wild Blueberry Pods 12mg,Logic Compact Wild Blueberry Pods 12mg2 per pack,£5.99,£3.00 each,,beer-wines-spirits
Logic Curv E - Tips Tobacco 18Mg,Logic Curv E - Tips Tobacco 18Mg2 per pack,£9,£4.50 each,,beer-wines-spirits
Logic Lqd E - Liquid Blueberry 6Mg / Ml 50Vg / 50Pg 10Ml,Logic Lqd E - Liquid Blueberry...10ml,£4,£40.00 per 100ml,,beer-wines-spirits
Logic Lqd E - Liquid Pear Mint 6Mg / Ml 50Vg / 50Pg 10Ml,Logic Lqd E - Liquid Pear Mint...10ml,£4,£40.00 per 100ml,,beer-wines-spirits
Logic Menthol Compact Pods 18mg,Logic Menthol Compact Pods 18mg,£5.99,,,beer-wines-spirits
Logic Pro Berry Mint Flavour E-Liquid Capsules 12mg,Logic Pro Berry Mint Flavour...,£5,,,beer-wines-spirits
Logic Pro Blueberry Flavour E-Liquid Capsules 12mg,Logic Pro Blueberry Flavour...3 per pack,£5,£1.67 each,,beer-wines-spirits
Logic Pro Cherry Flavour E-Liquid Capsules 12mg,Logic Pro Cherry Flavour E-Liquid Capsules 12mg,£5,,,beer-wines-spirits
Louis Alexandre Sauvignon Blanc,Louis Alexandre Sauvignon Blanc75cl,£8,£8.00 per 75cl,"Buy 6, Save 25%",beer-wines-spirits
Louis Couturier Cremant De Bordeaux ,Louis Couturier Cremant De Bordeaux 75cl,£11,£11.00 per 75cl,"Buy 6, Save 25%",beer-wines-spirits
Louis Jadot Bourgogne Pinot Noir ,Louis Jadot Bourgogne Pinot Noir 75cl,£18,£18.00 per 75cl,"Buy 6, Save 25%",beer-wines-spirits
Louis Jadot Macon Villages,Louis Jadot Macon Villages75cl,£12,£12.00 per 75cl,"Buy 6, Save 25%",beer-wines-spirits
Louis Raynald Cotes Du Rhone ,Louis Raynald Cotes Du Rhone 75cl,£5.19,£6.92 per litre,"Buy 6, Save 25%",beer-wines-spirits
 Lucky Saint Unfiltered Alcohol Free Lager, Lucky Saint Unfiltered Alcohol Free Lager330ml,£2,£6.06 per litre,Buy 4 for the Price of 3,beer-wines-spirits
Mackeson Stout Beer Cans,Mackeson Stout Beer Cans4 x 330ml,£4,£3.03 per litre,,beer-wines-spirits
Mad Fish Sauvignon Blanc,Mad Fish Sauvignon Blanc75cl,£7,£7.00 per 75cl,"Buy 6, Save 25%",beer-wines-spirits
Mad Fish Shiraz ,Mad Fish Shiraz 75cl,£9,£9.00 per 75cl,"Buy 6, Save 25%",beer-wines-spirits
Madri Excepcional ,Madri Excepcional 12 x 330ml,£12,£3.03 per litre,,beer-wines-spirits
Madri Excepcional,Madri Excepcional660ml,£2.35,£3.56 per litre,Buy 4 for the Price of 3,beer-wines-spirits
Madri Excepcional ,Madri Excepcional 4 x 440ml,£5.50,£3.13 per litre,,beer-wines-spirits
Madri Excepcional Cans,Madri Excepcional Cans10 x 440ml,£10,22.7p per 100ml,"Offer price £10, was £13",beer-wines-spirits
Mad Squirrel Roadkill Neipa ,Mad Squirrel Roadkill Neipa 440ml,£3,£6.82 per litre,Buy 4 for the Price of 3,beer-wines-spirits
Mad Squirrel Sumo American Pale Ale ,Mad Squirrel Sumo American Pale Ale 440ml,£3,£6.82 per litre,Buy 4 for the Price of 3,beer-wines-spirits
Magic Rock Cannonball,Magic Rock Cannonball440ml,£3.25,£7.39 per litre,Buy 4 for the Price of 3,beer-wines-spirits
Magic Rock High Wire Tropical,Magic Rock High Wire Tropical440ml,£3.25,£7.39 per litre,Buy 4 for the Price of 3,beer-wines-spirits
Magic Rock Saucery,Magic Rock Saucery4 x 330ml,£6.50,£4.92 per litre,Buy 2 for £10,beer-wines-spirits
Magic Rock The Fabulist Hazy Ipa ,Magic Rock The Fabulist Hazy Ipa 440ml,£3.25,£7.39 per litre,Buy 4 for the Price of 3,beer-wines-spirits
Magners Original Cider Bottle,Magners Original Cider Bottle568ml,£2.35,£4.14 per litre,Buy 3 for £5.50,beer-wines-spirits
Magners Original Cider Cans,Magners Original Cider Cans18 x 440ml,£10,£1.26 per litre,,beer-wines-spirits
Magners Original Cider Cans,Magners Original Cider Cans4 x 440ml,£4,£2.27 per litre,,beer-wines-spirits
Magners Original Cider Cans,Magners Original Cider Cans10 x 440ml,£10,£2.27 per litre,Buy 2 for £16,beer-wines-spirits
Magners Rose,Magners Rose4 x 440ml,£5.50,£3.13 per litre,Buy 2 for £10,beer-wines-spirits
Mahou,Mahou12 x 330ml,£10,£2.53 per litre,"Offer price £10, was £14",beer-wines-spirits
Mahou,Mahou4 x 330ml,£5.50,£4.17 per litre,Buy 2 for £10,beer-wines-spirits
Maker's Mark Kentucky Straight Bourbon Whisky,Maker's Mark Kentucky Straight Bourbon Whisky70cl,£25,£35.71 per litre,"Offer price £25, was £32",beer-wines-spirits
Malfy Con Arancia Blood Orange Flavoured Gin,Malfy Con Arancia Blood Orange Flavoured Gin70cl,£29,£41.43 per litre,,beer-wines-spirits
Malfy Rosa Pink Grapefruit Flavoured Gin,Malfy Rosa Pink Grapefruit Flavoured Gin70cl,£29,£41.43 per litre,,beer-wines-spirits
Malibu Coconut Rum & Cola Pre-Mixed Can,Malibu Coconut Rum & Cola Pre-Mixed Can250ml,£2.40,£9.60 per litre,Buy 4 for £6,beer-wines-spirits
Malibu Coconut Rum & Pineapple Pre-Mixed Can,Malibu Coconut Rum & Pineapple Pre-Mixed Can250ml,£2.40,£9.60 per litre,Buy 4 for £6,beer-wines-spirits
Malibu Original Caribbean White Rum with Coconut Flavour,Malibu Original Caribbean White...70cl,£13,£18.57 per litre,"Offer price £13, was £16",beer-wines-spirits
Malibu Original Caribbean White Rum with Coconut Flavour,Malibu Original Caribbean White...1L,£21,£21.00 per litre,,beer-wines-spirits
Malibu Pina Colada Pre-Mixed Can,Malibu Pina Colada Pre-Mixed Can250ml,£2.40,£9.60 per litre,Buy 4 for £6,beer-wines-spirits
Malibu Watermelon Rum & Lemonade Pre-Mixed Can,Malibu Watermelon Rum & L...250ml,£2.40,£9.60 per litre,Buy 4 for £6,beer-wines-spirits
Manns Brown Ale Bottle,Manns Brown Ale Bottle500ml,99p,£1.98 per litre,"Offer price 99p, was £1.09",beer-wines-spirits
Marlboro Bright King Size Cigarettes,Marlboro Bright King Size Cigarettes20 per pack,£14.40,72p each,,beer-wines-spirits
Marlboro Gold Cigarettes,Marlboro Gold Cigarettes20 per pack,£14.40,72p each,,beer-wines-spirits
Marlboro Gold Cigarettes Multipack,Marlboro Gold Cigarettes Multipack5 x 20 per pack,£72,72p each,,beer-wines-spirits
Marlboro Gold Fine Cut Tobacco ,Marlboro Gold Fine Cut Tobacco 30g,£12.90,£43.00 per 100g,,beer-wines-spirits
Marlboro Gold Superking Cigarettes,Marlboro Gold Superking Cigarettes20 per pack,£13.25,66.3p each,,beer-wines-spirits
Marlboro Red Cigarettes,Marlboro Red Cigarettes20 per pack,£14.40,72p each,,beer-wines-spirits
Marlboro Red Cigarettes Multipack,Marlboro Red Cigarettes Multipack5 x 20 per pack,£72,72p each,,beer-wines-spirits
Marlboro Silver Blue Cigarettes,Marlboro Silver Blue Cigarettes20 per pack,£14.40,72p each,,beer-wines-spirits
Marlboro Touch Cigarettes,Marlboro Touch Cigarettes20 per pack,£11.95,59.8p each,,beer-wines-spirits
Marston's English Pale Ale Bottle,Marston's English Pale Ale Bottle500ml,£1.09,£2.18 per litre,,beer-wines-spirits
Marstons Old Empire IPA Ale,Marstons Old Empire IPA Ale500ml,£2.25,£4.50 per litre,Buy 4 for the Price of 3,beer-wines-spirits
Marston's Pedigree Pale Ale Bottle,Marston's Pedigree Pale Ale Bottle500ml,£2,£4.00 per litre,Buy 4 for the Price of 3,beer-wines-spirits
Martell VS Fine Cognac,Martell VS Fine Cognac70cl,£31.50,£45.00 per litre,,beer-wines-spirits
Martini Asti Sparkling Wine,Martini Asti Sparkling Wine75cl,£7.50,£7.50 per 75cl,"Buy 6, Save 25%",beer-wines-spirits
Martini Bianco Vermouth,Martini Bianco Vermouth75cl,£8,£8.00 per 75cl,"Offer price £8, was £10",beer-wines-spirits
Martini Extra Dry Vermouth,Martini Extra Dry Vermouth75cl,£8,£8.00 per 75cl,"Offer price £8, was £10",beer-wines-spirits
Martini Rosso Vermouth,Martini Rosso Vermouth75cl,£8,£8.00 per 75cl,"Offer price £8, was £10",beer-wines-spirits
Martin Millers Gin,Martin Millers Gin70cl,£22,£31.43 per litre,,beer-wines-spirits
Maschio  Prosecco             ,Maschio  Prosecco             75cl,£8,£8.00 per 75cl,"Buy 6, Save 25%",beer-wines-spirits
Maschio Prosecco              ,Maschio Prosecco              20cl,£3,£11.25 per 75cl,Buy 4 for the Price of 3,beer-wines-spirits
Masons Dry Yorkshire Gin,Masons Dry Yorkshire Gin70cl,£30,£42.86 per litre,,beer-wines-spirits
Masons Gin Orange & Lime Leaf,Masons Gin Orange & Lime Leaf70cl,£30,£42.86 per litre,,beer-wines-spirits
Masons Tea Edition Dry Yorkshire Gin ,Masons Tea Edition Dry Yorkshire Gin 70cl,£30,£42.86 per litre,,beer-wines-spirits
Mateus Rose,Mateus Rose750ml,£6,£6.00 per 75cl,"Buy 6, Save 25%",beer-wines-spirits
Matsu El Picaro,Matsu El Picaro75cl,£10,£10.00 per 75cl,"Buy 6, Save 25%",beer-wines-spirits
Mavrodaphne Of Patras Sweet Red Wine,Mavrodaphne Of Patras Sweet Red Wine75cl,£5.99,£7.99 per litre,"Buy 6, Save 25%",beer-wines-spirits
Mayfair Green Cigarettes,Mayfair Green Cigarettes20 per pack,£14.10,70.5p each,,beer-wines-spirits
Mayfair King Size Cigarettes,Mayfair King Size Cigarettes5 x 20 per pack,£67,67p each,,beer-wines-spirits
Mayfair King Size Cigarettes,Mayfair King Size Cigarettes20 per pack,£14.10,70.5p each,,beer-wines-spirits
Mayfair Silver King Size Cigarettes,Mayfair Silver King Size Cigarettes20 per pack,£10.65,53.3p each,,beer-wines-spirits
Mayfair Silver Super King Size Cigarettes,Mayfair Silver Super King Size Cigarettes20 per pack,£10.65,53.3p each,,beer-wines-spirits
Mayfair Sky Blue Cigarettes,Mayfair Sky Blue Cigarettes20 per pack,£12,60p each,,beer-wines-spirits
Mayfair Superkings Cigarettes,Mayfair Superkings Cigarettes20 per pack,£14.10,70.5p each,,beer-wines-spirits
Mayfair Superkings Sky Blue Cigarettes,Mayfair Superkings Sky Blue Cigarettes20 per pack,£14.10,70.5p each,,beer-wines-spirits
Mayfair White Cigarettes,Mayfair White Cigarettes20 per pack,£14.10,70.5p each,,beer-wines-spirits
McEwan's Champion Premium Beer,McEwan's Champion Premium Beer500ml,£2.25,£4.50 per litre,Buy 4 for the Price of 3,beer-wines-spirits
McEwan's Export Original Scottish Export Ale Cans,McEwan's Export Original Scottish Export Ale Cans4 x 500ml,£4.75,£2.38 per litre,,beer-wines-spirits
McGuigan BIN 156 Chardonnay,McGuigan BIN 156 Chardonnay75cl,£5.19,£5.19 per 75cl,Buy 2 for £10,beer-wines-spirits
McGuigan Bin 578 Merlot,McGuigan Bin 578 Merlot75cl,£5.49,£5.49 per 75cl,Buy 2 for £10,beer-wines-spirits
McGuigan Black Label Chardonnay ,McGuigan Black Label Chardonnay 75cl,£6,£6.00 per 75cl,"Buy 6, Save 25%",beer-wines-spirits
Mcguigan Black Label Chardonnay 187Ml,Mcguigan Black Label Chardonnay 187Ml187ml,£2.25,£9.02 per 75cl,Buy 4 for the Price of 3,beer-wines-spirits
McGuigan Black Label Merlot,McGuigan Black Label Merlot75cl,£6,£6.00 per 75cl,"Buy 6, Save 25%",beer-wines-spirits
McGuigan Black Label Pinot Grigio ,McGuigan Black Label Pinot Grigio 75cl,£6.50,£6.50 per 75cl,"Buy 6, Save 25%",beer-wines-spirits
McGuigan Black Label Red,McGuigan Black Label Red187ml,£2.25,£9.02 per 75cl,Buy 4 for the Price of 3,beer-wines-spirits
McGuigan Black Label Red ,McGuigan Black Label Red 75cl,£6,£6.00 per 75cl,"Buy 6, Save 25%",beer-wines-spirits
McGuigan Black Label Sauvignon Blanc,McGuigan Black Label Sauvignon Blanc75cl,£6.50,£6.50 per 75cl,"Buy 6, Save 25%",beer-wines-spirits
McGuigan Black Label Shiraz,McGuigan Black Label Shiraz75cl,£6.50,£6.50 per 75cl,"Buy 6, Save 25%",beer-wines-spirits
Mcguigan Black Label Shiraz,Mcguigan Black Label Shiraz75cl,£7.50,£7.50 per 75cl,"Buy 6, Save 25%",beer-wines-spirits
McGuigan Reserve Cabernet Sauvignon ,McGuigan Reserve Cabernet Sauvignon 75cl,£7.50,£7.50 per 75cl,"Buy 6, Save 25%",beer-wines-spirits
McGuigan Reserve Sauv Blanc,McGuigan Reserve Sauv Blanc75cl,£7.50,£7.50 per 75cl,"Buy 6, Save 25%",beer-wines-spirits
McGuigan Zero Chardonnay ,McGuigan Zero Chardonnay 75cl,£4.99,£4.99 per 75cl,,beer-wines-spirits
McGuigan Zero Rose ,McGuigan Zero Rose 75cl,£4.99,£4.99 per 75cl,,beer-wines-spirits
McGuigan Zero Shiraz ,McGuigan Zero Shiraz 75cl,£4.99,£4.99 per 75cl,,beer-wines-spirits
McGuigan Zero Sparkling Alcohol Free,McGuigan Zero Sparkling Alcohol Free75cl,£3.50,£3.50 per 75cl,,beer-wines-spirits
Meantime London Pale Ale,Meantime London Pale Ale330ml,£2,£6.06 per litre,Buy 4 for the Price of 3,beer-wines-spirits
Meantime London Pale Ale,Meantime London Pale Ale4 x 330ml,£6.50,£4.92 per litre,Buy 2 for £10,beer-wines-spirits
Menabrea Birra   ,Menabrea Birra   660ml,£2.60,£3.94 per litre,Buy 4 for the Price of 3,beer-wines-spirits
Menestrello Prosecco Spumante,Menestrello Prosecco Spumante75cl,£8,£8.00 per 75cl,"Buy 6, Save 25%",beer-wines-spirits
Merlyn Welsh Cream Liqueur,Merlyn Welsh Cream Liqueur70cl,£15,£21.43 per litre,,beer-wines-spirits
Merrydown Original Vintage Apple Cider Bottle,Merrydown Original Vintage Apple Cider Bottle750ml,£2.25,£3.00 per litre,,beer-wines-spirits
Miami Cocktail Bellini ,Miami Cocktail Bellini 250ml,£1.75,70p per 100ml,Buy 4 for £6,beer-wines-spirits
Miami Cocktail Margarita ,Miami Cocktail Margarita 250ml,£1.75,70p per 100ml,Buy 4 for £6,beer-wines-spirits
Miami Cocktail Mimosa,Miami Cocktail Mimosa250ml,£1.75,70p per 100ml,Buy 4 for £6,beer-wines-spirits
Mike's Hard Seltzer Black Cherry,Mike's Hard Seltzer Black Cherry330ml,£2,£6.06 per litre,Buy 4 for £6,beer-wines-spirits
Mike's Hard Seltzer Lime ,Mike's Hard Seltzer Lime 330ml,£2,£6.06 per litre,Buy 4 for £6,beer-wines-spirits
Mike's Hard Seltzer Raspberry,Mike's Hard Seltzer Raspberry330ml,£2,£6.06 per litre,Buy 4 for £6,beer-wines-spirits
Mini Royal Dutch Double Filter Cigarillos,Mini Royal Dutch Double Filter Cigarillos10 per pack,£5.85,58.5p each,,beer-wines-spirits
Mionetto Prosecco Doc Treviso Brut ,Mionetto Prosecco Doc Treviso Brut 75cl,£9,£9.00 per 75cl,"Buy 6, Save 25%",beer-wines-spirits
Mirabeau La Folie Sparkling Rose,Mirabeau La Folie Sparkling Rose75cl,£12,£12.00 per 75cl,"Buy 6, Save 25%",beer-wines-spirits
Mirabeau X Rose,Mirabeau X Rose75cl,£12,£12.00 per 75cl,"Buy 6, Save 25%",beer-wines-spirits
Moet & Chandon Brut ,Moet & Chandon Brut 37.5cl,£25,£50.00 per 75cl,,beer-wines-spirits
Moet & Chandon Imperial Brut Champagne ,Moet & Chandon Imperial Brut Champagne 75cl,£36,£36.00 per 75cl,,beer-wines-spirits
Moet Rose Imperial Champagne,Moet Rose Imperial Champagne75cl,£50,£50.00 per 75cl,,beer-wines-spirits
Moillard Chablis,Moillard Chablis75cl,£16,£16.00 per 75cl,"Buy 6, Save 25%",beer-wines-spirits
Moments Blue Cigars,Moments Blue Cigars10 per pack,£6.10,61p each,,beer-wines-spirits
Moments Blue Cigars,Moments Blue Cigars20 per pack,£11.55,57.8p each,,beer-wines-spirits
Moments Original Cigars,Moments Original Cigars10 per pack,£6.10,61p each,,beer-wines-spirits
Moments Panatella Cigars,Moments Panatella Cigars,£5.75,,,beer-wines-spirits
Monkey Shoulder Blended Malt Whisky ,Monkey Shoulder Blended Malt Whisky 70cl,£24,£34.29 per litre,"Offer price £24, was £28",beer-wines-spirits
Montelciego Rioja Reserva,Montelciego Rioja Reserva75cl,£7.50,£7.50 per 75cl,"Buy 6, Save 25%",beer-wines-spirits
Montepulciano D'Abruzzo        ,Montepulciano D'Abruzzo        75cl,£5.49,£5.49 per 75cl,"Buy 6, Save 25%",beer-wines-spirits
Monts & Vaux Malbec,Monts & Vaux Malbec75cl,£6.25,£6.25 per 75cl,Buy 2 for £10,beer-wines-spirits
Moorhouse's Blond Witch (Abv 4.4%),Moorhouse's Blond Witch (Abv 4.4%)500ml,£1.99,£3.98 per litre,Buy 4 for the Price of 3,beer-wines-spirits
Morland Old Speckled Hen Gluten - Free (Abv 5%),Morland Old Speckled Hen Gluten - Free (Abv 5%)500ml,£2.09,£4.18 per litre,,beer-wines-spirits
Morland's Old Crafty Hen Vintage Ale Bottle,Morland's Old Crafty Hen Vintage Ale Bottle500ml,£2.50,£5.00 per litre,Buy 4 for the Price of 3,beer-wines-spirits
Morland's Old Golden Hen Bottle,Morland's Old Golden Hen Bottle500ml,£2.25,£4.50 per litre,Buy 4 for the Price of 3,beer-wines-spirits
Morrisons 100% Pineapple Juice  ,Morrisons 100% Pineapple Juice  1L,£1.69,16.9p per 100ml,,beer-wines-spirits
Morrisons 3 Year Old French Brandy,Morrisons 3 Year Old French Brandy70cl,£11.75,£16.79 per litre,,beer-wines-spirits
Morrisons Amontillado Sherry,Morrisons Amontillado Sherry1L,£8.25,£6.19 per 75cl,,beer-wines-spirits
Morrisons Bitter 2.8%,Morrisons Bitter 2.8%4 x 440ml,£2,£1.14 per litre,,beer-wines-spirits
Morrisons Blackberries,Morrisons Blackberries150g,£2.29,£15.27 per kg,,beer-wines-spirits
Morrisons Blended Scotch Whisky ,Morrisons Blended Scotch Whisky 70cl,£12.75,£18.21 per litre,,beer-wines-spirits
Morrisons Caribbean Dark Rum,Morrisons Caribbean Dark Rum1L,£15.25,£15.25 per litre,,beer-wines-spirits
Morrisons Caribbean Dark Rum,Morrisons Caribbean Dark Rum70cl,£13,£13.93 per 75cl,,beer-wines-spirits
Morrisons Caribbean Spiced (Abv 35%),Morrisons Caribbean Spiced (Abv 35%)50cl,£8.75,£17.50 per litre,,beer-wines-spirits
Morrisons Caribbean Spiced Rum,Morrisons Caribbean Spiced Rum70cl,£12.50,£17.86 per litre,,beer-wines-spirits
Morrisons Caribbean White Rum ,Morrisons Caribbean White Rum 1L,£15,£15.00 per litre,,beer-wines-spirits
Morrisons Chardonnay,Morrisons Chardonnay2.25L,£13.25,£4.42 per 75cl,,beer-wines-spirits
Morrisons Chenin Blanc,Morrisons Chenin Blanc75cl,£4.79,£4.79 per 75cl,,beer-wines-spirits
Morrisons Chicken Liver Parfait And White Wine,Morrisons Chicken Liver Parfait And White Wine90g,£1.25,£1.39 per 100g,,beer-wines-spirits
Morrisons Chocolate Orange Gin Liqueur ,Morrisons Chocolate Orange Gin Liqueur 50cl,£12,£24.00 per litre,,beer-wines-spirits
Morrisons Cider Bottle,Morrisons Cider Bottle568ml,£1.50,£2.64 per litre,,beer-wines-spirits
Morrisons Cider Cans,Morrisons Cider Cans4 x 440ml,£2.39,£1.36 per litre,,beer-wines-spirits
Morrisons Continental Lager 3.5%,Morrisons Continental Lager 3.5%4 x 440ml,£2.59,£1.47 per litre,,beer-wines-spirits
Morrisons Cream Sherry,Morrisons Cream Sherry1L,£8.25,£6.19 per 75cl,,beer-wines-spirits
Morrisons Cucumber ,Morrisons Cucumber ,75p,,,beer-wines-spirits
Morrisons Dark Rum,Morrisons Dark Rum35cl,£5.75,£16.43 per litre,,beer-wines-spirits
Morrisons Diet Bitter Lemon,Morrisons Diet Bitter Lemon1L,70p,7p per 100ml,,beer-wines-spirits
Morrisons Fine Green Ginger Wine,Morrisons Fine Green Ginger Wine70cl,£4,£4.29 per 75cl,,beer-wines-spirits
Morrisons Fino Sherry,Morrisons Fino Sherry75cl,£5.75,£5.75 per 75cl,,beer-wines-spirits
Morrisons Fresh Mint,Morrisons Fresh Mint30g,89p,29.7p per 10g,"Offer price 89p, was 99p",beer-wines-spirits
Morrisons Fresh Thyme,Morrisons Fresh Thyme20g,89p,44.5p per 10g,"Offer price 89p, was 99p",beer-wines-spirits
Morrisons Gin & Tonic,Morrisons Gin & Tonic250ml,£1.29,£5.16 per litre,,beer-wines-spirits
Morrisons Golden Delicious Apples ,Morrisons Golden Delicious Apples 6 per pack,£1.69,28.2p each,,beer-wines-spirits
Morrisons Imperial Vodka,Morrisons Imperial Vodka50cl,£9.50,£14.25 per 75cl,,beer-wines-spirits
Morrisons Large Oranges,Morrisons Large Oranges4 per pack,£2.15,53.8p each,,beer-wines-spirits
Morrisons Living Mint,Morrisons Living Mint,£1.49,,,beer-wines-spirits
Morrisons Loose Red Grapefruit,Morrisons Loose Red Grapefruit,55p,,,beer-wines-spirits
Morrisons Low Alcohol Cider Bottle,Morrisons Low Alcohol Cider Bottle500ml,£1.29,£2.58 per litre,Buy 4 for the Price of 3,beer-wines-spirits
Morrisons Malbec ,Morrisons Malbec 2.25L,£13.50,£4.50 per 75cl,,beer-wines-spirits
Morrisons Malbec 75Cl,Morrisons Malbec 75Cl75cl,£4.99,£4.99 per 75cl,,beer-wines-spirits
Morrisons Manor Hall Fortified British Wine Cream,Morrisons Manor Hall Fortif...1L,£6.25,£4.69 per 75cl,,beer-wines-spirits
Morrisons Manor Hall Fortified British Wine Medium,Morrisons Manor Hall Fortif...1L,£6.25,£4.69 per 75cl,,beer-wines-spirits
Morrisons Market St Living Thyme,Morrisons Market St Living Thyme,£1.49,,,beer-wines-spirits
Morrisons Medium Dry Cider Bottle,Morrisons Medium Dry Cider Bottle2.5L,£3.29,£1.32 per litre,,beer-wines-spirits
Morrisons Merlot,Morrisons Merlot2.25L,£13.25,£4.42 per 75cl,,beer-wines-spirits
Morrisons Merlot,Morrisons Merlot75cl,£4.79,£4.79 per 75cl,,beer-wines-spirits
Morrisons Napoleon Brandy 50Cl Abv 36%,Morrisons Napoleon Brandy 50Cl Abv 36%50cl,£9,£13.50 per 75cl,,beer-wines-spirits
Morrisons Napoleon Brandy Oak Barrel Aged 3 Years,Morrisons Napoleon Brandy O...35cl,£6.50,£18.57 per litre,,beer-wines-spirits
Morrisons Organic Pinot Grigio ,Morrisons Organic Pinot Grigio 75cl,£7.25,£7.25 per 75cl,"Buy 6, Save 25%",beer-wines-spirits
Morrisons Pale Cream Sherry,Morrisons Pale Cream Sherry1L,£8.25,£6.19 per 75cl,,beer-wines-spirits
Morrisons Passion Star Martini,Morrisons Passion Star Martini250ml,£1.95,£7.80 per litre,Buy 4 for £6,beer-wines-spirits
Morrisons Pina Colada,Morrisons Pina Colada250ml,£1.95,£7.80 per litre,Buy 4 for £6,beer-wines-spirits
Morrisons Pink Gin & Diet Lemonade,Morrisons Pink Gin & Diet Lemonade250ml,99p,£3.96 per litre,,beer-wines-spirits
Morrisons Pink Gin & Tonic,Morrisons Pink Gin & Tonic250ml,£1.29,£5.16 per litre,,beer-wines-spirits
Morrisons Pinotage,Morrisons Pinotage75cl,£4.79,£4.79 per 75cl,,beer-wines-spirits
Morrisons Pinot Grigio,Morrisons Pinot Grigio2.25L,£13.50,£4.50 per 75cl,,beer-wines-spirits
Morrisons Pinot Noir,Morrisons Pinot Noir75cl,£4.79,£4.79 per 75cl,,beer-wines-spirits
Morrisons Premium Lager 4.8%,Morrisons Premium Lager 4.8%4 x 440ml,£3.49,£1.98 per litre,,beer-wines-spirits
Morrisons Raspberry Mojito,Morrisons Raspberry Mojito250ml,£1.95,£7.80 per litre,Buy 4 for £6,beer-wines-spirits
Morrisons Ruby Port            ,Morrisons Ruby Port            75cl,£7.49,£7.49 per 75cl,,beer-wines-spirits
Morrisons Sauvignon Blanc,Morrisons Sauvignon Blanc75cl,£4.89,£4.89 per 75cl,,beer-wines-spirits
Morrisons Scotch Whisky,Morrisons Scotch Whisky35cl,£6.50,£18.57 per litre,,beer-wines-spirits
Morrisons Shiraz,Morrisons Shiraz75cl,£4.79,£4.79 per 75cl,,beer-wines-spirits
Morrisons Soave,Morrisons Soave75cl,£4.99,£4.99 per 75cl,,beer-wines-spirits
Morrisons Soda Water,Morrisons Soda Water1L,70p,7p per 100ml,,beer-wines-spirits
Morrisons Special Reserve Port,Morrisons Special Reserve Port75cl,£8.50,£8.50 per 75cl,,beer-wines-spirits
Morrisons Strawberry Daiquiri ,Morrisons Strawberry Daiquiri 250ml,£1.95,£7.80 per litre,Buy 4 for £6,beer-wines-spirits
Morrisons Tawny Port,Morrisons Tawny Port75cl,£7.49,£7.49 per 75cl,,beer-wines-spirits
Morrisons The Best Aged Tawny Port,Morrisons The Best Aged Tawny Port75cl,£12.50,£12.50 per 75cl,,beer-wines-spirits
Morrisons The Best Alsace Gewurztraminer ,Morrisons The Best Alsace Gewurztraminer 75cl,£8.50,£8.50 per 75cl,"Buy 6, Save 25%",beer-wines-spirits
Morrisons The Best Alvarinho,Morrisons The Best Alvarinho75cl,£8,£8.00 per 75cl,"Buy 6, Save 25%",beer-wines-spirits
Morrisons The Best Amarone ,Morrisons The Best Amarone 75cl,£16,£21.33 per litre,"Buy 6, Save 25%",beer-wines-spirits
Morrisons The Best American Pale Ale (Abv 4.5%),Morrisons The Best Americ...500ml,£1.75,£3.50 per litre,Buy 4 for the Price of 3,beer-wines-spirits
Morrisons The Best Barbera D'Asti ,Morrisons The Best Barbera D'Asti 75cl,£6.50,£6.50 per 75cl,"Buy 6, Save 25%",beer-wines-spirits
Morrisons The Best Barolo ,Morrisons The Best Barolo 75cl,£15,£15.00 per 75cl,"Buy 6, Save 25%",beer-wines-spirits
Morrisons The Best Beaujolais Villages,Morrisons The Best Beaujolais Villages75cl,£9,£9.00 per 75cl,"Buy 6, Save 25%",beer-wines-spirits
MORRISONS THE BEST BLENDED MALT WHISKY,MORRISONS THE BEST BLENDED MALT WHISKY70cl,£14,£15.00 per 75cl,,beer-wines-spirits
Morrisons The Best Bordeaux Superior,Morrisons The Best Bordeaux Superior75cl,£6.50,£6.50 per 75cl,"Buy 6, Save 25%",beer-wines-spirits
Morrisons The Best Bortytis Semillon,Morrisons The Best Bortytis Semillon375ml,£6,£12.00 per 75cl,"Offer price £6, was £7.25",beer-wines-spirits
Morrisons The Best Brut Premier Cru Champagne,Morrisons The Best Brut Premier Cru Champagne75cl,£25,£25.00 per 75cl,"Offer price £25, was £27",beer-wines-spirits
Morrisons The Best Bush Vine Cinsault ,Morrisons The Best Bush Vine Cinsault 75cl,£6,£6.00 per 75cl,"Buy 6, Save 25%",beer-wines-spirits
Morrisons The Best Cahors Malbec ,Morrisons The Best Cahors Malbec 75cl,£7,£7.00 per 75cl,"Buy 6, Save 25%",beer-wines-spirits
Morrisons The Best Canto Real Rueda ,Morrisons The Best Canto Real Rueda 75cl,£7,£7.00 per 75cl,"Buy 6, Save 25%",beer-wines-spirits
Morrisons The Best Chablis ,Morrisons The Best Chablis 75cl,£12,£12.00 per 75cl,"Buy 6, Save 25%",beer-wines-spirits
Morrisons The Best Chablis Premier Cru ,Morrisons The Best Chablis Premier Cru 75cl,£18,£18.00 per 75cl,"Buy 6, Save 25%",beer-wines-spirits
Morrisons The Best Chardonnay,Morrisons The Best Chardonnay75cl,£6,£6.00 per 75cl,"Buy 6, Save 25%",beer-wines-spirits
Morrisons The Best Chardonnay,Morrisons The Best Chardonnay75cl,£7.49,£7.49 per 75cl,"Buy 6, Save 25%",beer-wines-spirits
Morrisons The Best Chateauneuf Du Pape ,Morrisons The Best Chateauneuf Du Pape 75cl,£17,£17.00 per 75cl,"Buy 6, Save 25%",beer-wines-spirits
Morrisons The Best Chenin Blanc,Morrisons The Best Chenin Blanc75cl,£8,£8.00 per 75cl,"Buy 6, Save 25%",beer-wines-spirits
Morrisons The Best Chianti Classico,Morrisons The Best Chianti Classico75cl,£8.50,£8.50 per 75cl,"Buy 6, Save 25%",beer-wines-spirits
Morrisons The Best Chilean Cabernet Sauvignon,Morrisons The Best Chilea...75cl,£8,£1.07 per 100ml,"Buy 6, Save 25%",beer-wines-spirits
Morrisons The Best Chilean Carmenere ,Morrisons The Best Chilean Carmenere 75cl,£7,£7.00 per 75cl,"Buy 6, Save 25%",beer-wines-spirits
Morrisons The Best Chilean Merlot ,Morrisons The Best Chilean Merlot 75cl,£6.99,£6.99 per 75cl,"Buy 6, Save 25%",beer-wines-spirits
Morrisons The Best Citrus Crush And Mint Cordial ,Morrisons The Best Citrus Crush And Mint Cordial 500ml,£2.35,47p per 100ml,,beer-wines-spirits
Morrisons The Best Columbian Coffee Beans,Morrisons The Best Columbian Coffee Beans227g,£3.50,£1.54 per 100g,"Offer price £3.50, was £3.89",beer-wines-spirits
Morrisons The Best Coonawarra Cabernet Sauvignon,Morrisons The Best Coonawar...75cl,£8,£8.00 per 75cl,"Buy 6, Save 25%",beer-wines-spirits
Morrisons The Best Cotes du Rhone Villages,Morrisons The Best Cotes du Rhone Villages75cl,£7.49,£7.49 per 75cl,"Buy 6, Save 25%",beer-wines-spirits
Morrisons The Best Cremant De Limoux Rose,Morrisons The Best Cremant De Limoux Rose75cl,£10,£10.00 per 75cl,"Buy 6, Save 25%",beer-wines-spirits
Morrisons The Best Cremant De Limoux Sparkling Wine,Morrisons The Best Cremant De...75cl,£10,£10.00 per 75cl,"Buy 6, Save 25%",beer-wines-spirits
Morrisons The Best Dao Red,Morrisons The Best Dao Red75cl,£6.99,£6.99 per 75cl,"Buy 6, Save 25%",beer-wines-spirits
Morrisons The Best Douro Red ,Morrisons The Best Douro Red 75cl,£6.99,£6.99 per 75cl,"Buy 6, Save 25%",beer-wines-spirits
Morrisons The Best Elderflower Cordial,Morrisons The Best Elderflower Cordial500ml,£2.35,47p per 100ml,,beer-wines-spirits
Morrisons The Best English Sparkling Brut Vintage 2010,Morrisons The Best English Spar...75cl,£20,£20.00 per 75cl,"Buy 6, Save 25%",beer-wines-spirits
Morrisons The Best Etienne Leclair Brut Rose Champagne,Morrisons The Best Etienne Lecl...75cl,£24,£24.00 per 75cl,,beer-wines-spirits
Morrisons The Best Falanghina,Morrisons The Best Falanghina75cl,£7.50,£7.50 per 75cl,"Buy 6, Save 25%",beer-wines-spirits
Morrisons The Best Fleurie ,Morrisons The Best Fleurie 75cl,£9.50,£9.50 per 75cl,"Buy 6, Save 25%",beer-wines-spirits
Morrisons The Best Garda Pinot Rose ,Morrisons The Best Garda Pinot Rose 2.25L,£16,£7.11 per litre,,beer-wines-spirits
Morrisons The Best Gavi ,Morrisons The Best Gavi 75cl,£8,£8.00 per 75cl,"Buy 6, Save 25%",beer-wines-spirits
Morrisons The Best Gavi Di Gavi 75Cl,Morrisons The Best Gavi Di Gavi 75Cl75cl,£13,£13.00 per 75cl,"Buy 6, Save 25%",beer-wines-spirits
Morrisons The Best Gran Montana Malbec,Morrisons The Best Gran Montana Malbec75cl,£6.49,£6.49 per 75cl,"Buy 6, Save 25%",beer-wines-spirits
Morrisons The Best Gran Montana Malbec,Morrisons The Best Gran Montana Malbec2.5L,£18,72p per 100ml,"Buy 6, Save 25%",beer-wines-spirits
Morrisons The Best Grenache Blanc ,Morrisons The Best Grenache Blanc 75cl,£6,£6.00 per 75cl,"Buy 6, Save 25%",beer-wines-spirits
Morrisons The Best Gruner Veltliner,Morrisons The Best Gruner Veltliner75cl,£9,£9.00 per 75cl,"Buy 6, Save 25%",beer-wines-spirits
Morrisons The Best Irish Cream Liqueur ,Morrisons The Best Irish Cream Liqueur 1L,£14.50,£14.50 per litre,,beer-wines-spirits
Morrisons The Best LBV Port ,Morrisons The Best LBV Port 75cl,£11.50,£11.50 per 75cl,,beer-wines-spirits
Morrisons The Best London Dry Gin,Morrisons The Best London Dry Gin70cl,£18,£25.71 per litre,,beer-wines-spirits
Morrisons The Best Marlborough Sauvignon Blanc ,Morrisons The Best Marlbo...75cl,£7,£7.00 per 75cl,"Buy 6, Save 25%",beer-wines-spirits
Morrisons The Best Marques de los Rios Cava Brut ,Morrisons The Best Marques...75cl,£7.49,£7.49 per 75cl,"Buy 6, Save 25%",beer-wines-spirits
Morrisons The Best Marques De Los Rios Garnacha ,Morrisons The Best Marques...75cl,£6.50,£6.50 per 75cl,"Buy 6, Save 25%",beer-wines-spirits
Morrisons The Best Marques de los Rios Rioja Blanco ,Morrisons The Best Marques de...75cl,£6.49,£6.49 per 75cl,"Buy 6, Save 25%",beer-wines-spirits
Morrisons The Best Marques de los Rios Rioja Crianza,Morrisons The Best Marques de...75cl,£7,£7.00 per 75cl,"Buy 6, Save 25%",beer-wines-spirits
Morrisons The Best Marques de los Rios Rioja Gran Reserva ,Morrisons The Best Marques de los...75cl,£12,£16.00 per litre,"Buy 6, Save 25%",beer-wines-spirits
Morrisons The Best Marques De Los Rios Rioja Joven ,Morrisons The Best Marques De...187ml,£2.50,£10.03 per 75cl,Buy 4 for the Price of 3,beer-wines-spirits
Morrisons The Best Marques de los Rios Rioja Reserva ,Morrisons The Best Marques de...75cl,£7.50,£7.50 per 75cl,"Buy 6, Save 25%",beer-wines-spirits
Morrisons The Best Mulled Gin,Morrisons The Best Mulled Gin70cl,£16,£22.86 per litre,,beer-wines-spirits
Morrisons The Best Muscadet Serve Et Maine Sur Lie,Morrisons The Best Muscadet...75cl,£7.99,£7.99 per 75cl,"Buy 6, Save 25%",beer-wines-spirits
Morrisons The Best Napoleon Brandy ,Morrisons The Best Napoleon Brandy 70cl,£16.50,£23.57 per litre,,beer-wines-spirits
Morrisons The Best Negroamaro,Morrisons The Best Negroamaro75cl,£7,£7.00 per 75cl,"Buy 6, Save 25%",beer-wines-spirits
Morrisons The Best Oloroso Sherry,Morrisons The Best Oloroso Sherry37.5cl,£5.50,£11.00 per 75cl,"Offer price £5.50, was £6.50",beer-wines-spirits
Morrisons The Best Organic Montepulciano D'Abruzzo,Morrisons The Best Organic...75cl,£6.50,£6.50 per 75cl,"Buy 6, Save 25%",beer-wines-spirits
Morrisons The Best Peach & Orange Gin,Morrisons The Best Peach & Orange Gin70cl,£18,£25.71 per litre,,beer-wines-spirits
Morrisons The Best Pecorino ,Morrisons The Best Pecorino 75cl,£6,£6.00 per 75cl,"Buy 6, Save 25%",beer-wines-spirits
Morrisons The Best Pedro Ximenez ,Morrisons The Best Pedro Ximenez 37.5cl,£5.50,£11.00 per 75cl,"Offer price £5.50, was £6.50",beer-wines-spirits
Morrisons The Best Petit Chablis ,Morrisons The Best Petit Chablis 75cl,£14,£18.67 per litre,"Buy 6, Save 25%",beer-wines-spirits
Morrisons The Best Pineapple & Coconut Gin ,Morrisons The Best Pineapple & Coconut Gin 70cl,£18,£25.71 per litre,,beer-wines-spirits
Morrisons The Best Pinotage ,Morrisons The Best Pinotage 75cl,£5.99,£5.99 per 75cl,"Buy 6, Save 25%",beer-wines-spirits
Morrisons The Best Pinot Grigio,Morrisons The Best Pinot Grigio2.25L,£18,£8.00 per litre,,beer-wines-spirits
Morrisons The Best Pinot Grigio Alto Adige Doc ,Morrisons The Best Pinot Grigio Alto Adige Doc 75cl,£10,£10.00 per 75cl,"Buy 6, Save 25%",beer-wines-spirits
Morrisons The Best Pinot Grigio Rose,Morrisons The Best Pinot Grigio Rose75cl,£6.99,£6.99 per 75cl,"Buy 6, Save 25%",beer-wines-spirits
Morrisons The Best Pinot Gris ,Morrisons The Best Pinot Gris 75cl,£7.99,£7.99 per 75cl,"Buy 6, Save 25%",beer-wines-spirits
Morrisons The Best Pouilly Fume,Morrisons The Best Pouilly Fume75cl,£17,£17.00 per 75cl,"Buy 6, Save 25%",beer-wines-spirits
Morrisons The Best Primitivo ,Morrisons The Best Primitivo 75cl,£6.49,£6.49 per 75cl,"Buy 6, Save 25%",beer-wines-spirits
Morrisons The Best Prosecco DOC,Morrisons The Best Prosecco DOC75cl,£8,£8.00 per 75cl,"Buy 6, Save 25%",beer-wines-spirits
Morrisons The Best Prosecco Rose DOC ,Morrisons The Best Prosecco Rose DOC 75cl,£8,£8.00 per 75cl,"Buy 6, Save 25%",beer-wines-spirits
Morrisons The Best Prosecco Valdobbiadene DOCG ,Morrisons The Best Prosec...75cl,£8.99,£8.99 per 75cl,"Buy 6, Save 25%",beer-wines-spirits
Morrisons The Best Provence Rose ,Morrisons The Best Provence Rose 75cl,£7.99,£7.99 per 75cl,"Buy 6, Save 25%",beer-wines-spirits
Morrisons The Best Raspberries ,Morrisons The Best Raspberries 150g,£2.49,£16.60 per kg,Buy 2 for £4,beer-wines-spirits
Morrisons The Best Ribera Del Duero,Morrisons The Best Ribera Del Duero75cl,£8,£8.00 per 75cl,"Buy 6, Save 25%",beer-wines-spirits
Morrisons The Best Riesling,Morrisons The Best Riesling75cl,£8.50,£8.50 per 75cl,"Buy 6, Save 25%",beer-wines-spirits
Morrisons The Best Saint Emilion,Morrisons The Best Saint Emilion75cl,£14,£18.67 per litre,"Buy 6, Save 25%",beer-wines-spirits
Morrisons The Best Sancerre ,Morrisons The Best Sancerre 75cl,£17,£17.00 per 75cl,"Buy 6, Save 25%",beer-wines-spirits
Morrisons The Best Sauternes,Morrisons The Best Sauternes37.5cl,£12,£32.00 per litre,,beer-wines-spirits
Morrisons The Best Sauvignon Blanc,Morrisons The Best Sauvignon Blanc187ml,£2.50,£10.03 per 75cl,Buy 4 for the Price of 3,beer-wines-spirits
Morrisons The Best Scottish Raspberry & Rhubarb Gin,Morrisons The Best Scottish R...70cl,£18,£25.71 per litre,,beer-wines-spirits
Morrisons The Best Shiraz,Morrisons The Best Shiraz75cl,£5.99,£5.99 per 75cl,"Buy 6, Save 25%",beer-wines-spirits
Morrisons The Best Single Vineyard Pinot Noir,Morrisons The Best Single Vineyard Pinot Noir75cl,£8.99,£8.99 per 75cl,"Buy 6, Save 25%",beer-wines-spirits
Morrisons The Best Soave Classico,Morrisons The Best Soave Classico75cl,£5.99,£5.99 per 75cl,"Buy 6, Save 25%",beer-wines-spirits
Morrisons The Best South African Sauvignon Blanc,Morrisons The Best South African Sauvignon Blanc75cl,£6,£6.00 per 75cl,"Buy 6, Save 25%",beer-wines-spirits
Morrisons The Best Toscana,Morrisons The Best Toscana75cl,£8,£8.00 per 75cl,"Buy 6, Save 25%",beer-wines-spirits
Morrisons The Best Touraine Rose ,Morrisons The Best Touraine Rose 75cl,£6.99,£6.99 per 75cl,"Buy 6, Save 25%",beer-wines-spirits
Morrisons The Best Touraine Sauvignon,Morrisons The Best Touraine Sauvignon75cl,£9,£9.00 per 75cl,"Buy 6, Save 25%",beer-wines-spirits
Morrisons The Best Trentino Pinot Grigio,Morrisons The Best Trentino Pinot Grigio75cl,£6.49,£6.49 per 75cl,"Buy 6, Save 25%",beer-wines-spirits
Morrisons The Best Trentino Pinot Grigio Rose,Morrisons The Best Trentino Pinot Grigio Rose187ml,£2.50,£10.03 per 75cl,Buy 4 for the Price of 3,beer-wines-spirits
Morrisons The Best Uco Valley Malbec ,Morrisons The Best Uco Valley Malbec 75cl,£10,£10.00 per 75cl,"Buy 6, Save 25%",beer-wines-spirits
Morrisons The Best Valpolicella Ripasso,Morrisons The Best Valpolicella Ripasso75cl,£9,£9.00 per 75cl,"Buy 6, Save 25%",beer-wines-spirits
Morrisons The Best Verdeca Igp 2021,Morrisons The Best Verdeca Igp 202175cl,£6.49,£6.49 per 75cl,"Buy 6, Save 25%",beer-wines-spirits
Morrisons The Best Verdicchio ,Morrisons The Best Verdicchio 75cl,£7.25,£7.25 per 75cl,"Buy 6, Save 25%",beer-wines-spirits
Morrisons The Best Vinho Verde 'Loureiro' Wine,Morrisons The Best Vinho Verde 'Loureiro' Wine75cl,£6.49,£6.49 per 75cl,"Buy 6, Save 25%",beer-wines-spirits
Morrisons The Best Vinho Verde Rose,Morrisons The Best Vinho Verde Rose75cl,£8,£1.07 per 100ml,"Buy 6, Save 25%",beer-wines-spirits
Morrisons The Best Vintage Still Cider ,Morrisons The Best Vintage Still Cider 2.25L,£5.75,£2.56 per litre,,beer-wines-spirits
Morrisons The Best Vodka ,Morrisons The Best Vodka 70cl,£16,£22.86 per litre,,beer-wines-spirits
Morrisons The Best Vouvray ,Morrisons The Best Vouvray 75cl,£10,£10.00 per 75cl,"Buy 6, Save 25%",beer-wines-spirits
Morrisons The Best Western Australia Chardonnay ,Morrisons The Best Western...75cl,£7,£7.00 per 75cl,"Buy 6, Save 25%",beer-wines-spirits
Morrisons Unwaxed Lemons ,Morrisons Unwaxed Lemons 4 per pack,£1.15,28.8p each,,beer-wines-spirits
Morrisons Vermouth Bianco,Morrisons Vermouth Bianco1L,£6.29,£4.72 per 75cl,,beer-wines-spirits
Morrisons Vermouth Extra Dry,Morrisons Vermouth Extra Dry1L,£6.29,£4.72 per 75cl,,beer-wines-spirits
Morrisons Vermouth Rosso,Morrisons Vermouth Rosso1L,£6.29,£4.72 per 75cl,,beer-wines-spirits
Morrisons White Rum,Morrisons White Rum35cl,£5.75,£16.43 per litre,,beer-wines-spirits
Morrisons White Rum 50Cl Abv 37.5%,Morrisons White Rum 50Cl Abv 37.5%50cl,£9.50,£19.00 per litre,,beer-wines-spirits
Morrisons White Zinfandel,Morrisons White Zinfandel75cl,£4.89,£4.89 per 75cl,,beer-wines-spirits
Morrisons Woo Woo Cocktail ,Morrisons Woo Woo Cocktail 250ml,£1.09,£4.36 per litre,,beer-wines-spirits
Mortons OVD Rum,Mortons OVD Rum1L,£24,£24.00 per litre,,beer-wines-spirits
Most Wanted Albarino White Wine,Most Wanted Albarino White Wine75cl,£10,£10.00 per 75cl,"Buy 6, Save 25%",beer-wines-spirits
Most Wanted Chardonnay,Most Wanted Chardonnay75cl,£6,£8.00 per litre,"Buy 6, Save 25%",beer-wines-spirits
Most Wanted Malbec 75Cl,Most Wanted Malbec 75Cl75cl,£7.75,£10.33 per litre,"Buy 6, Save 25%",beer-wines-spirits
Most Wanted Pinot Grigio ,Most Wanted Pinot Grigio 75cl,£6,£6.00 per 75cl,"Buy 6, Save 25%",beer-wines-spirits
Most Wanted Pinot Grigio Fizz Cans,Most Wanted Pinot Grigio Fizz Cans200ml,£2.50,£9.38 per 75cl,,beer-wines-spirits
Most Wanted Shiraz,Most Wanted Shiraz75cl,£6,£8.00 per litre,"Buy 6, Save 25%",beer-wines-spirits
Mount Gay Eclipse Barbados Golden Rum,Mount Gay Eclipse Barbados Golden Rum70cl,£19,£27.14 per litre,"Offer price £19, was £21",beer-wines-spirits
Mucho Mas Black Label Red,Mucho Mas Black Label Red75cl,£6.50,£6.50 per 75cl,"Buy 6, Save 25%",beer-wines-spirits
Mucho Mas Rose ,Mucho Mas Rose 75cl,£7.50,£7.50 per 75cl,"Buy 6, Save 25%",beer-wines-spirits
Mud House Chile Rose ,Mud House Chile Rose 75cl,£9.50,£12.67 per litre,"Buy 6, Save 25%",beer-wines-spirits
Mud House Chile Sauvignon Blanc,Mud House Chile Sauvignon Blanc75cl,£9.50,£9.50 per 75cl,"Buy 6, Save 25%",beer-wines-spirits
Mud House Marlborough Sauvignon Blanc  ,Mud House Marlborough Sauvignon Blanc  75cl,£7,£7.00 per 75cl,"Buy 6, Save 25%",beer-wines-spirits
Mud House Sauvignon Blanc France,Mud House Sauvignon Blanc France75cl,£9,£1.20 per 100ml,"Buy 6, Save 25%",beer-wines-spirits
"Mumm Cordon Rouge Champagne Brut, Non-Vintage",Mumm Cordon Rouge Champag...75cl,£36,£36.00 per 75cl,,beer-wines-spirits
My Blu Blue Ice Liquid Pods 9mg,My Blu Blue Ice Liquid Pods 9mg,£5.99,,,beer-wines-spirits
My Blu Intense Starter Kit 18mg,My Blu Intense Starter Kit 18mg,£19.99,,,beer-wines-spirits
My Blu Mango Apricot Liquid Pods 9mg,My Blu Mango Apricot Liquid Pods 9mg,£5.99,,,beer-wines-spirits
Myton Hill Merlot,Myton Hill Merlot75cl,£4.25,£4.25 per 75cl,,beer-wines-spirits
Myton Hill Rose,Myton Hill Rose75cl,£4.19,£4.19 per 75cl,,beer-wines-spirits
Newcastle Brown Ale Bottle,Newcastle Brown Ale Bottle550ml,£2.30,£4.18 per litre,Buy 4 for the Price of 3,beer-wines-spirits
Newcastle Brown Ale Cans,Newcastle Brown Ale Cans4 x 500ml,£6,£3.00 per litre,Buy 2 for £10,beer-wines-spirits
Nordic Spirit Bergamot Wildberry Extra Strong 11MG,Nordic Spirit Bergamot Wild...,£5.50,,,beer-wines-spirits
Nordic Spirit Bergamot Wildberry Regular Nicotine Pouches,Nordic Spirit Bergamot Wildberry...20g,£5.50,£27.50 per 100g,,beer-wines-spirits
Nordic Spirit Bergamot Wildberry Strong,Nordic Spirit Bergamot Wildberry Strong20g,£5.50,£27.50 per 100g,,beer-wines-spirits
Nordic Spirit Elderfower Strong Nicotine Pouches ,Nordic Spirit Elderfower Strong Nicotine Pouches 20g,£5.50,£27.50 per 100g,,beer-wines-spirits
Nordic Spirit Mint Extra Strong Nicotine Pouches,Nordic Spirit Mint Extra Strong Nicotine Pouches,£5.50,,,beer-wines-spirits
Nordic Spirit Mint Regular Nicotine Pouches,Nordic Spirit Mint Regular Nicotine Pouches20g,£5.50,£27.50 per 100g,,beer-wines-spirits
Nordic Spirit Mint Regular Nicotine Pouches,Nordic Spirit Mint Regular Nicotine Pouches20g,£5.50,£27.50 per 100g,,beer-wines-spirits
Nordic Spirit Mint Strong Nicotine Pouches ,Nordic Spirit Mint Strong Nicotine Pouches 20g,£5.50,£27.50 per 100g,,beer-wines-spirits
Nordic Spirit Spearmint Extra Strong 20 Nicotine Pouches,Nordic Spirit Spearmint Extra S...,£5.50,,,beer-wines-spirits
North Brewing Co. Open Space East Coast Ipa ,North Brewing Co. Open Space East Coast Ipa 440ml,£3,£6.82 per litre,Buy 4 for the Price of 3,beer-wines-spirits
North Brewing Co. Pinata Pale Ale,North Brewing Co. Pinata Pale Ale440ml,£2.50,£5.68 per litre,Buy 4 for the Price of 3,beer-wines-spirits
North Brewing Co. Sputnik Pale Ale ,North Brewing Co. Sputnik Pale Ale 4 x 330ml,£6,£4.55 per litre,Buy 2 for £10,beer-wines-spirits
North Brewing Co. Transmission Ipa ,North Brewing Co. Transmission Ipa 440ml,£3.50,£7.95 per litre,Buy 4 for the Price of 3,beer-wines-spirits
Northern Monk Alcohol Free Holy Faith Hazy Pale Ale ,Northern Monk Alcohol Free Ho...330ml,£2,£6.06 per litre,Buy 4 for the Price of 3,beer-wines-spirits
Northern Monk Chocolate Vanilla & Maple Imperial Stout,Northern Monk Chocolate Vanilla...440ml,£5,£1.14 per 100ml,Buy 4 for the Price of 3,beer-wines-spirits
Northern Monk Eternal Session IPA,Northern Monk Eternal Session IPA4 x 330ml,£6.75,£5.11 per litre,,beer-wines-spirits
Northern Monk Faith Hazy Pale Ale,Northern Monk Faith Hazy Pale Ale440ml,£2.75,£6.25 per litre,Buy 4 for the Price of 3,beer-wines-spirits
Northern Monk Faith Hazy Pale Ale,Northern Monk Faith Hazy Pale Ale12 x 330ml,£15,37.9p per 100ml,,beer-wines-spirits
Northern Monk Faith Modern Pale Ale,Northern Monk Faith Modern Pale Ale4 x 330ml,£6.75,£5.11 per litre,,beer-wines-spirits
Northern Monk Heathen Hazy IPA,Northern Monk Heathen Hazy IPA440ml,£4.25,96.6p per 100ml,Buy 4 for the Price of 3,beer-wines-spirits
Northern Monk Holy Faith Alcohol Free Hazy Pale Ale,Northern Monk Holy Faith Alco...4 x 330ml,£5.50,£4.17 per litre,Buy 2 for £10,beer-wines-spirits
Northern Monk Northern Star Chocolate Caramel Biscuit Porter,Northern Monk Northern Star Chocola...440ml,£3.25,73.9p per 100ml,Buy 4 for the Price of 3,beer-wines-spirits
Northern Monk Order Of The North Ddh ,Northern Monk Order Of The North Ddh 440ml,£4.25,£9.66 per litre,Buy 4 for the Price of 3,beer-wines-spirits
Northern Monk Sunrising Grapefruit IPA,Northern Monk Sunrising Grapefruit IPA330ml,£1,30.3p per 100ml,"Offer price £1, was £2.50",beer-wines-spirits
Northern Monk Transient Hazy IPA,Northern Monk Transient Hazy IPA440ml,£3.75,£8.52 per litre,Buy 4 for the Price of 3,beer-wines-spirits
Northern Monk Tropical Faith Twist Edition,Northern Monk Tropical Faith Twist Edition440ml,£3.25,£7.39 per litre,Buy 4 for the Price of 3,beer-wines-spirits
Northern Monk Uprising Ipa,Northern Monk Uprising Ipa440ml,£3.25,£7.39 per litre,Buy 4 for the Price of 3,beer-wines-spirits
Nozeco Alcohol Free,Nozeco Alcohol Free75cl,£3,£3.00 per 75cl,,beer-wines-spirits
Nozeco Rose Spumante Alcohol Free,Nozeco Rose Spumante Alcohol Free75cl,£3,£3.00 per 75cl,,beer-wines-spirits
Nzo Blackcurnt Ice 6Mg,Nzo Blackcurnt Ice 6Mg,£2.50,,,beer-wines-spirits
Nzo Blackcurnt Lemon 12Mg,Nzo Blackcurnt Lemon 12Mg,£2.50,,,beer-wines-spirits
Nzo Blackcurrant Lemon 6Mg,Nzo Blackcurrant Lemon 6Mg,£2.50,,,beer-wines-spirits
Nzo Blakcurrant Ice 12Mg,Nzo Blakcurrant Ice 12Mg,£2.50,,,beer-wines-spirits
Nzo Blueberry 12Mg,Nzo Blueberry 12Mg,£2.50,,,beer-wines-spirits
Nzo Blueberry 6Mg,Nzo Blueberry 6Mg,£2.50,,,beer-wines-spirits
Nzo Menthol 12Mg,Nzo Menthol 12Mg,£2.50,,,beer-wines-spirits
Nzo Menthol E-Liquid 6Mg,Nzo Menthol E-Liquid 6Mg,£2.50,,,beer-wines-spirits
Nzo Mixed Berry Menthol 12Mg,Nzo Mixed Berry Menthol 12Mg,£2.50,,,beer-wines-spirits
Nzo Mixed Berry Menthol 6Mg,Nzo Mixed Berry Menthol 6Mg,£2.50,,,beer-wines-spirits
Nzo Novo Banana Ice 20Mg,Nzo Novo Banana Ice 20Mg,£5.49,,,beer-wines-spirits
Nzo Novo Blueberry 20Mg,Nzo Novo Blueberry 20Mg,£5.49,,,beer-wines-spirits
Nzo Novo Grape 20Mg,Nzo Novo Grape 20Mg,£5.49,,,beer-wines-spirits
Nzo Novo Mango 20Mg,Nzo Novo Mango 20Mg,£5.49,,,beer-wines-spirits
Nzo Novo Peach Ice 20Mg,Nzo Novo Peach Ice 20Mg,£5.49,,,beer-wines-spirits
Nzo Novo Pink Lemonade 20Mg,Nzo Novo Pink Lemonade 20Mg,£5.49,,,beer-wines-spirits
Nzo Novo Strawberry Ice 20Mg,Nzo Novo Strawberry Ice 20Mg,£5.49,,,beer-wines-spirits
Nzo Novo Watermelon Ice 20Mg,Nzo Novo Watermelon Ice 20Mg,£5.49,,,beer-wines-spirits
Oakham Citra ,Oakham Citra 500ml,£2,£4.00 per litre,Buy 4 for the Price of 3,beer-wines-spirits
Oakham Inferno Ale ,Oakham Inferno Ale 500ml,£2,£4.00 per litre,Buy 4 for the Price of 3,beer-wines-spirits
OCB Organic Hemp Slim Papers & Filters,OCB Organic Hemp Slim Papers & Filters32 per pack,£1.70,5.3p each,,beer-wines-spirits
OCB Virgin Unbleached Slim Papers & Filters,OCB Virgin Unbleached Slim Papers & Filters32 per pack,£1.75,5.5p each,,beer-wines-spirits
Odette Mediterrannee Rose,Odette Mediterrannee Rose75cl,£8.50,£8.50 per 75cl,"Buy 6, Save 25%",beer-wines-spirits
Ogier Heritage Cotes Dr ,Ogier Heritage Cotes Dr 75cl,£8.50,£8.50 per 75cl,"Buy 6, Save 25%",beer-wines-spirits
Ok E-Cig Rechargeable Starter Kit Tobacco Flavour,Ok E-Cig Rechargeable Start...,£7.40,,,beer-wines-spirits
Ok Vape Blackcurrant Premium E-Liquid 6mg,Ok Vape Blackcurrant Premium E-Liquid 6mg,£4,,,beer-wines-spirits
Ok Vape Iced Menthol Premium E-Liquid 3mg ,Ok Vape Iced Menthol Premium E-Liquid 3mg 10ml,£4,£40.00 per 100ml,,beer-wines-spirits
Ok Vape Menthol High E-Cigarette Refills 18mg ,Ok Vape Menthol High E-Cigarette Refills 18mg 5 per pack,£5.85,£1.17 each,,beer-wines-spirits
Ok Vape Menthol Medium E-Cigarette Refills 12mg ,Ok Vape Menthol Medium E-Cigarette Refills 12mg 5 per pack,£5.85,£1.17 each,,beer-wines-spirits
Ok Vape Pear Punch Premium E-Liquid 6mg,Ok Vape Pear Punch Premium E-Liquid 6mg,£4,,,beer-wines-spirits
Ok Vape Strawberry Splash Premium E-Liquid 6mg,Ok Vape Strawberry Splash...,£4,,,beer-wines-spirits
Ok Vape Sweet Anise & Menthol Premium E-Liquid 6mg,Ok Vape Sweet Anise & Menth...,£4,,,beer-wines-spirits
Ok Vape Tobacco High E-Cigarette Refills 18mg ,Ok Vape Tobacco High E-Cigarette Refills 18mg 5 per pack,£5.85,£1.17 each,,beer-wines-spirits
Ok Vape Tobacco Medium E-Cigarette Refills 12mg ,Ok Vape Tobacco Medium E-Cigarette Refills 12mg 5 per pack,£5.85,£1.17 each,,beer-wines-spirits
Old Holborn Original Rolling Tobacco,Old Holborn Original Rolling Tobacco30g,£21.70,£72.33 per 100g,,beer-wines-spirits
Old Holborn Origina Rolling Tobacco ,Old Holborn Origina Rolling Tobacco 50g,£36,£72.00 per 100g,,beer-wines-spirits
Old Moor Porter  ,Old Moor Porter  500ml,£2.25,£4.50 per litre,Buy 4 for the Price of 3,beer-wines-spirits
Old Mout Cider Berries & Cherries Bottle,Old Mout Cider Berries & Cherries Bottle500ml,£2.70,54p per 100ml,Buy 3 for £5.50,beer-wines-spirits
Old Mout Cider Kiwi & Lime Bottle,Old Mout Cider Kiwi & Lime Bottle500ml,£2.70,£5.40 per litre,Buy 3 for £5.50,beer-wines-spirits
Old Mout Cider Kiwi & Lime Cans,Old Mout Cider Kiwi & Lime Cans10 x 330ml,£12,£3.64 per litre,Buy 2 for £16,beer-wines-spirits
Old Mout Cider Pineapple & Raspberry,Old Mout Cider Pineapple & Raspberry500ml,£2.70,£5.40 per litre,Buy 3 for £5.50,beer-wines-spirits
Old Mout Cider Pineapple & Raspberry Alcohol Free,Old Mout Cider Pineapple & Raspberry Alcohol Free500ml,£2,£4.00 per litre,,beer-wines-spirits
Old Mout Cider Pineapple & Raspberry Cans,Old Mout Cider Pineapple & Raspberry Cans10 x 330ml,£12,£3.64 per litre,Buy 2 for £16,beer-wines-spirits
Old Mout Cider Strawberry & Apple,Old Mout Cider Strawberry & Apple10 x 330ml,£12,£3.64 per litre,Buy 2 for £16,beer-wines-spirits
Old Mout Cider Strawberry & Apple ,Old Mout Cider Strawberry & Apple 500ml,£2.70,£5.40 per litre,Buy 3 for £5.50,beer-wines-spirits
Old Mout Cider Watermelon & Lime,Old Mout Cider Watermelon & Lime500ml,£2.70,£5.40 per litre,Buy 3 for £5.50,beer-wines-spirits
Old Pulteney 12 Year Old Malt Single Malt Scotch Whisky ,Old Pulteney 12 Year Old Malt S...70cl,£25,£35.71 per litre,,beer-wines-spirits
Old Speckled Hen,Old Speckled Hen4 x 500ml,£5,25p per 100ml,,beer-wines-spirits
Old Speckled Hen,Old Speckled Hen500ml,£2,40p per 100ml,Buy 4 for the Price of 3,beer-wines-spirits
Old Speckled Hen,Old Speckled Hen10 x 440ml,£11,25p per 100ml,,beer-wines-spirits
Old Westminster Cream Fortified British Wine,Old Westminster Cream Fortified British Wine70cl,£4.25,£4.55 per 75cl,,beer-wines-spirits
Old Westminster Pale Cream ,Old Westminster Pale Cream 70cl,£4.25,£4.55 per 75cl,,beer-wines-spirits
Olmeca Altos 100% Agave Plata Tequila (Abv 38%),Olmeca Altos 100% Agave P...70cl,£23.50,£33.57 per litre,,beer-wines-spirits
Opihr Oriental Spiced London Dry Gin,Opihr Oriental Spiced London Dry Gin70cl,£19.50,£27.86 per litre,"Offer price £19.50, was £23",beer-wines-spirits
Orchard Pig Reveller Cider,Orchard Pig Reveller Cider500ml,£2.35,£4.70 per litre,Buy 3 for £5.50,beer-wines-spirits
Orchard Pig Truffler Dry Cider ,Orchard Pig Truffler Dry Cider 500ml,£2.35,£4.70 per litre,Buy 3 for £5.50,beer-wines-spirits
Orchards Peach Schnapps,Orchards Peach Schnapps70cl,£7.75,£11.07 per litre,,beer-wines-spirits
Ortense Pinot Grigio Terre Di Chieti,Ortense Pinot Grigio Terre Di Chieti75cl,£5.25,£5.25 per 75cl,,beer-wines-spirits
Ortense Pinot Grigio Terre Di Chieti,Ortense Pinot Grigio Terre Di Chieti2.25L,£13,£5.78 per litre,"Offer price £13, was £13.50",beer-wines-spirits
Otter Ale ,Otter Ale 500ml,£2,£4.00 per litre,Buy 4 for the Price of 3,beer-wines-spirits
Otter Bright   ,Otter Bright   500ml,£2,£4.00 per litre,Buy 4 for the Price of 3,beer-wines-spirits
Ouzo Pelagos,Ouzo Pelagos70cl,£17,£24.29 per litre,,beer-wines-spirits
Oxford Landing Chardonnay,Oxford Landing Chardonnay75cl,£6,£6.00 per 75cl,"Buy 6, Save 25%",beer-wines-spirits
Oxford Landing Sauvignon Blanc,Oxford Landing Sauvignon Blanc75cl,£7,£7.00 per 75cl,"Buy 6, Save 25%",beer-wines-spirits
Oyster Bay Chardonnay,Oyster Bay Chardonnay75cl,£10.50,£10.50 per 75cl,"Buy 6, Save 25%",beer-wines-spirits
Oyster Bay Merlot,Oyster Bay Merlot75cl,£9,£9.00 per 75cl,"Buy 6, Save 25%",beer-wines-spirits
Oyster Bay Sauvignon Blanc,Oyster Bay Sauvignon Blanc75cl,£8,£8.00 per 75cl,"Buy 6, Save 25%",beer-wines-spirits
Paddy Irish Whiskey,Paddy Irish Whiskey70cl,£21,£30.00 per litre,,beer-wines-spirits
Pale Fox Single Estate Prosecco Gift Box ,Pale Fox Single Estate Prosecco Gift Box 75cl,£24,£24.00 per 75cl,"Buy 6, Save 25%",beer-wines-spirits
Pallini Limoncello Liqueur ,Pallini Limoncello Liqueur 50cl,£12.50,£25.00 per litre,,beer-wines-spirits
Pall Mall Fine Cut Tobacco ,Pall Mall Fine Cut Tobacco 30g,£17.60,£58.67 per 100g,,beer-wines-spirits
Pall Mall Flow Blue King Size Cigarettes,Pall Mall Flow Blue King Size Cigarettes20 per pack,£10.65,53.3p each,,beer-wines-spirits
Pall Mall Flow Blue Superkings Cigarettes,Pall Mall Flow Blue Superkings Cigarettes20 per pack,£10.65,53.3p each,,beer-wines-spirits
Pall Mall Flow Red King Size Cigarettes,Pall Mall Flow Red King Size Cigarettes20 per pack,£10.65,53.3p each,,beer-wines-spirits
Pall Mall Flow Red Superkings Cigarettes,Pall Mall Flow Red Superkings Cigarettes20 per pack,£10.65,53.3p each,,beer-wines-spirits
Pall Mall Shift Blue King Size Cigarettes,Pall Mall Shift Blue King Size Cigarettes20 per pack,£12,60p each,,beer-wines-spirits
Pall Mall Shift Cigarettes,Pall Mall Shift Cigarettes20 per pack,£10.50,52.5p each,,beer-wines-spirits
Pall Mall Shift XL Cigarettes,Pall Mall Shift XL Cigarettes23 per pack,£11.50,50p each,,beer-wines-spirits
Panama Thin Panatellas Cigars,Panama Thin Panatellas Cigars6 per pack,£8.10,£1.35 each,,beer-wines-spirits
Parrilla By Vinalba Malbec ,Parrilla By Vinalba Malbec 75cl,£10,£10.00 per 75cl,"Buy 6, Save 25%",beer-wines-spirits
Passoa Passion Fruit Liqueur,Passoa Passion Fruit Liqueur70cl,£12.50,£17.86 per litre,,beer-wines-spirits
Pata Negra Toro Roble,Pata Negra Toro Roble75cl,£7,£7.00 per 75cl,"Buy 6, Save 25%",beer-wines-spirits
Paulaner Weissbier,Paulaner Weissbier500ml,£2.75,£5.50 per litre,Buy 4 for the Price of 3,beer-wines-spirits
Paul Mas Reserve Pinot Noir,Paul Mas Reserve Pinot Noir75cl,£7.50,£7.50 per 75cl,"Buy 6, Save 25%",beer-wines-spirits
Penasol Sangria (Abv 5%),Penasol Sangria (Abv 5%)1L,£3.45,£3.45 per litre,,beer-wines-spirits
Penderyn Single Malt Legend,Penderyn Single Malt Legend70cl,£33,£47.14 per litre,,beer-wines-spirits
Penderyn Single Malt Welsh Whiskey ,Penderyn Single Malt Welsh Whiskey 70cl,£35,£50.00 per litre,,beer-wines-spirits
Penfolds Bin 8 Shiraz Cabernet,Penfolds Bin 8 Shiraz Cabernet75cl,£21,£21.00 per 75cl,"Buy 6, Save 25%",beer-wines-spirits
Penfolds Koonunga Hill Chardonnay,Penfolds Koonunga Hill Chardonnay75cl,£8.50,£8.50 per 75cl,"Buy 6, Save 25%",beer-wines-spirits
Penfolds Koonunga Hill Shiraz Cabernet,Penfolds Koonunga Hill Shiraz Cabernet75cl,£10,£13.33 per litre,"Buy 6, Save 25%",beer-wines-spirits
Pepsi Max No Sugar,Pepsi Max No Sugar24 x 330ml,£9.50,12p per 100ml,,beer-wines-spirits
Pernod Aniseed Liqueur,Pernod Aniseed Liqueur70cl,£20.50,£29.29 per litre,,beer-wines-spirits
Peroni Bottles 5% Abv,Peroni Bottles 5% Abv18 x 330ml,£25,42.1p per 100ml,,beer-wines-spirits
Peroni Gran Riserva Birra Doppio Malto (Abv 6.6%),Peroni Gran Riserva Birra Doppio Malto (Abv 6.6%)500ml,£2.65,£5.30 per litre,Buy 4 for the Price of 3,beer-wines-spirits
Peroni Nastro Azzurro,Peroni Nastro Azzurro620ml,£2.60,£4.19 per litre,Buy 4 for the Price of 3,beer-wines-spirits
Peroni Nastro Azzurro,Peroni Nastro Azzurro10 x 330ml,£11,33.3p per 100ml,,beer-wines-spirits
Peroni Nastro Azzurro Alcohol Free,Peroni Nastro Azzurro Alcohol Free4 x 330ml,£3.99,£3.02 per litre,,beer-wines-spirits
Peroni Nastro Azzurro Bottles,Peroni Nastro Azzurro Bottles4 x 330ml,£6,£4.54 per litre,"Offer price £6, was £7",beer-wines-spirits
Peroni Nastro Azzurro Gluten Free Bottles,Peroni Nastro Azzurro Gluten Free Bottles4 x 330ml,£6,£4.54 per litre,"Offer price £6, was £7",beer-wines-spirits
Piccini Appassimento Leggero,Piccini Appassimento Leggero75cl,£6.50,£6.50 per 75cl,"Buy 6, Save 25%",beer-wines-spirits
Piccini Costa Toscana Organic Rose,Piccini Costa Toscana Organic Rose75cl,£8,£10.67 per litre,"Buy 6, Save 25%",beer-wines-spirits
Piccini Memoro Red              ,Piccini Memoro Red              75cl,£7,£7.00 per 75cl,"Buy 6, Save 25%",beer-wines-spirits
Pilsner Urquell,Pilsner Urquell500ml,£2,£4.00 per litre,Buy 4 for the Price of 3,beer-wines-spirits
Pimms No1,Pimms No11L,£22,£22.00 per litre,,beer-wines-spirits
Pimm's No. 1 Original ,Pimm's No. 1 Original 70cl,£16.50,£23.57 per litre,,beer-wines-spirits
Pimm's No.1 Original & Lemonade,Pimm's No.1 Original & Lemonade250ml,£2.25,£9.00 per litre,Buy 4 for £6,beer-wines-spirits
Pink 47 Diamond Crystal Clear London Dry Gin ,Pink 47 Diamond Crystal Clear London Dry Gin 70cl,£22,£31.43 per litre,,beer-wines-spirits
Pinot Grigio,Pinot Grigio2.25L,£12.99,£5.77 per litre,,beer-wines-spirits
Players Bright Cigarettes,Players Bright Cigarettes20 per pack,£10.90,54.5p each,,beer-wines-spirits
Players Bright Superkings Cigarettes,Players Bright Superkings Cigarettes20 per pack,£10.90,54.5p each,,beer-wines-spirits
Players Easy Rolling Tobacco ,Players Easy Rolling Tobacco 50g,£23.85,£47.70 per 100g,,beer-wines-spirits
Players Easy Rolling Tobacco Includes Cigarette Papers,Players Easy Rolling Tobacco In...30g,£14.55,£48.50 per 100g,,beer-wines-spirits
Players Green Filter Superkings Cigarettes,Players Green Filter Superkings Cigarettes20 per pack,£10.90,54.5p each,,beer-wines-spirits
Players New Crush Cigarettes,Players New Crush Cigarettes20 per pack,£10.90,54.5p each,,beer-wines-spirits
Players Real Red Cigarettes,Players Real Red Cigarettes20 per pack,£10.90,54.5p each,,beer-wines-spirits
Players Real Red Cigarettes Multipack,Players Real Red Cigarettes Multipack5 x 20 per pack,£54.25,54.3p each,,beer-wines-spirits
Players Real Red Superkings Cigarettes,Players Real Red Superkings Cigarettes20 per pack,£10.90,54.5p each,,beer-wines-spirits
Players Real Red Superkings Cigarettes Multipack,Players Real Red Superkings...5 x 20 per pack,£54.25,54.3p each,,beer-wines-spirits
Players Volume Tobacco Can,Players Volume Tobacco Can50g,£31.70,£63.40 per 100g,,beer-wines-spirits
Ploom EVO Emerald Tobacco Sticks ,Ploom EVO Emerald Tobacco Sticks ,£4.50,,,beer-wines-spirits
Ploom Evo Fod Green,Ploom Evo Fod Green,£4.50,,,beer-wines-spirits
Ploom Evo Fod Purple,Ploom Evo Fod Purple,£4.50,,,beer-wines-spirits
Ploom EVO Sepia Tobacco Sticks ,Ploom EVO Sepia Tobacco Sticks ,£4.50,,,beer-wines-spirits
Ploom Gen3 EVO Sticks Magenta,Ploom Gen3 EVO Sticks Magenta3 per pack,£4.50,£1.50 each,,beer-wines-spirits
Ploom Refill Stick EVO Bronze,Ploom Refill Stick EVO Bronze,£4.50,,,beer-wines-spirits
Ploom X - Black Device,Ploom X - Black Device,£25,,,beer-wines-spirits
Plymouth The Original Strength English Gin,Plymouth The Original Strength English Gin70cl,£26.50,£37.86 per litre,,beer-wines-spirits
Pod Salt Go 600 Banana Ice 20mg,Pod Salt Go 600 Banana Ice 20mg,£5.49,,,beer-wines-spirits
Pod Salt Go 600 Energy 20mg,Pod Salt Go 600 Energy 20mg,£5.49,,,beer-wines-spirits
Pod Salt Go 600 Grape Ice 20mg,Pod Salt Go 600 Grape Ice 20mg,£5.49,,,beer-wines-spirits
Pod Salt Go 600 Orange Ice 20mg,Pod Salt Go 600 Orange Ice 20mg,£5.49,,,beer-wines-spirits
Pod Salt Go 600 Pink Lemonade 20mg,Pod Salt Go 600 Pink Lemonade 20mg,£5.49,,,beer-wines-spirits
Pollys Brew Co. DDH Pale Ale,Pollys Brew Co. DDH Pale Ale440ml,£3.50,79.5p per 100ml,Buy 4 for the Price of 3,beer-wines-spirits
Poppell Flint Lighter (CR),Poppell Flint Lighter (CR),£1.45,,,beer-wines-spirits
Porta 6 Red,Porta 6 Red75cl,£7,£7.00 per 75cl,"Buy 6, Save 25%",beer-wines-spirits
Prestige de Calvet Cotes Du Rhone Grenache-Syrah,Prestige de Calvet Cotes Du...75cl,£7,£9.33 per litre,"Buy 6, Save 25%",beer-wines-spirits
Primo Vere Pinot Grigio     ,Primo Vere Pinot Grigio     75cl,£6.75,£6.75 per 75cl,Buy 2 for £10,beer-wines-spirits
Purity Brewing Co. Mad Goose Pale Ale,Purity Brewing Co. Mad Goose Pale Ale500ml,£2.25,£4.50 per litre,Buy 4 for the Price of 3,beer-wines-spirits
Purity Brewing Co. Pure Gold Premium Golden Ale,Purity Brewing Co. Pure Gold Premium Golden Ale500ml,£2.25,£4.50 per litre,Buy 4 for the Price of 3,beer-wines-spirits
QBar Blue Burst 20mg,QBar Blue Burst 20mg,£5.99,,,beer-wines-spirits
QBar Cherry Fizz 20mg,QBar Cherry Fizz 20mg,£5.99,,,beer-wines-spirits
QBar Grape Ice 20mg,QBar Grape Ice 20mg,£5.99,,,beer-wines-spirits
QBar Strawberry & Blueberry Ice 20mg,QBar Strawberry & Blueberry Ice 20mg,£5.99,,,beer-wines-spirits
QBar Watermelon Ice 20mg,QBar Watermelon Ice 20mg,£5.99,,,beer-wines-spirits
QC Cream,QC Cream70cl,£4.79,£5.13 per 75cl,,beer-wines-spirits
Radacini Blanc De Noirs,Radacini Blanc De Noirs75cl,£6,£6.00 per 75cl,"Buy 6, Save 25%",beer-wines-spirits
Rattler Cyder 6%,Rattler Cyder 6%8 x 330ml,£12,45.5p per 100ml,,beer-wines-spirits
Rattler Pear Cyder,Rattler Pear Cyder500ml,£2.30,£4.60 per litre,Buy 3 for £5.50,beer-wines-spirits
Red Leg Spiced Rum ,Red Leg Spiced Rum 70cl,£16,£22.86 per litre,"Offer price £16, was £20",beer-wines-spirits
Regal Blue Cigarettes,Regal Blue Cigarettes20 per pack,£15.15,75.8p each,,beer-wines-spirits
Regal Blue Cigarettes Multipack,Regal Blue Cigarettes Multipack5 x 20 per pack,£75.75,75.8p each,,beer-wines-spirits
Regal Filter Cigarettes,Regal Filter Cigarettes20 per pack,£15.15,75.8p each,,beer-wines-spirits
Reino De La Vina Rioja,Reino De La Vina Rioja75cl,£6.75,£6.75 per 75cl,Buy 2 for £10,beer-wines-spirits
RELX Bubblemon Disposable Banana Coconut 19MG,RELX Bubblemon Disposable...2ml,£4.99,£24.95 per 10ml,,beer-wines-spirits
RELX Bubblemon Disposable Berry Ice 19MG,RELX Bubblemon Dispos...2ml,£4.99,£24.95 per 10ml,,beer-wines-spirits
RELX Bubblemon Disposable Black Currant Grape 19MG,RELX Bubblemon Disposable B...2ml,£4.99,£24.95 per 10ml,,beer-wines-spirits
RELX Bubblemon Disposable Bluecurrant 19MG,RELX Bubblemon Disposab...2ml,£4.99,£24.95 per 10ml,,beer-wines-spirits
RELX Bubblemon Disposable Green Apple Kiwi 19MG,RELX Bubblemon Disposable...2ml,£4.99,£24.95 per 10ml,,beer-wines-spirits
RELX Bubblemon Disposable Raspberry Grape 19MG,RELX Bubblemon Disposable...2ml,£4.99,£24.95 per 10ml,,beer-wines-spirits
RELX Bubblemon Disposable Strawberry Watermelon 19MG,RELX Bubblemon Disposable Str...2ml,£4.99,£24.95 per 10ml,,beer-wines-spirits
RELX Bubblemon Disposable Watermelon 19MG,RELX Bubblemon Dispos...2ml,£4.99,£24.95 per 10ml,,beer-wines-spirits
Relx Essential Device Blue Glow 18mg,Relx Essential Device Blue Glow 18mg,£9.99,,,beer-wines-spirits
Relx Essential Device White 18mg,Relx Essential Device White 18mg,£9.99,,,beer-wines-spirits
Relx Essential Starter Kit Blue Gems 18mg,Relx Essential Starter Kit Blue Gems 18mg,£8.99,,,beer-wines-spirits
Relx Essential Starter Kit Fresh Red 18mg,Relx Essential Starter Kit Fresh Red 18mg,£8.99,,,beer-wines-spirits
Relx Pod Black Twist 18mg,Relx Pod Black Twist 18mg,£5.99,,,beer-wines-spirits
Relx Pod Blue Gems 18mg,Relx Pod Blue Gems 18mg,£5.99,,,beer-wines-spirits
Relx Pod Double Peppermint 18mg,Relx Pod Double Peppermint 18mg,£5.99,,,beer-wines-spirits
Relx Pod Fresh Red 18mg,Relx Pod Fresh Red 18mg,£5.99,,,beer-wines-spirits
Relx Pod Gardens Heart 18mg,Relx Pod Gardens Heart 18mg,£5.99,,,beer-wines-spirits
Relx Pod Golden Tobacco 18mg,Relx Pod Golden Tobacco 18mg,£5.99,,,beer-wines-spirits
Relx Pod Raspy Ruby 18mg,Relx Pod Raspy Ruby 18mg,£5.99,,,beer-wines-spirits
Relx Pod Ruby Zest 18mg,Relx Pod Ruby Zest 18mg,£5.99,,,beer-wines-spirits
Relx Pod Tangy Purple 18mg,Relx Pod Tangy Purple 18mg,£5.99,,,beer-wines-spirits
Relx Pod Zesty Menthol 18mg,Relx Pod Zesty Menthol 18mg,£5.99,,,beer-wines-spirits
Remy Martin VSOP Cognac Fine Champagne,Remy Martin VSOP Cognac Fine Champagne70cl,£40,£57.14 per litre,,beer-wines-spirits
Richmond Bright Superkings Cigarettes,Richmond Bright Superkings Cigarettes20 per pack,£10.65,53.3p each,,beer-wines-spirits
Richmond Green Filter Superkings Cigarettes,Richmond Green Filter Superkings Cigarettes20 per pack,£10.65,53.3p each,,beer-wines-spirits
Richmond Green Filter Superkings Cigarettes Multipack,Richmond Green Filter Superki...5 x 20 per pack,£53.20,53.2p each,,beer-wines-spirits
Richmond Original Cigarettes,Richmond Original Cigarettes20 per pack,£10.65,53.3p each,,beer-wines-spirits
Richmond Original Cigarettes Multipack,Richmond Original Cigarettes Multipack5 x 20 per pack,£53.20,53.2p each,,beer-wines-spirits
Richmond Original Superkings Cigarettes,Richmond Original Superkings Cigarettes20 per pack,£10.65,53.3p each,,beer-wines-spirits
Riffle Thornbridge Collaboration West Coast Ipa ,Riffle Thornbridge Collabor...440ml,£3,£6.82 per litre,Buy 4 for the Price of 3,beer-wines-spirits
Rigal Vin Orange 75Cl,Rigal Vin Orange 75Cl75cl,£7,£7.00 per 75cl,"Buy 6, Save 25%",beer-wines-spirits
Ringwood Boondoggle Craft Blonde Ale,Ringwood Boondoggle Craft Blonde Ale500ml,£2,£4.00 per litre,Buy 4 for the Price of 3,beer-wines-spirits
Riverstone Easy Rolling Tobacco Includes Cigarette Papers,Riverstone Easy Rolling Tobacco I...50g,£23.85,£47.70 per 100g,,beer-wines-spirits
Riverstone Easy Rolling Tobacco Includes Cigarette Papers,Riverstone Easy Rolling Tobacco I...30g,£14.55,£48.50 per 100g,,beer-wines-spirits
Rizla Blue Papers,Rizla Blue Papers50 per pack,50p,1p each,,beer-wines-spirits
Rizla Fresh Mint Flavour Infusion Card,Rizla Fresh Mint Flavour Infusion Card,75p,,,beer-wines-spirits
Rizla Green Papers,Rizla Green Papers,50p,,,beer-wines-spirits
Rizla Green Papers Multipack,Rizla Green Papers Multipack5 x 50 per pack,£1.80,0.7p each,,beer-wines-spirits
Rizla Kingsize Slim Blue,Rizla Kingsize Slim Blue32 per pack,£1.10,3.4p each,,beer-wines-spirits
Rizla Kingsize Slim Silver Papers,Rizla Kingsize Slim Silver Papers32 per pack,£1.10,3.4p each,,beer-wines-spirits
Rizla Liquorice Papers,Rizla Liquorice Papers50 per pack,60p,1.2p each,,beer-wines-spirits
Rizla Menthol Chill Flavour Infusion Card,Rizla Menthol Chill Flavour Infusion Card,75p,,,beer-wines-spirits
Rizla Silver Papers,Rizla Silver Papers50 per pack,60p,1.2p each,,beer-wines-spirits
Rizla Slim Thin Silver Kingsize Combi,Rizla Slim Thin Silver Kingsize Combi50 per pack,£1.30,2.6p each,,beer-wines-spirits
Robinsons Brewery Iron Maiden Trooper Premium British Beer Bottle,Robinsons Brewery Iron Maiden Trooper...500ml,£2.25,£4.50 per litre,Buy 4 for the Price of 3,beer-wines-spirits
Robinsons Old Tom Premium Ale,Robinsons Old Tom Premium Ale330ml,£2.35,71.2p per 100ml,Buy 4 for the Price of 3,beer-wines-spirits
Rockstar Pineapple Grenade Spiced Rum (65% ABV),Rockstar Pineapple Grenad...50cl,£32,£64.00 per litre,,beer-wines-spirits
Rockstar Two Swallows Cherry & Salted Caramel ,Rockstar Two Swallows Cherry & Salted Caramel 50cl,£25,£50.00 per litre,,beer-wines-spirits
Rockstar Two Swallows Citrus & Salted Caramel ,Rockstar Two Swallows Citrus & Salted Caramel 50cl,£25,£50.00 per litre,,beer-wines-spirits
Roku Gin The Japanese Craft Gin ,Roku Gin The Japanese Craft Gin 700ml,£25,£35.72 per litre,"Offer price £25, was £30",beer-wines-spirits
Ron Flor De Cana Centenario Single Estate Rum 12 Slow Aged ,Ron Flor De Cana Centenario Singl...70cl,£40,£57.14 per litre,,beer-wines-spirits
Ron Flor De Cana Centenario Single Estate Rum 18 Slow Aged ,Ron Flor De Cana Centenario Singl...70cl,£55,£78.57 per litre,,beer-wines-spirits
Roosters Baby Faced Assassin India Pale Ale,Roosters Baby Faced Assassin India Pale Ale330ml,£2,£6.06 per litre,Buy 4 for the Price of 3,beer-wines-spirits
Rose Calvet Cap D' Adge Igp Cotes De Thau ,Rose Calvet Cap D' Adge Igp Cotes De Thau 75cl,£7.50,£7.50 per 75cl,"Buy 6, Save 25%",beer-wines-spirits
Rosemount Diamond Selection Chardonnay,Rosemount Diamond Selection Chardonnay75cl,£5.50,£5.50 per 75cl,"Buy 6, Save 25%",beer-wines-spirits
Rosemount Diamond Selection Shiraz,Rosemount Diamond Selection Shiraz75cl,£6.50,£6.50 per 75cl,"Buy 6, Save 25%",beer-wines-spirits
Rose's Lime Juice Cordial ,Rose's Lime Juice Cordial 1L,£2.60,26p per 100ml,,beer-wines-spirits
Rothmans Blue Cigarettes,Rothmans Blue Cigarettes20 per pack,£10.90,54.5p each,,beer-wines-spirits
Rothmans Blue Superkings Cigarettes,Rothmans Blue Superkings Cigarettes20 per pack,£10.90,54.5p each,,beer-wines-spirits
Rothmans Blue XL Cigarettes,Rothmans Blue XL Cigarettes24 per pack,£12.20,50.8p each,,beer-wines-spirits
Rothmans Fine Tobacco ,Rothmans Fine Tobacco 30g,£17.60,£58.67 per 100g,,beer-wines-spirits
Rothmans Original Cigarettes,Rothmans Original Cigarettes20 per pack,£15.55,77.8p each,,beer-wines-spirits
Rothmans Silver Cigarettes,Rothmans Silver Cigarettes20 per pack,£10.90,54.5p each,,beer-wines-spirits
Royal Dutch Elite Slim Pan Cigars  ,Royal Dutch Elite Slim Pan Cigars  5 per pack,£7,£1.40 each,,beer-wines-spirits
Royal Dutch Flame,Royal Dutch Flame10 per pack,£6.99,69.9p each,,beer-wines-spirits
Royal Dutch Minature Blue Cigars ,Royal Dutch Minature Blue Cigars 20 per pack,£11.70,58.5p each,,beer-wines-spirits
Royal Dutch Miniature Blue Cigarillos   ,Royal Dutch Miniature Blue Cigarillos   10 per pack,£6.25,62.5p each,,beer-wines-spirits
Royal Dutch Miniature Cigarillos,Royal Dutch Miniature Cigarillos10 per pack,£6.25,62.5p each,,beer-wines-spirits
Royal Dutch Miniature Cigarillos,Royal Dutch Miniature Cigarillos20 per pack,£11.70,58.5p each,,beer-wines-spirits
Royals Blue Cigarettes,Royals Blue Cigarettes20 per pack,£14.60,73p each,,beer-wines-spirits
Royals Red Cigarettes,Royals Red Cigarettes20 per pack,£14.70,73.5p each,,beer-wines-spirits
Royals Red Cigarettes,Royals Red Cigarettes23 per pack,£16.10,70p each,,beer-wines-spirits
Ruddles Best                   ,Ruddles Best                   500ml,£1.25,£2.50 per litre,,beer-wines-spirits
Ruddles County Bottle,Ruddles County Bottle500ml,£2.25,£4.50 per litre,Buy 4 for the Price of 3,beer-wines-spirits
Rudgate Jorvik Flaxen Blonde Ale,Rudgate Jorvik Flaxen Blonde Ale500ml,£2.25,£4.50 per litre,Buy 4 for the Price of 3,beer-wines-spirits
Sailor Jerry Spiced Rum,Sailor Jerry Spiced Rum70cl,£20,£28.57 per litre,,beer-wines-spirits
Saltaire Blonde Premium Ale ,Saltaire Blonde Premium Ale 500ml,£2.25,£4.50 per litre,Buy 4 for the Price of 3,beer-wines-spirits
Saltaire Brewery Full Tilt ,Saltaire Brewery Full Tilt 330ml,£1.75,53p per 100ml,Buy 4 for the Price of 3,beer-wines-spirits
Saltaire Cascade Pale,Saltaire Cascade Pale500ml,£2.25,£4.50 per litre,Buy 4 for the Price of 3,beer-wines-spirits
Saltaire Pride   ,Saltaire Pride   500ml,£2.25,£4.50 per litre,Buy 4 for the Price of 3,beer-wines-spirits
Saltaire South Island Pale ,Saltaire South Island Pale 500ml,£2.25,£4.50 per litre,Buy 4 for the Price of 3,beer-wines-spirits
Salt Double New England Ipa,Salt Double New England Ipa440ml,£3.50,£7.95 per litre,Buy 4 for the Price of 3,beer-wines-spirits
Salt Huckaback ,Salt Huckaback 440ml,£2.35,£5.34 per litre,Buy 4 for the Price of 3,beer-wines-spirits
Salt Jute Session Ipa,Salt Jute Session Ipa4 x 330ml,£6,£4.55 per litre,Buy 2 for £10,beer-wines-spirits
Salt X Drop Project Neipa,Salt X Drop Project Neipa440ml,£3,£6.82 per litre,Buy 4 for the Price of 3,beer-wines-spirits
Sandford Orchards Devon Mist Cider ,Sandford Orchards Devon Mist Cider 500ml,£2.25,£4.50 per litre,Buy 3 for £5.50,beer-wines-spirits
Sandford Orchards Devon Red Cider,Sandford Orchards Devon Red Cider500ml,£2.25,£4.50 per litre,Buy 3 for £5.50,beer-wines-spirits
San Miguel Alcohol Free Lager Beer,San Miguel Alcohol Free Lager Beer4 x 330ml,£4,£3.03 per litre,,beer-wines-spirits
San Miguel Especial,San Miguel Especial6 x 330ml,£6.50,£3.28 per litre,Buy 2 for £10,beer-wines-spirits
San Miguel Premium Lager Beer,San Miguel Premium Lager Beer660ml,£2.50,£3.79 per litre,Buy 4 for the Price of 3,beer-wines-spirits
San Miguel Premium Lager Beer,San Miguel Premium Lager Beer4 x 330ml,£4.49,£3.40 per litre,"Offer price £4.49, was £5",beer-wines-spirits
San Miguel Premium Lager Beer,San Miguel Premium Lager Beer4 x 440ml,£4.49,£2.55 per litre,"Offer price £4.49, was £5",beer-wines-spirits
San Miguel Premium Lager Beer,San Miguel Premium Lager Beer12 x 330ml,£10,£2.53 per litre,"Offer price £10, was £12",beer-wines-spirits
San Miguel Premium Lager Beer,San Miguel Premium Lager Beer10 x 440ml,£10,22.7p per 100ml,"Offer price £10, was £13",beer-wines-spirits
San Miguel Premium Lager Beer,San Miguel Premium Lager Beer4 x 568ml,£6,£2.64 per litre,,beer-wines-spirits
San Pellegrino Blood Orange,San Pellegrino Blood Orange6 x 330ml,£4.75,24p per 100ml,,beer-wines-spirits
San Pellegrino Lemon ,San Pellegrino Lemon 6 x 330ml,£4.75,24p per 100ml,,beer-wines-spirits
Schmitt Hock,Schmitt Hock75cl,£4.49,£4.49 per 75cl,,beer-wines-spirits
Schmitt Liebfraumilch,Schmitt Liebfraumilch75cl,£4.49,£4.49 per 75cl,,beer-wines-spirits
Schofferhofer Grapefruit,Schofferhofer Grapefruit500ml,£2.25,£4.50 per litre,Buy 4 for the Price of 3,beer-wines-spirits
Schwartz Juniper Berries Jar,Schwartz Juniper Berries Jar28g,£2.15,76.8p per 10g,Buy 2 for £3.30,beer-wines-spirits
Schweppes Bitter Lemon ,Schweppes Bitter Lemon 1L,£1.90,19p per 100ml,,beer-wines-spirits
Schweppes Canada Dry Ginger Ale ,Schweppes Canada Dry Ginger Ale 12 x 150ml,£4,22.2p per 100ml,,beer-wines-spirits
Schweppes Canada Dry Ginger Ale ,Schweppes Canada Dry Ginger Ale 1L,£1.90,19p per 100ml,,beer-wines-spirits
Schweppes Diet Lemonade,Schweppes Diet Lemonade6 x 330ml,£2,10.1p per 100ml,"Offer price £2, was £3.60",beer-wines-spirits
Schweppes Lemonade ,Schweppes Lemonade 6 x 330ml,£2,10.1p per 100ml,"Offer price £2, was £3.60",beer-wines-spirits
Schweppes Original Soda Water ,Schweppes Original Soda Water 1L,£1.90,19p per 100ml,,beer-wines-spirits
Schweppes Slimline Bitter Lemon ,Schweppes Slimline Bitter Lemon 1L,£1.90,19p per 100ml,,beer-wines-spirits
Schweppes Slimline Bitter Lemon ,Schweppes Slimline Bitter Lemon 1L,£1.90,19p per 100ml,,beer-wines-spirits
Schweppes Slimline Elderflower Tonic Water ,Schweppes Slimline Elderflower Tonic Water 1L,£1.90,19p per 100ml,,beer-wines-spirits
Schweppes Slimline Tonic Water ,Schweppes Slimline Tonic Water 12 x 150ml,£4,22.2p per 100ml,,beer-wines-spirits
Schweppes Slimline Tonic Water ,Schweppes Slimline Tonic Water 1L,£1.90,19p per 100ml,,beer-wines-spirits
Schweppes Tonic Water ,Schweppes Tonic Water 12 x 150ml,£4,22.2p per 100ml,,beer-wines-spirits
Schweppes Tonic Water ,Schweppes Tonic Water 1L,£1.90,19p per 100ml,,beer-wines-spirits
Served Lime Hard Seltzer,Served Lime Hard Seltzer250ml,£2.20,88p per 100ml,Buy 4 for £6,beer-wines-spirits
Served Raspberry Hard Seltzer,Served Raspberry Hard Seltzer250ml,£2.20,88p per 100ml,Buy 4 for £6,beer-wines-spirits
Shackleton Blended Scotch Malt Whisky,Shackleton Blended Scotch Malt Whisky70cl,£19,£27.14 per litre,"Offer price £19, was £25",beer-wines-spirits
Sharps Atlantic,Sharps Atlantic4 x 500ml,£6,30p per 100ml,,beer-wines-spirits
Sharp's Atlantic Pale Ale ,Sharp's Atlantic Pale Ale 500ml,£2.25,£4.50 per litre,Buy 4 for the Price of 3,beer-wines-spirits
Sharp's Doom Bar 0% Alcohol ,Sharp's Doom Bar 0% Alcohol 500ml,£2,£4.00 per litre,Buy 4 for the Price of 3,beer-wines-spirits
Sharp's Doom Bar Amber Ale ,Sharp's Doom Bar Amber Ale 500ml,£2.25,£4.50 per litre,Buy 4 for the Price of 3,beer-wines-spirits
Sharp's Doom Bar Exceptional Amber Ale,Sharp's Doom Bar Exceptional Amber Ale4 x 500ml,£6,£3.00 per litre,Buy 2 for £10,beer-wines-spirits
Shipyard American IPA Ale Beer,Shipyard American IPA Ale Beer500ml,£2.25,£4.50 per litre,Buy 4 for the Price of 3,beer-wines-spirits
Shipyard American Pale Ale Beer,Shipyard American Pale Ale Beer500ml,£2.25,£4.50 per litre,Buy 4 for the Price of 3,beer-wines-spirits
Shipyard American Pale Ale Beer,Shipyard American Pale Ale Beer4 x 440ml,£5,£2.84 per litre,,beer-wines-spirits
Shipyard Low Tide Alcohol Free American Pale Ale,Shipyard Low Tide Alcohol Free American Pale Ale500ml,£1.50,£3.00 per litre,Buy 4 for the Price of 3,beer-wines-spirits
Sierra Nevada Pale Ale ,Sierra Nevada Pale Ale 355ml,£2.50,£7.04 per litre,Buy 4 for the Price of 3,beer-wines-spirits
Sierra Reposado Tequila,Sierra Reposado Tequila50cl,£16,£32.00 per litre,,beer-wines-spirits
Sierra Tequila Silver,Sierra Tequila Silver50cl,£15.50,£31.00 per litre,,beer-wines-spirits
Signature Action Filter Cigarillos,Signature Action Filter Cigarillos10 per pack,£4.84,48.4p each,,beer-wines-spirits
Signature Blue Cigarillos,Signature Blue Cigarillos50 per pack,£37.45,74.9p each,,beer-wines-spirits
Signature Blue Cigars,Signature Blue Cigars10 per pack,£7.55,75.5p each,,beer-wines-spirits
Signature Original Cigarillos,Signature Original Cigarillos10 per pack,£7.40,74p each,,beer-wines-spirits
Signature Original Cigars Multipack,Signature Original Cigars Multipack50 per pack,£37.10,74.2p each,,beer-wines-spirits
Signature Red Filter Cigarillos,Signature Red Filter Cigarillos10 per pack,£6.65,66.5p each,,beer-wines-spirits
Silk Cut Blue Cigarettes,Silk Cut Blue Cigarettes20 per pack,£15.90,79.5p each,,beer-wines-spirits
Silk Cut Purple 100s Cigarettes,Silk Cut Purple 100s Cigarettes20 per pack,£15.90,79.5p each,,beer-wines-spirits
Silk Cut Purple Cigarettes,Silk Cut Purple Cigarettes20 per pack,£15.90,79.5p each,,beer-wines-spirits
Silk Cut Purple Cigarettes Multipack,Silk Cut Purple Cigarettes Multipack5 x 20 per pack,£79,79p each,,beer-wines-spirits
Silk Cut Silver Cigarettes,Silk Cut Silver Cigarettes5 x 20 per pack,£79,79p each,,beer-wines-spirits
Silk Cut Silver Cigarettes,Silk Cut Silver Cigarettes20 per pack,£15.90,79.5p each,,beer-wines-spirits
Silver Bay Point Rose,Silver Bay Point Rose75cl,£4.25,£4.25 per 75cl,,beer-wines-spirits
Silver Bay Point White,Silver Bay Point White75cl,£3.95,£3.95 per 75cl,,beer-wines-spirits
Silver Bay Point White,Silver Bay Point White2.25L,£9.99,£3.33 per 75cl,,beer-wines-spirits
Singha Premium Thai Beer,Singha Premium Thai Beer630ml,£2.50,£3.97 per litre,Buy 4 for the Price of 3,beer-wines-spirits
Sipsmith Lemon Drizzle Gin ,Sipsmith Lemon Drizzle Gin 70cl,£25,£35.71 per litre,,beer-wines-spirits
Sipsmith London Dry Gin 41.6%,Sipsmith London Dry Gin 41.6%70cl,£25,£35.71 per litre,,beer-wines-spirits
Sipsmith Premium Gin Experience Gin Tonic & Glass Set,Sipsmith Premium Gin Experien...,£18,,,beer-wines-spirits
Siren Craft Brew Pompelmocello,Siren Craft Brew Pompelmocello440ml,£3,£6.82 per litre,Buy 4 for the Price of 3,beer-wines-spirits
Siren Hard Pour Broken Dream Nitro Breakfast Stout,Siren Hard Pour Broken Drea...440ml,£3,68.2p per 100ml,Buy 4 for the Price of 3,beer-wines-spirits
Siren Jouska Neipa,Siren Jouska Neipa440ml,£3,68.2p per 100ml,Buy 4 for the Price of 3,beer-wines-spirits
Siren Scene Stealer California Ipa,Siren Scene Stealer California Ipa440ml,£3,68.2p per 100ml,Buy 4 for the Price of 3,beer-wines-spirits
Siren Soundwave Ipa,Siren Soundwave Ipa4 x 330ml,£6,£4.55 per litre,,beer-wines-spirits
Skinny Brands Lager,Skinny Brands Lager12 x 330ml,£15,£3.79 per litre,,beer-wines-spirits
Slingsby Rhubarb Gin,Slingsby Rhubarb Gin70cl,£28,£40.00 per litre,,beer-wines-spirits
Smirnoff & Diet Cola Vodka Mixed Drink ,Smirnoff & Diet Cola Vodka Mixed Drink 250ml,£2.25,£9.00 per litre,Buy 4 for £6,beer-wines-spirits
Smirnoff Berry Burst Flavoured Vodka,Smirnoff Berry Burst Flavoured Vodka70cl,£17.50,£25.00 per litre,,beer-wines-spirits
Smirnoff Ice,Smirnoff Ice10 x 250ml,£13,52p per 100ml,,beer-wines-spirits
Smirnoff Ice,Smirnoff Ice4 x 250ml,£4.50,45p per 100ml,"Offer price £4.50, was £5.50",beer-wines-spirits
Smirnoff Ice Raspberry,Smirnoff Ice Raspberry70cl,£3.50,£5.00 per litre,Buy 2 for £6,beer-wines-spirits
Smirnoff Lime & Soda,Smirnoff Lime & Soda250ml,£2.25,£9.00 per litre,Buy 4 for £6,beer-wines-spirits
Smirnoff Mango & Passionfruit ,Smirnoff Mango & Passionfruit 70cl,£17.50,£25.00 per litre,,beer-wines-spirits
Smirnoff Mango & Passion Fruit Twist With Lemonade,Smirnoff Mango & Passion Fr...250ml,£2.25,£9.00 per litre,Buy 4 for £6,beer-wines-spirits
Smirnoff Premium Ice Triple Filtered Vodka Mixed Drink,Smirnoff Premium Ice Triple Fil...70cl,£3.79,£5.41 per litre,Buy 2 for £6,beer-wines-spirits
Smirnoff Premium Vodka,Smirnoff Premium Vodka1L,£17,£17.00 per litre,,beer-wines-spirits
Smirnoff Raspberry Crush,Smirnoff Raspberry Crush70cl,£17.50,£25.00 per litre,,beer-wines-spirits
Smirnoff Raspberry Crush & Lemonade,Smirnoff Raspberry Crush & Lemonade250ml,£2.25,£9.00 per litre,Buy 4 for £6,beer-wines-spirits
Smirnoff  Red Label Vodka,Smirnoff  Red Label Vodka35cl,£9,£25.71 per litre,"Offer price £9, was £10",beer-wines-spirits
Smirnoff Red Label Vodka,Smirnoff Red Label Vodka70cl,£17,£24.29 per litre,,beer-wines-spirits
Smokehead Islay Single Malt Scotch Whisky,Smokehead Islay Single Malt Scotch Whisky70cl,£25,£26.78 per 75cl,"Offer price £25, was £38",beer-wines-spirits
Smok Mbar Pro Blackcurrant Ice 20mg,Smok Mbar Pro Blackcurrant Ice 20mg,£5.49,,,beer-wines-spirits
SMOK Mbar Pro Blue Raspberry 20mg,SMOK Mbar Pro Blue Raspberry 20mg,£5.49,,,beer-wines-spirits
SMOK Mbar Pro Exotic Fruit 20mg,SMOK Mbar Pro Exotic Fruit 20mg,£5.49,,,beer-wines-spirits
SMOK Mbar Pro Grape Ice 20mg,SMOK Mbar Pro Grape Ice 20mg,£5.49,,,beer-wines-spirits
SMOK Mbar Pro Mango Ice 20mg,SMOK Mbar Pro Mango Ice 20mg,£5.49,,,beer-wines-spirits
SMOK Mbar Pro Menthol 20mg,SMOK Mbar Pro Menthol 20mg,£5.49,,,beer-wines-spirits
SMOK Mbar Pro Strawberry Ice 20mg,SMOK Mbar Pro Strawberry Ice 20mg,£5.49,,,beer-wines-spirits
SMOK Mbar Pro Watermelon Ice 20mg,SMOK Mbar Pro Watermelon Ice 20mg,£5.49,,,beer-wines-spirits
Soberano 5 Spanish Brandy   ,Soberano 5 Spanish Brandy   70cl,£15.50,£22.14 per litre,,beer-wines-spirits
Sobieski Vodka,Sobieski Vodka70cl,£16,£2.29 per 100ml,,beer-wines-spirits
Sol Cerveza,Sol Cerveza4 x 330ml,£4.50,£3.41 per litre,,beer-wines-spirits
Solo Plus Blueberry 20mg,Solo Plus Blueberry 20mg,£4.99,,,beer-wines-spirits
Solo Plus Blue Razz 20mg,Solo Plus Blue Razz 20mg20ml,£4.99,£2.50 per 10ml,,beer-wines-spirits
Solo Plus Blue Razz Lemonade 20mg,Solo Plus Blue Razz Lemonade 20mg20ml,£4.99,£2.50 per 10ml,,beer-wines-spirits
Solo Plus Cherry Ice 20mg,Solo Plus Cherry Ice 20mg,£4.99,,,beer-wines-spirits
Solo Plus Guava Ice 20mg,Solo Plus Guava Ice 20mg,£4.99,,,beer-wines-spirits
Solo Plus Mixed Berry 20mg,Solo Plus Mixed Berry 20mg20ml,£4.99,£2.50 per 10ml,,beer-wines-spirits
Solo Plus Pineapple 20mg,Solo Plus Pineapple 20mg,£4.99,,,beer-wines-spirits
Solo Plus Pink Lemonade 20mg,Solo Plus Pink Lemonade 20mg,£4.99,,,beer-wines-spirits
Soloplus Rainbow Candy 20mg,Soloplus Rainbow Candy 20mg20ml,£4.99,£2.50 per 10ml,,beer-wines-spirits
Solo Plus Strawberry Watermelon 20mg,Solo Plus Strawberry Watermelon 20mg,£4.99,,,beer-wines-spirits
Sol Original Beer Bottles,Sol Original Beer Bottles12 x 330ml,£10,£2.53 per litre,,beer-wines-spirits
Sorso Pinot Grigio           ,Sorso Pinot Grigio           75cl,£4.99,£4.99 per 75cl,,beer-wines-spirits
Sorso Prosecco Spumante ,Sorso Prosecco Spumante 75cl,£6.75,£6.75 per 75cl,"Buy 6, Save 25%",beer-wines-spirits
Sourz Cherry Liqueur,Sourz Cherry Liqueur70cl,£8,£11.43 per litre,"Offer price £8, was £11",beer-wines-spirits
Sourz Green Apple Liqueur,Sourz Green Apple Liqueur70cl,£8,£11.43 per litre,"Offer price £8, was £11",beer-wines-spirits
Southern Comfort Lemonade & Lime (Abv 5%),Southern Comfort Lemo...330ml,£2.15,£6.52 per litre,Buy 4 for £6,beer-wines-spirits
Southern Comfort Original ,Southern Comfort Original 70cl,£15,£21.43 per litre,,beer-wines-spirits
Southern Comfort Original ,Southern Comfort Original 1L,£28,£28.00 per litre,,beer-wines-spirits
Sovereign Black Cigarettes,Sovereign Black Cigarettes20 per pack,£15,75p each,,beer-wines-spirits
Sovereign Blue King Size Cigarettes,Sovereign Blue King Size Cigarettes20 per pack,£11.10,55.5p each,,beer-wines-spirits
Sovereign Dual Cigarettes,Sovereign Dual Cigarettes20 per pack,£11.95,59.8p each,,beer-wines-spirits
Sovereign Sky Blue Cigarettes,Sovereign Sky Blue Cigarettes20 per pack,£11.10,55.5p each,,beer-wines-spirits
Sovereign Superkings Blue Cigarettes,Sovereign Superkings Blue Cigarettes20 per pack,£11.10,55.5p each,,beer-wines-spirits
Sovereign Superkings Blue Cigarettes Multipack,Sovereign Superkings Blue Cigarettes Multipack5 x 20 per pack,£55.25,55.3p each,,beer-wines-spirits
Special Virginia Ready Rubbed Tobacco,Special Virginia Ready Rubbed Tobacco50g,£20.10,£40.20 per 100g,,beer-wines-spirits
Spitfire Gold 500ml,Spitfire Gold 500ml500ml,£2,£4.00 per litre,Buy 4 for the Price of 3,beer-wines-spirits
Spitfire Premium Ale Bottle,Spitfire Premium Ale Bottle500ml,£1.75,£3.50 per litre,Buy 4 for the Price of 3,beer-wines-spirits
Squealing Pig Chardonnay ,Squealing Pig Chardonnay 75cl,£10,£10.00 per 75cl,"Buy 6, Save 25%",beer-wines-spirits
Squealing Pig Pinot Grigio Rose,Squealing Pig Pinot Grigio Rose75cl,£10,£10.00 per 75cl,"Buy 6, Save 25%",beer-wines-spirits
Squealing Pig Primitivo,Squealing Pig Primitivo75cl,£8,£8.00 per 75cl,"Buy 6, Save 25%",beer-wines-spirits
Squealing Pig Sauvignon Blanc ,Squealing Pig Sauvignon Blanc 75cl,£8,£8.00 per 75cl,"Buy 6, Save 25%",beer-wines-spirits
Staropramen,Staropramen12 x 330ml,£11,£2.78 per litre,"Offer price £11, was £14",beer-wines-spirits
Staropramen,Staropramen6 x 330ml,£6.75,£3.41 per litre,Buy 2 for £10,beer-wines-spirits
Staropramen Premium Czech Lager,Staropramen Premium Czech Lager660ml,£2.35,£3.56 per litre,Buy 4 for the Price of 3,beer-wines-spirits
St Austell Brewery Korev Cornish Lager (Abv 4.8%),St Austell Brewery Korev Cornish Lager (Abv 4.8%)500ml,£2.20,44p per 100ml,Buy 4 for the Price of 3,beer-wines-spirits
St Austell Brewery Proper Job Cornish Ipa,St Austell Brewery Proper Job Cornish Ipa4 x 440ml,£5.75,£3.27 per litre,,beer-wines-spirits
St Austell Brewery Tribute Cornish Pale Ale ,St Austell Brewery Tribute Cornish Pale Ale 4 x 500ml,£5.50,£2.06 per 75cl,,beer-wines-spirits
St Austell Proper Job IPA,St Austell Proper Job IPA500ml,£2.25,£3.38 per 75cl,Buy 4 for the Price of 3,beer-wines-spirits
St Austell Tribute,St Austell Tribute500ml,£2.25,£4.50 per litre,Buy 4 for the Price of 3,beer-wines-spirits
St Austell Tribute Pale Ale,St Austell Tribute Pale Ale10 x 440ml,£11.50,26.1p per 100ml,,beer-wines-spirits
Stella Artois Gluten Free,Stella Artois Gluten Free4 x 330ml,£5.50,£4.17 per litre,,beer-wines-spirits
Stella Artois Premium Lager Beer Bottle,Stella Artois Premium Lager Beer Bottle660ml,£2.50,£3.79 per litre,Buy 4 for the Price of 3,beer-wines-spirits
Stella Artois Premium Lager Beer Bottles,Stella Artois Premium Lager Beer Bottles20 x 284ml,£16,£2.82 per litre,,beer-wines-spirits
Stella Artois Premium Lager Beer Bottles ,Stella Artois Premium Lager Beer Bottles 12 x 284ml,£11,32.3p per 100ml,Buy 2 for £16,beer-wines-spirits
Stella Artois Premium Lager Beer Bottles,Stella Artois Premium Lager Beer Bottles18 x 284ml,£11,21.6p per 100ml,"Offer price £11, was £17",beer-wines-spirits
Stella Artois Premium Lager Beer Cans,Stella Artois Premium Lager Beer Cans4 x 568ml,£5.75,£2.53 per litre,,beer-wines-spirits
Stella Artois Premium Lager Beer Cans,Stella Artois Premium Lager Beer Cans4 x 440ml,£4.50,£2.56 per litre,,beer-wines-spirits
Stella Artois Premium Lager Beer Cans,Stella Artois Premium Lager Beer Cans18 x 440ml,£15,£1.90 per litre,"Offer price £15, was £17",beer-wines-spirits
Stella Artois Premium Lager Beer Cans,Stella Artois Premium Lager Beer Cans10 x 440ml,£12.50,£2.84 per litre,Buy 2 for £16,beer-wines-spirits
Stella Artois Premium Lager Bottles,Stella Artois Premium Lager Bottles4 x 330ml,£5.50,£4.17 per litre,,beer-wines-spirits
Stella Artois Unfiltered,Stella Artois Unfiltered6 x 330ml,£6.50,£3.28 per litre,Buy 2 for £10,beer-wines-spirits
Stella Artois Unfiltered,Stella Artois Unfiltered12 x 330ml,£11,£2.78 per litre,"Offer price £11, was £15",beer-wines-spirits
Stella Artois Unfiltered,Stella Artois Unfiltered620ml,£2.25,36.3p per 100ml,Buy 4 for the Price of 3,beer-wines-spirits
Sterling Blue Cigarettes,Sterling Blue Cigarettes20 per pack,£13.20,66p each,,beer-wines-spirits
Sterling Dual Capsule Leaf Wrapped,Sterling Dual Capsule Leaf Wrapped10 per pack,£7,70p each,,beer-wines-spirits
Sterling Dual Capsule Leaf Wrapped ,Sterling Dual Capsule Leaf Wrapped 20 per pack,£12.40,62p each,,beer-wines-spirits
Sterling Dual Cigarettes,Sterling Dual Cigarettes20 per pack,£13.20,66p each,,beer-wines-spirits
Sterling King Size Cigarettes,Sterling King Size Cigarettes20 per pack,£13.20,66p each,,beer-wines-spirits
Sterling King Size Cigarettes,Sterling King Size Cigarettes5 x 20 per pack,£66,66p each,,beer-wines-spirits
Sterling Original 3 In 1 Includes Cigarette Papers And Filters,Sterling Original 3 In 1 Includes C...30g,£17.35,£57.83 per 100g,,beer-wines-spirits
Sterling Rolling Tobacco Essential,Sterling Rolling Tobacco Essential30g,£15.50,£51.67 per 100g,,beer-wines-spirits
Sterling Rolling Tobacco Essential,Sterling Rolling Tobacco Essential50g,£25.80,£51.60 per 100g,,beer-wines-spirits
Sterling Rolling Tobacco Includes Cigarette Papers ,Sterling Rolling Tobacco Includes Cigarette Papers 50g,£28.30,£56.60 per 100g,,beer-wines-spirits
Sterling Rolling Tobacco Includes Cigarette Papers,Sterling Rolling Tobacco Includes Cigarette Papers30g,£17.25,£57.50 per 100g,,beer-wines-spirits
Sterling Superkings Blue Cigarettes,Sterling Superkings Blue Cigarettes20 per pack,£13.20,66p each,,beer-wines-spirits
Sterling Superkings Blue Cigarettes Multipack,Sterling Superkings Blue Cigarettes Multipack5 x 20 per pack,£66,66p each,,beer-wines-spirits
Sterling Superkings Cigarettes,Sterling Superkings Cigarettes20 per pack,£13.20,66p each,,beer-wines-spirits
Sterling Superkings Green Cigarettes,Sterling Superkings Green Cigarettes20 per pack,£13.20,66p each,,beer-wines-spirits
Sterling Superkings Original Red Cigarettes Multipack,Sterling Superkings Original...5 x 20 per pack,£66,66p each,,beer-wines-spirits
St Omer Shandy Bottles,St Omer Shandy Bottles10 x 25cl,£2.25,90p per litre,"Offer price £2.25, was £2.50",beer-wines-spirits
Stoneleigh Sauvignon Blanc White Wine,Stoneleigh Sauvignon Blanc White Wine75cl,£10,£10.00 per 75cl,"Buy 6, Save 25%",beer-wines-spirits
Stones Bitter Cans,Stones Bitter Cans4 x 440ml,£4.25,£2.41 per litre,,beer-wines-spirits
Stone's Distilled Gin,Stone's Distilled Gin70cl,£18,£25.71 per litre,,beer-wines-spirits
Stone's Original Green Ginger Wine,Stone's Original Green Ginger Wine70cl,£5.49,£5.88 per 75cl,,beer-wines-spirits
Stowford Press Apple Cider,Stowford Press Apple Cider4 x 440ml,£4,£2.27 per litre,,beer-wines-spirits
Stowford Press Apple Cider,Stowford Press Apple Cider10 x 440ml,£9.50,£2.16 per litre,Buy 2 for £16,beer-wines-spirits
Stowford Press Draught Cider Bottle,Stowford Press Draught Cider Bottle500ml,£2.35,£4.70 per litre,Buy 3 for £5.50,beer-wines-spirits
Stowford Press Low Alcohol Apple Cider,Stowford Press Low Alcohol Apple Cider500ml,£1.80,£3.60 per litre,,beer-wines-spirits
St. Peter's Best Bitter,St. Peter's Best Bitter500ml,£2,40p per 100ml,,beer-wines-spirits
St. Peter's Farmers Flagon,St. Peter's Farmers Flagon500ml,£2,£4.00 per litre,Buy 4 for the Price of 3,beer-wines-spirits
St Peters Golden Ale       ,St Peters Golden Ale       500ml,£2,£4.00 per litre,Buy 4 for the Price of 3,beer-wines-spirits
St Peters Plum Porter (ABV 5%) ,St Peters Plum Porter (ABV 5%) 500ml,£2,£4.00 per litre,Buy 4 for the Price of 3,beer-wines-spirits
St Peters Without Gold Alcohol Free Beer,St Peters Without Gold Alcohol Free Beer500ml,£1.30,£2.60 per litre,Buy 4 for the Price of 3,beer-wines-spirits
St Remy Xo French Brandy,St Remy Xo French Brandy70cl,£23,£24.64 per 75cl,,beer-wines-spirits
Strongbow Dark Fruit Cider Cans,Strongbow Dark Fruit Cider Cans10 x 440ml,£10,£2.28 per litre,"Offer price £10, was £12",beer-wines-spirits
Strongbow Dark Fruit Cider Cans,Strongbow Dark Fruit Cider Cans4 x 440ml,£5.50,£3.13 per litre,Buy 2 for £10,beer-wines-spirits
Strongbow Original Cider,Strongbow Original Cider4 x 440ml,£4.55,£2.59 per litre,,beer-wines-spirits
Strongbow Original Cider ,Strongbow Original Cider 18 x 440ml,£10,£1.26 per litre,,beer-wines-spirits
Strongbow Original Cider,Strongbow Original Cider10 x 440ml,£11.50,£2.61 per litre,Buy 2 for £16,beer-wines-spirits
Strongbow Original Cider 2L ,Strongbow Original Cider 2L 2L,£4,£2.00 per litre,,beer-wines-spirits
Strongbow Ultra Dark Fruit Cider,Strongbow Ultra Dark Fruit Cider4 x 330ml,£5.50,£4.17 per litre,,beer-wines-spirits
Strongbow Ultra Dark Fruit Cider ,Strongbow Ultra Dark Fruit Cider 10 x 330ml,£11,£3.33 per litre,,beer-wines-spirits
Studio By Miraval Rose,Studio By Miraval Rose75cl,£10,£10.00 per 75cl,"Buy 6, Save 25%",beer-wines-spirits
Super Bock ,Super Bock 660ml,£2.50,£3.79 per litre,Buy 4 for the Price of 3,beer-wines-spirits
Superkings Bright Cigarettes,Superkings Bright Cigarettes20 per pack,£15.15,75.8p each,,beer-wines-spirits
Superkings Bright Cigarettes Multipack,Superkings Bright Cigarettes Multipack5 x 20 per pack,£75.75,75.8p each,,beer-wines-spirits
Superkings Original Black Cigarettes,Superkings Original Black Cigarettes20 per pack,£15.15,75.8p each,,beer-wines-spirits
Superkings Original Black Cigarettes Multipack,Superkings Original Black Cigarettes Multipack10 x 20 per pack,£151.50,75.8p each,,beer-wines-spirits
Superkings Original Black Cigarettes Multipack,Superkings Original Black Cigarettes Multipack5 x 20 per pack,£75.75,75.8p each,,beer-wines-spirits
Swan Crushball Fresh Extra Slim Burst 54 Filter Tips,Swan Crushball Fresh Extra Sl...,£1.30,,,beer-wines-spirits
Swan Extra Slim Filter Tips,Swan Extra Slim Filter Tips120 per pack,£1.25,1p each,,beer-wines-spirits
Swan Gas Refill,Swan Gas Refill200ml,£1.75,87.5p per 100ml,,beer-wines-spirits
Swan Menthol Extra Slim Tips ,Swan Menthol Extra Slim Tips 120 per pack,£1.45,1.2p each,,beer-wines-spirits
Swan Refillable Lighter,Swan Refillable Lighter,£1.75,,,beer-wines-spirits
Swan Slimline Filter Tips,Swan Slimline Filter Tips165 per pack,£1.55,0.9p each,,beer-wines-spirits
Swan Slimline Filter Tips,Swan Slimline Filter Tips102 per pack,£1.45,1.4p each,,beer-wines-spirits
Swan Ultra Slim Filters,Swan Ultra Slim Filters126 per pack,£1.55,1.2p each,,beer-wines-spirits
Sxollie Cripps Pink Medium Cider ,Sxollie Cripps Pink Medium Cider 500ml,£2.30,£4.60 per litre,Buy 3 for £5.50,beer-wines-spirits
Sxollie Golden Delicious Apple Cider ,Sxollie Golden Delicious Apple Cider 500ml,£2.30,£4.60 per litre,Buy 3 for £5.50,beer-wines-spirits
Sxollie Granny Smith Apple Cider,Sxollie Granny Smith Apple Cider500ml,£2.30,£4.60 per litre,Buy 3 for £5.50,beer-wines-spirits
Symonds Scrumpy Jack Premium British Cider Cans,Symonds Scrumpy Jack Prem...4 x 440ml,£4.65,£2.64 per litre,,beer-wines-spirits
Tails Cocktails Espresso Martini Cocktail ,Tails Cocktails Espresso Martini Cocktail 500ml,£10,£20.00 per litre,"Offer price £10, was £15",beer-wines-spirits
Tails Cocktails Passion Fruit Martini Cocktail ,Tails Cocktails Passion Fruit Martini Cocktail 500ml,£10,£20.00 per litre,"Offer price £10, was £15",beer-wines-spirits
Tails Cocktails Whisky Sour ,Tails Cocktails Whisky Sour 500ml,£10,£20.00 per litre,"Offer price £10, was £15",beer-wines-spirits
Taittinger Brut Reserve NV,Taittinger Brut Reserve NV75cl,£34,£34.00 per 75cl,,beer-wines-spirits
Talisker Skye Single Malt Scotch Whisky ,Talisker Skye Single Malt Scotch Whisky 70cl,£25,£35.72 per litre,"Offer price £25, was £44",beer-wines-spirits
Tamnavulin Malt Whisky    ,Tamnavulin Malt Whisky    70cl,£33,£47.14 per litre,,beer-wines-spirits
Tamnavulin Pinot Noir Cask Single Malt Scotch Whisky ,Tamnavulin Pinot Noir Cask Si...70cl,£23,£32.86 per litre,"Offer price £23, was £33",beer-wines-spirits
Tamnavulin Sherry Cask Single Malt Scotch Whisky ,Tamnavulin Sherry Cask Single Malt Scotch Whisky 70cl,£33,£47.14 per litre,,beer-wines-spirits
Tanqueray Alcohol Free 0.0,Tanqueray Alcohol Free 0.070cl,£17.50,£25.00 per litre,,beer-wines-spirits
Tanqueray Blackcurrant Royale,Tanqueray Blackcurrant Royale70cl,£27,£38.57 per litre,,beer-wines-spirits
Tanqueray Gin ,Tanqueray Gin 1L,£21,£21.00 per litre,Save £1 Off Your Next Shop,beer-wines-spirits
Tanqueray London Dry Gin & Tonic ,Tanqueray London Dry Gin & Tonic 250ml,£2.50,£10.00 per litre,Buy 4 for £6,beer-wines-spirits
Tanqueray London Dry Gin Export Strength,Tanqueray London Dry Gin Export Strength70cl,£20.50,£29.29 per litre,,beer-wines-spirits
Tanqueray Sevilla (Abv 41.3%),Tanqueray Sevilla (Abv 41.3%)70cl,£27,£38.57 per litre,,beer-wines-spirits
Tanqueray Sevilla Gin & Tonic,Tanqueray Sevilla Gin & Tonic250ml,£2.50,£10.00 per litre,Buy 4 for £6,beer-wines-spirits
Tarquin's Cornish Dry Gin ,Tarquin's Cornish Dry Gin 50cl,£27,£54.00 per litre,,beer-wines-spirits
Taylor's 10 Year Old Tawny,Taylor's 10 Year Old Tawny75cl,£18,£18.00 per 75cl,"Offer price £18, was £23",beer-wines-spirits
Taylor's Knowle Spring Blonde (ABV 4.2%),Taylor's Knowle Spring Blonde (ABV 4.2%)500ml,£2.50,£5.00 per litre,Buy 4 for the Price of 3,beer-wines-spirits
Taylor's Late Bottled Vintage Port,Taylor's Late Bottled Vintage Port75cl,£10,£10.00 per 75cl,,beer-wines-spirits
Ten Motives Menthol Refill,Ten Motives Menthol Refill4 per pack,£8.50,£2.13 each,,beer-wines-spirits
Ten Motives Rechargeable Electronic Cigarette,Ten Motives Rechargeable Electronic Cigarette,£10.70,,,beer-wines-spirits
Ten Motives Regular Refill,Ten Motives Regular Refill4 per pack,£8.50,£2.13 each,,beer-wines-spirits
Tennent's Zero ,Tennent's Zero 4 x 440ml,£3.75,£2.13 per litre,,beer-wines-spirits
Te Pa Signature Series Sauvignon Blanc,Te Pa Signature Series Sauvignon Blanc75cl,£7.50,£7.50 per 75cl,"Buy 6, Save 25%",beer-wines-spirits
Tequila Rose Strawberry Cream,Tequila Rose Strawberry Cream50cl,£13,£26.00 per litre,,beer-wines-spirits
Terramare Pinot Grigio,Terramare Pinot Grigio75cl,£5.25,£5.25 per 75cl,,beer-wines-spirits
Terranto Amaretto,Terranto Amaretto50cl,£6.75,£13.50 per litre,,beer-wines-spirits
Tetley's Smooth Ale Beer,Tetley's Smooth Ale Beer12 x 440ml,£11,£2.08 per litre,,beer-wines-spirits
Thatchers Gold,Thatchers Gold500ml,£2.35,£4.70 per litre,Buy 3 for £5.50,beer-wines-spirits
Thatchers Gold,Thatchers Gold10 x 440ml,£9.50,£2.16 per litre,,beer-wines-spirits
Thatchers Gold   Cider 4.8%       ,Thatchers Gold   Cider 4.8%       4 x 440ml,£5.50,£3.13 per litre,Buy 2 for £10,beer-wines-spirits
Thatchers Haze Cloudy Somerset Cider (Abv 4.5%),Thatchers Haze Cloudy Somerset Cider (Abv 4.5%)10 x 440ml,£10,£2.27 per litre,,beer-wines-spirits
Thatchers Katy,Thatchers Katy500ml,£2.35,£4.70 per litre,Buy 3 for £5.50,beer-wines-spirits
Thatchers Old Rascal,Thatchers Old Rascal500ml,£2.35,£4.70 per litre,Buy 3 for £5.50,beer-wines-spirits
Thatchers Somerset Haze    ,Thatchers Somerset Haze    4 x 440ml,£5.50,£3.13 per litre,Buy 2 for £10,beer-wines-spirits
Thatchers Somerset Haze ,Thatchers Somerset Haze 500ml,£2.35,£4.70 per litre,Buy 3 for £5.50,beer-wines-spirits
Thatchers Vintage Cider,Thatchers Vintage Cider500ml,£2.35,£4.70 per litre,Buy 3 for £5.50,beer-wines-spirits
Theakston Best Bitter,Theakston Best Bitter4 x 440ml,£4.75,£2.70 per litre,,beer-wines-spirits
Theakston Old Peculier,Theakston Old Peculier500ml,£2.25,£4.50 per litre,Buy 4 for the Price of 3,beer-wines-spirits
Theakston Old Peculier Ale,Theakston Old Peculier Ale4 x 440ml,£5.50,31.3p per 100ml,,beer-wines-spirits
Theakston Pale Ale,Theakston Pale Ale500ml,£2,£4.00 per litre,Buy 4 for the Price of 3,beer-wines-spirits
Theakstons Lightfoot Bitter Bottle,Theakstons Lightfoot Bitter Bottle500ml,£2,£4.00 per litre,Buy 4 for the Price of 3,beer-wines-spirits
Theakstons XB,Theakstons XB500ml,£2,£4.00 per litre,Buy 4 for the Price of 3,beer-wines-spirits
The Ardmore Single Malt Scotch Whisky,The Ardmore Single Malt Scotch Whisky70cl,£20,£28.57 per litre,"Offer price £20, was £31",beer-wines-spirits
The Bushmills Original Irish Whiskey ,The Bushmills Original Irish Whiskey 70cl,£17,£24.29 per litre,,beer-wines-spirits
The Duppy Share Caribbean Rum ,The Duppy Share Caribbean Rum 70cl,£20,£28.57 per litre,"Offer price £20, was £26",beer-wines-spirits
The Famous Grouse Blended Scotch Whisky ,The Famous Grouse Blended Scotch Whisky 35cl,£9,£25.71 per litre,"Offer price £9, was £9.50",beer-wines-spirits
The Famous Grouse Finest Blended Scotch Whisky,The Famous Grouse Finest Blended Scotch Whisky70cl,£17,£24.29 per litre,,beer-wines-spirits
The Famous Grouse Finest Blended Scotch Whisky,The Famous Grouse Finest Blended Scotch Whisky1L,£17,£17.00 per litre,,beer-wines-spirits
The Famous Grouse Smoky Black Blended Scotch Whisky ,The Famous Grouse Smoky Black...70cl,£20.50,£29.29 per litre,,beer-wines-spirits
The Glenlivet 12 Year Old Single Malt Scotch Whisky,The Glenlivet 12 Year Old Single Malt Scotch Whisky70cl,£40,£57.14 per litre,,beer-wines-spirits
The Glenlivet Caribbean Reserve Single Malt Scotch Whisky ,The Glenlivet Caribbean Reserve S...70cl,£26,£37.14 per litre,"Offer price £26, was £37",beer-wines-spirits
The Glenlivet Founder's Reserve Single Malt Scotch Whisky ,The Glenlivet Founder's Reserve S...70cl,£25,£35.72 per litre,"Offer price £25, was £33.50",beer-wines-spirits
The Glen Stag Blended Scotch Whisky,The Glen Stag Blended Scotch Whisky1L,£17.79,£17.79 per litre,,beer-wines-spirits
The Horologist Sauvignon Blanc,The Horologist Sauvignon Blanc75cl,£9.50,£9.50 per 75cl,"Buy 6, Save 25%",beer-wines-spirits
The Ice Co Super Cubes,The Ice Co Super Cubes1kg,£1.15,£1.15 per kg,"Offer price £1.15, was £1.25",beer-wines-spirits
The Kraken Roast Coffee Rum,The Kraken Roast Coffee Rum70cl,£20,£28.58 per litre,"Offer price £20, was £24",beer-wines-spirits
The London Essence Co. Indian Tonic Water 6X150Ml Cans,The London Essence Co. Indian T...6 x 150ml,£2.50,27.8p per 100ml,,beer-wines-spirits
The Ned Sauvignon Blanc ,The Ned Sauvignon Blanc 75cl,£10,£10.00 per 75cl,"Buy 6, Save 25%",beer-wines-spirits
The Pale Rose ,The Pale Rose 75cl,£14,£14.00 per 75cl,"Buy 6, Save 25%",beer-wines-spirits
The Shy Pig Blush,The Shy Pig Blush75cl,£5.25,£5.25 per 75cl,,beer-wines-spirits
The Shy Pig Crisp White      ,The Shy Pig Crisp White      75cl,£5.25,£5.25 per 75cl,,beer-wines-spirits
The Shy Pig Red                   ,The Shy Pig Red                   75cl,£5.25,£5.25 per 75cl,,beer-wines-spirits
The Signal Post Chenin Blanc,The Signal Post Chenin Blanc75cl,£7.25,£7.25 per 75cl,Buy 2 for £10,beer-wines-spirits
The Signal Post Shiraz,The Signal Post Shiraz75cl,£7.25,£7.25 per 75cl,Buy 2 for £10,beer-wines-spirits
The Singleton Single Malt Whisky Malt Masters Selection (Abv 40%),The Singleton Single Malt Whisky Malt...70cl,£22,£31.43 per litre,"Offer price £22, was £33",beer-wines-spirits
The Wanderer Malbec ,The Wanderer Malbec 75cl,£12,£12.00 per 75cl,"Buy 6, Save 25%",beer-wines-spirits
The Wanted Chardonnay,The Wanted Chardonnay75cl,£7,£7.00 per 75cl,"Buy 6, Save 25%",beer-wines-spirits
The Wanted Zin Zinfandel,The Wanted Zin Zinfandel75cl,£8,£8.00 per 75cl,"Buy 6, Save 25%",beer-wines-spirits
The Woodsman Blended Scotch Whisky ,The Woodsman Blended Scotch Whisky 70cl,£18,£25.71 per litre,"Offer price £18, was £28",beer-wines-spirits
The Workshop Wine Company Shiraz  ,The Workshop Wine Company Shiraz  75cl,£4.99,£4.99 per 75cl,,beer-wines-spirits
Thirsty Farmer Premium Nottinghamshire Cider ,Thirsty Farmer Premium Nottinghamshire Cider 500ml,£2.25,£4.50 per litre,Buy 3 for £5.50,beer-wines-spirits
Thornbridge Cocoa Wonderland ,Thornbridge Cocoa Wonderland 330ml,£2,£6.06 per litre,Buy 4 for the Price of 3,beer-wines-spirits
Thornbridge Ddh Jaipur Ddh Ipa ,Thornbridge Ddh Jaipur Ddh Ipa 440ml,£3,£6.82 per litre,Buy 4 for the Price of 3,beer-wines-spirits
Thornbridge Jaipur India Pale Ale ,Thornbridge Jaipur India Pale Ale 4 x 330ml,£6,£4.55 per litre,Buy 2 for £10,beer-wines-spirits
Three Barrels Brandy,Three Barrels Brandy1L,£24.50,£24.50 per litre,,beer-wines-spirits
Three Barrels Rare Brandy ,Three Barrels Rare Brandy 70cl,£14,£20.00 per litre,"Offer price £14, was £18.50",beer-wines-spirits
Three Fold Hard Seltzer Citrus (Abv 4%),Three Fold Hard Seltzer Citrus (Abv 4%)330ml,£2,£6.06 per litre,Buy 4 for £6,beer-wines-spirits
Three Fold Hard Seltzer Red Berries (Abv 4%),Three Fold Hard Seltzer Red Berries (Abv 4%)330ml,£2,£6.06 per litre,Buy 4 for £6,beer-wines-spirits
Three Fold Hard Seltzer Tropical  (Abv 4%),Three Fold Hard Seltzer Tropical  (Abv 4%)330ml,£2,£6.06 per litre,Buy 4 for £6,beer-wines-spirits
Tia Maria,Tia Maria70cl,£12,£17.14 per litre,"Offer price £12, was £15",beer-wines-spirits
Tia Maria Liqueur ,Tia Maria Liqueur 1L,£20,£20.00 per litre,,beer-wines-spirits
Tiger Asian Lager Beer Bottle,Tiger Asian Lager Beer Bottle640ml,£2.50,£3.91 per litre,Buy 4 for the Price of 3,beer-wines-spirits
Timothy Taylor's Boltmaker,Timothy Taylor's Boltmaker500ml,£2.50,£5.00 per litre,Buy 4 for the Price of 3,beer-wines-spirits
Timothy Taylor's Landlord Dark,Timothy Taylor's Landlord Dark500ml,£2.50,£5.00 per litre,Buy 4 for the Price of 3,beer-wines-spirits
Timothy Taylor's Landlord Strong Pale Ale Bottle,Timothy Taylor's Landlord Strong Pale Ale Bottle500ml,£2.50,£5.00 per litre,Buy 4 for the Price of 3,beer-wines-spirits
Tiny Rebel 505 Special,Tiny Rebel 505 Special440ml,£4.50,£1.02 per 100ml,Buy 4 for the Price of 3,beer-wines-spirits
Tiny Rebel Electric Boogaloo Passionfruit Lil Neipa,Tiny Rebel Electric Boogaloo...4 x 330ml,£6,45.4p per 100ml,"Offer price £6, was £7",beer-wines-spirits
Tiny Rebel Equalizer IPA,Tiny Rebel Equalizer IPA440ml,£3.50,79.5p per 100ml,Buy 4 for the Price of 3,beer-wines-spirits
Titanic Dark Strong Plum Porter (Abv 4.9%),Titanic Dark Strong Plum Porter (Abv 4.9%)500ml,£2,£4.00 per litre,Buy 4 for the Price of 3,beer-wines-spirits
Torres Vina Sol,Torres Vina Sol75cl,£6.50,£6.50 per 75cl,"Buy 6, Save 25%",beer-wines-spirits
Tower Brewery Burton Strong Ale,Tower Brewery Burton Strong Ale500ml,£2.25,£4.50 per litre,Buy 4 for the Price of 3,beer-wines-spirits
Translations Shiraz,Translations Shiraz75cl,£4.99,£4.99 per 75cl,,beer-wines-spirits
Tripel Karmeliet,Tripel Karmeliet750ml,£5.50,£7.33 per litre,,beer-wines-spirits
Trivento Golden Reserve Malbec,Trivento Golden Reserve Malbec75cl,£14,£14.00 per 75cl,"Buy 6, Save 25%",beer-wines-spirits
Trivento Private Reserve Malbec,Trivento Private Reserve Malbec75cl,£8,£8.00 per 75cl,"Buy 6, Save 25%",beer-wines-spirits
Trivento Reserve Malbec           ,Trivento Reserve Malbec           75cl,£7,£7.00 per 75cl,"Buy 6, Save 25%",beer-wines-spirits
Trivento Reserve Malbec ,Trivento Reserve Malbec 187ml,£2.50,£10.03 per 75cl,Buy 4 for the Price of 3,beer-wines-spirits
Trivento Rose ,Trivento Rose 75cl,£8,£10.67 per litre,"Buy 6, Save 25%",beer-wines-spirits
Trivento White Malbec,Trivento White Malbec75cl,£7,£9.33 per litre,"Buy 6, Save 25%",beer-wines-spirits
Trooper Ipa,Trooper Ipa500ml,£2,£4.00 per litre,Buy 4 for the Price of 3,beer-wines-spirits
Tullamore Dew Irish Whiskey,Tullamore Dew Irish Whiskey70cl,£20.50,£29.29 per litre,,beer-wines-spirits
Tullibardine Sovereign Single Malt Scotch Whisky ,Tullibardine Sovereign Single Malt Scotch Whisky 70cl,£37,£52.86 per litre,,beer-wines-spirits
Twin Fin Spiced Golden Rum,Twin Fin Spiced Golden Rum700ml,£27,£38.57 per litre,,beer-wines-spirits
Two Hoots Golden Ale  ,Two Hoots Golden Ale  500ml,£2,£4.00 per litre,Buy 4 for the Price of 3,beer-wines-spirits
Tyskie (Abv 5%),Tyskie (Abv 5%)500ml,£2,40p per 100ml,Buy 4 for the Price of 3,beer-wines-spirits
Tyskie (Abv 5%),Tyskie (Abv 5%)4 x 500ml,£6,£3.00 per litre,,beer-wines-spirits
Unicorn Premium Ale ,Unicorn Premium Ale 500ml,£1.75,£3.50 per litre,Buy 4 for the Price of 3,beer-wines-spirits
Vampire Vape All Day Grape 12mg,Vampire Vape All Day Grape 12mg10ml,£3.99,£3.99 per 10ml,,beer-wines-spirits
Vampire Vape All Day Grape 6mg,Vampire Vape All Day Grape 6mg10ml,£3.99,£3.99 per 10ml,,beer-wines-spirits
Vampire Vape Black Jack 12mg,Vampire Vape Black Jack 12mg10ml,£3.99,£3.99 per 10ml,,beer-wines-spirits
Vampire Vape Black Jack 6mg,Vampire Vape Black Jack 6mg10ml,£3.99,£3.99 per 10ml,,beer-wines-spirits
Vampire Vape Cola 12mg,Vampire Vape Cola 12mg10ml,£3.99,£3.99 per 10ml,,beer-wines-spirits
Vampire Vape Cola 6mg,Vampire Vape Cola 6mg10ml,£3.99,£3.99 per 10ml,,beer-wines-spirits
Vampire Vape Heisenberg 12mg,Vampire Vape Heisenberg 12mg10ml,£3.99,£3.99 per 10ml,,beer-wines-spirits
Vampire Vape Heisenberg 6mg,Vampire Vape Heisenberg 6mg10ml,£3.99,£3.99 per 10ml,,beer-wines-spirits
Vampire Vape Ice Menthol 12mg,Vampire Vape Ice Menthol 12mg10ml,£3.99,£3.99 per 10ml,,beer-wines-spirits
Vampire Vape Ice Menthol 6mg,Vampire Vape Ice Menthol 6mg10ml,£3.99,£3.99 per 10ml,,beer-wines-spirits
Vampire Vape Pinkman 12mg,Vampire Vape Pinkman 12mg10ml,£3.99,£3.99 per 10ml,,beer-wines-spirits
Vampire Vape Pinkman 6mg,Vampire Vape Pinkman 6mg10ml,£3.99,£3.99 per 10ml,,beer-wines-spirits
Vampire Vape Strawberry Burst 12mg,Vampire Vape Strawberry Burst 12mg10ml,£3.99,£3.99 per 10ml,,beer-wines-spirits
Vampire Vape Strawberry Burst 6mg,Vampire Vape Strawberry Burst 6mg10ml,£3.99,£3.99 per 10ml,,beer-wines-spirits
Vampire Vape Sweet Tobacco 6mg,Vampire Vape Sweet Tobacco 6mg,£3.99,,,beer-wines-spirits
Vapecom Blueberry Sour Raspberry 10mg,Vapecom Blueberry Sour Raspberry 10mg,£3.50,,,beer-wines-spirits
Vapecom Blueberry Sour Raspberry 20mg,Vapecom Blueberry Sour Raspberry 20mg,£3.50,,,beer-wines-spirits
Vapecom Kiwi Guava Passion Fruit 10mg,Vapecom Kiwi Guava Passion Fruit 10mg,£3.50,,,beer-wines-spirits
Vapecom Kiwi Guava Passion Fruit 20mg,Vapecom Kiwi Guava Passion Fruit 20mg,£3.50,,,beer-wines-spirits
Vapecom Peach Ice 10mg,Vapecom Peach Ice 10mg,£3.50,,,beer-wines-spirits
Vapecom Peach Ice 20mg,Vapecom Peach Ice 20mg,£3.50,,,beer-wines-spirits
Vapecom Pineapple Peach Mango 10mg,Vapecom Pineapple Peach Mango 10mg,£3.50,,,beer-wines-spirits
Vapecom Pineapple Peach Mango 20MG,Vapecom Pineapple Peach Mango 20MG,£3.50,,,beer-wines-spirits
Vapecom Strawberry Ice Cream 10mg,Vapecom Strawberry Ice Cream 10mg,£3.50,,,beer-wines-spirits
Vapecom Strawberry Ice Cream 20mg,Vapecom Strawberry Ice Cream 20mg,£3.50,,,beer-wines-spirits
Vapes Bars Ghost Blueberry Nrg 20mg,Vapes Bars Ghost Blueberry Nrg 20mg,£6,,,beer-wines-spirits
Vapes Bars Ghost Cinnamon Fireball Candy 20mg,Vapes Bars Ghost Cinnamon...,£6,,,beer-wines-spirits
Vapes Bars Ghost Cola Ice 20mg,Vapes Bars Ghost Cola Ice 20mg,£6,,,beer-wines-spirits
Vapes Bars Ghost Glacier Mint 20mg,Vapes Bars Ghost Glacier Mint 20mg,£6,,,beer-wines-spirits
Vapes Bars Ghost Grape Berries 20mg,Vapes Bars Ghost Grape Berries 20mg,£6,,,beer-wines-spirits
Vapes Bars Ghost Rainbow 20mg,Vapes Bars Ghost Rainbow 20mg,£6,,,beer-wines-spirits
Vapes Bars Ghost Raspberry Grapefruit Orange 20mg,Vapes Bars Ghost Raspberry...,£6,,,beer-wines-spirits
Vapes Bars Ghost Strawberry Lime 20mg,Vapes Bars Ghost Strawberry Lime 20mg,£6,,,beer-wines-spirits
Vapes Bars Ghost Watermelon Ice 20mg,Vapes Bars Ghost Watermelon Ice 20mg,£6,,,beer-wines-spirits
Vault City Dark Fruits Sour Beer,Vault City Dark Fruits Sour Beer440ml,£3.50,79.5p per 100ml,Buy 4 for the Price of 3,beer-wines-spirits
Vault City Peach & Passion Fruit Bellini Sour Beer,Vault City Peach & Passion...440ml,£3.50,79.5p per 100ml,Buy 4 for the Price of 3,beer-wines-spirits
Velo Freeze 11MG Pouch,Velo Freeze 11MG Pouch,£5.50,,,beer-wines-spirits
Velo Ice Cool Nicotine Pouches 10mg,Velo Ice Cool Nicotine Pouches 10mg20 per pack,£5.50,27.5p each,,beer-wines-spirits
Velo Polar Mint Nicotine Pouches 6mg,Velo Polar Mint Nicotine Pouches 6mg20 per pack,£5.50,27.5p each,,beer-wines-spirits
Veluti Pinot Grigio,Veluti Pinot Grigio75cl,£6.25,£6.25 per 75cl,Buy 2 for £10,beer-wines-spirits
Veuve Clicquot Champagne Vintage,Veuve Clicquot Champagne Vintage75cl,£64,£64.00 per 75cl,,beer-wines-spirits
Veuve Clicquot Yellow Label,Veuve Clicquot Yellow Label75cl,£49,£49.00 per 75cl,,beer-wines-spirits
Veuve Devanlay Champagne Brut,Veuve Devanlay Champagne Brut75cl,£22,£22.00 per 75cl,,beer-wines-spirits
Villa Cardea Sambuca ,Villa Cardea Sambuca 70cl,£17.50,£25.00 per litre,,beer-wines-spirits
Villa Maria Blush Sauvignon ,Villa Maria Blush Sauvignon 75cl,£8,£8.00 per 75cl,"Buy 6, Save 25%",beer-wines-spirits
Villa Maria Private Bin Pinot Noir ,Villa Maria Private Bin Pinot Noir 75cl,£11,£11.00 per 75cl,"Buy 6, Save 25%",beer-wines-spirits
Villa Maria Private Bin Sauvignon Blanc,Villa Maria Private Bin Sauvignon Blanc75cl,£10.50,£10.50 per 75cl,"Buy 6, Save 25%",beer-wines-spirits
Villa Maria Sauvignon Blanc Cellar Selection,Villa Maria Sauvignon Blanc Cellar Selection75cl,£9,£12.00 per litre,"Buy 6, Save 25%",beer-wines-spirits
Villigers Havana Seed Export Cigars  ,Villigers Havana Seed Export Cigars  5 per pack,£17.75,£3.55 each,,beer-wines-spirits
Villigers Rio 6 Pressed Cigars  ,Villigers Rio 6 Pressed Cigars  5 per pack,£13,£2.60 each,,beer-wines-spirits
Vinalba Patagonia Malbec,Vinalba Patagonia Malbec75cl,£9,£9.00 per 75cl,"Buy 6, Save 25%",beer-wines-spirits
Vinus By Paul MasClairette,Vinus By Paul MasClairette75cl,£6.50,£6.50 per 75cl,"Buy 6, Save 25%",beer-wines-spirits
Vinus By Paul Masmalbec,Vinus By Paul Masmalbec75cl,£7,£7.00 per 75cl,"Buy 6, Save 25%",beer-wines-spirits
Vitis Nostra Pinot Noir Rose,Vitis Nostra Pinot Noir Rose75cl,£5.50,£5.50 per 75cl,"Buy 6, Save 25%",beer-wines-spirits
VK Mixed Pack,VK Mixed Pack10 x 275ml,£11,£4.00 per litre,,beer-wines-spirits
Vocation Brewery Brew York Sweet Temptation Chocolate Caramel Stout,Vocation Brewery Brew York Sweet Tempta...440ml,£2.75,£6.25 per litre,Buy 4 for the Price of 3,beer-wines-spirits
Vocation Brewery Life & Death Ipa ,Vocation Brewery Life & Death Ipa 4 x 330ml,£6.50,£4.92 per litre,,beer-wines-spirits
Vocation Hop  Skip & Juice,Vocation Hop  Skip & Juice4 x 330ml,£6.50,£4.92 per litre,,beer-wines-spirits
Vocation Life & Death Ipa ,Vocation Life & Death Ipa 440ml,£3.50,£7.95 per litre,Buy 4 for the Price of 3,beer-wines-spirits
Vocation Smash & Grab Double Ipa,Vocation Smash & Grab Double Ipa440ml,£4,£9.09 per litre,Buy 4 for the Price of 3,beer-wines-spirits
Vogue Bleue Cigarettes,Vogue Bleue Cigarettes20 per pack,£15.90,79.5p each,,beer-wines-spirits
Vogue Compact Bleue Cigarettes,Vogue Compact Bleue Cigarettes20 per pack,£15.90,79.5p each,,beer-wines-spirits
Vuse E Pen Graphite Black Device Kit,Vuse E Pen Graphite Black Device Kit,£6.99,,,beer-wines-spirits
Vuse E Pod 2 Graphite Device Kit ,Vuse E Pod 2 Graphite Device Kit ,£4.99,,,beer-wines-spirits
Vuse ePods vPo Verry Berry 6MG,Vuse ePods vPo Verry Berry 6MG,£6.99,,,beer-wines-spirits
Vuse ePods vPro Chilled Mint 6MG,Vuse ePods vPro Chilled Mint 6MG,£6.99,,,beer-wines-spirits
Vuse ePods vPro Very Berry 12MG,Vuse ePods vPro Very Berry 12MG,£6.99,,,beer-wines-spirits
Vuse ePod vPro Tropical Mango 18MG,Vuse ePod vPro Tropical Mango 18MG,£6.99,,,beer-wines-spirits
Vuse Modern Disposable Blueberry Ice 20MG,Vuse Modern Disposable Blueberry Ice 20MG,£3.99,,,beer-wines-spirits
Vuse Modern Disposable Mango Ice 20MG,Vuse Modern Disposable Mango Ice 20MG,£3.99,,,beer-wines-spirits
Vuse Modern Disposable Mint Ice 20MG,Vuse Modern Disposable Mint Ice 20MG,£3.99,,,beer-wines-spirits
Vuse Modern Disposable Strawberry Ice 20MG,Vuse Modern Disposable Strawberry Ice 20MG,£3.99,,,beer-wines-spirits
Vuse Modern Disposable Tobacco 18MG,Vuse Modern Disposable Tobacco 18MG,£3.99,,,beer-wines-spirits
Vuse Modern Disposable Watermelon Ice 20MG,Vuse Modern Disposable Watermelon Ice 20MG,£3.99,,,beer-wines-spirits
Vuse Originals Blended Tobacco E-Liquid 18mg,Vuse Originals Blended Tobacco E-Liquid 18mg,£7.49,,,beer-wines-spirits
Vuse Originals Crisp Mint E-Liquid Pods 18mg,Vuse Originals Crisp Mint E-Liquid Pods 18mg,£7.49,,,beer-wines-spirits
Vuse Originals Dark Cherry E-Liquid Pods 18mg,Vuse Originals Dark Cherr...,£7.49,,,beer-wines-spirits
Vuse Originals Golden Tobacco E-Liquid Pods 18mg,Vuse Originals Golden Tobac...,£6.99,,,beer-wines-spirits
Vyko Paper Bar Blueberry Sour Raspberry 20MG,Vyko Paper Bar Blueberry Sour Raspberry 20MG,£5.99,,,beer-wines-spirits
Vyko Paper Bar Blue Menthol 20MG,Vyko Paper Bar Blue Menthol 20MG,£5.99,,,beer-wines-spirits
Vyko Paper Bar Grape & Ice 20MG,Vyko Paper Bar Grape & Ice 20MG,£5.99,,,beer-wines-spirits
Vyko Paper Bar Kiwi Passion Fruit 20MG,Vyko Paper Bar Kiwi Passion Fruit 20MG,£5.99,,,beer-wines-spirits
Vyko Paper Bar Pink Lemonade 20MG,Vyko Paper Bar Pink Lemonade 20MG,£5.99,,,beer-wines-spirits
Vyko Paper Bar Strawberry Watermelon 20MG,Vyko Paper Bar Strawb...,£5.99,,,beer-wines-spirits
Vype 18Mg/Ml Dark Cherry X2 E Pen 3 Cartridges,Vype 18Mg/Ml Dark Cherry...2 x 3 per pack,£6.99,£1.17 each,,beer-wines-spirits
Vype E Pod Starter Kit ,Vype E Pod Starter Kit ,£19.99,,,beer-wines-spirits
W.& J. Graham's Late Bottled Vintage Port,W.& J. Graham's Late Bottled Vintage Port750ml,£14,£14.00 per 75cl,,beer-wines-spirits
Wainwright Golden Ale Beer,Wainwright Golden Ale Beer500ml,£2.25,£4.50 per litre,Buy 4 for the Price of 3,beer-wines-spirits
Warner's Rhubarb Gin ,Warner's Rhubarb Gin 70cl,£36,£51.43 per litre,,beer-wines-spirits
Warnink's Advocaat,Warnink's Advocaat70cl,£11,£15.71 per litre,"Offer price £11, was £16.50",beer-wines-spirits
Warsteiner Premium German Beer,Warsteiner Premium German Beer660ml,£2.50,£3.79 per litre,Buy 4 for the Price of 3,beer-wines-spirits
Wells & Young's Courage Directors,Wells & Young's Courage Directors500ml,£2,£4.00 per litre,Buy 4 for the Price of 3,beer-wines-spirits
Well's Banana Bread Beer Bottle,Well's Banana Bread Beer Bottle500ml,£2.25,£4.50 per litre,Buy 4 for the Price of 3,beer-wines-spirits
Westmalle Trappist Tripel ,Westmalle Trappist Tripel 330ml,£3.25,£9.85 per litre,Buy 4 for the Price of 3,beer-wines-spirits
Westons Cider Old Rosie ,Westons Cider Old Rosie 2L,£5.35,£2.68 per litre,,beer-wines-spirits
Wharf Bank Tether Blond Pale Ale ,Wharf Bank Tether Blond Pale Ale 500ml,£2,£4.00 per litre,Buy 4 for the Price of 3,beer-wines-spirits
Whitley Neill Cut Gin,Whitley Neill Cut Gin70cl,£22,£31.43 per litre,,beer-wines-spirits
Whitley Neill Handcrafted Dry Gin Raspberry Gin (Abv 43%),Whitley Neill Handcrafted Dry Gin...70cl,£28,£40.00 per litre,,beer-wines-spirits
Whitley Neill Handcrafted Gin Blood Orange Gin (Abv 43%),Whitley Neill Handcrafted Gin B...70cl,£28,£40.00 per litre,,beer-wines-spirits
Whitley Neill HandCrafted Mango & Lime Gin ,Whitley Neill HandCrafted Mango & Lime Gin 70cl,£28,£40.00 per litre,,beer-wines-spirits
Whitley Neill HandCrafted Parma Violet Gin ,Whitley Neill HandCrafted Parma Violet Gin 70cl,£28,£30.00 per 75cl,,beer-wines-spirits
Whitley Neill Oriental Spiced Gin,Whitley Neill Oriental Spiced Gin70cl,£28,£40.00 per litre,,beer-wines-spirits
Whitley Neill Peach Gin ,Whitley Neill Peach Gin 70cl,£28,£30.00 per 75cl,,beer-wines-spirits
Whitley Neill Pineapple Gin,Whitley Neill Pineapple Gin70cl,£28,£40.00 per litre,,beer-wines-spirits
Whitley Neill Rhubarb & Ginger Gin,Whitley Neill Rhubarb & Ginger Gin70cl,£22,£31.43 per litre,,beer-wines-spirits
Whitstable Bay Organic Ale,Whitstable Bay Organic Ale500ml,£2,£4.00 per litre,Buy 4 for the Price of 3,beer-wines-spirits
Whitstable Bay Pale Ale,Whitstable Bay Pale Ale4 x 440ml,£4.75,£2.70 per litre,,beer-wines-spirits
Whyte & Mackay Blended Scotch Whisky,Whyte & Mackay Blended Scotch Whisky70cl,£14,£20.00 per litre,"Offer price £14, was £15",beer-wines-spirits
Whyte & Mackay Blended Scotch Whisky ,Whyte & Mackay Blended Scotch Whisky 1L,£17,£17.00 per litre,,beer-wines-spirits
Wilde Child Opaque Reality Milkshake Ipa ,Wilde Child Opaque Reality Milkshake Ipa 440ml,£3,£6.82 per litre,Buy 4 for the Price of 3,beer-wines-spirits
Wilde Child Shoot To Thrill Southern Hemisphere Ipa,Wilde Child Shoot To Thrill Southern Hemisphere Ipa440ml,£3.50,£7.95 per litre,Buy 4 for the Price of 3,beer-wines-spirits
Windsor Blue Bright Superkings Cigarettes,Windsor Blue Bright Superkings Cigarettes20 per pack,£12.65,63.3p each,,beer-wines-spirits
Windsor Blue Green Filter Superkings Cigarettes,Windsor Blue Green Filter Superkings Cigarettes20 per pack,£12.65,63.3p each,,beer-wines-spirits
Windsor Blue Green Filter Superkings Cigarettes Multipack,Windsor Blue Green Filter Superki...5 x 20 per pack,£63,63p each,,beer-wines-spirits
Windsor Blue J P S Superkings Real Blue Cigarettes,Windsor Blue J P S Superkin...10 x 20 per pack,£116.30,58.2p each,,beer-wines-spirits
Windsor Blue Real Blue Cigarettes,Windsor Blue Real Blue Cigarettes20 per pack,£12.65,63.3p each,,beer-wines-spirits
Windsor Blue Real Blue Superkings Cigarettes,Windsor Blue Real Blue Superkings Cigarettes20 per pack,£12.65,63.3p each,,beer-wines-spirits
Windsor Blue Real Blue Superkings Cigarettes Multipack,Windsor Blue Real Blue Superkin...5 x 20 per pack,£63,63p each,,beer-wines-spirits
Windsor Blue Superkings Cigarettes Multipack,Windsor Blue Superkings Cigarettes Multipack5 x 20 per pack,£63,63p each,,beer-wines-spirits
Wise Wolf Cabernet Sauvignon,Wise Wolf Cabernet Sauvignon75cl,£9,£9.00 per 75cl,"Buy 6, Save 25%",beer-wines-spirits
Wise Wolf Chardonnay,Wise Wolf Chardonnay75cl,£8,£8.00 per 75cl,"Buy 6, Save 25%",beer-wines-spirits
WKD Berry Blast,WKD Berry Blast700ml,£3.30,£4.71 per litre,Buy 2 for £6,beer-wines-spirits
WKD Blue Alcoholic Ready to Drink,WKD Blue Alcoholic Ready to Drink70cl,£3.30,£4.71 per litre,Buy 2 for £6,beer-wines-spirits
WKD Blue Alcoholic Ready to Drink Multipack,WKD Blue Alcoholic Ready to Drink Multipack4 x 275ml,£4.50,£4.10 per litre,"Offer price £4.50, was £5",beer-wines-spirits
WKD Blue Alcoholic Ready to Drink Multipack,WKD Blue Alcoholic Ready to Drink Multipack10 x 275ml,£10.50,£3.82 per litre,"Offer price £10.50, was £12",beer-wines-spirits
WKD Blue Lagoon,WKD Blue Lagoon700ml,£4,£5.71 per litre,"Offer price £4, was £5",beer-wines-spirits
Wkd Iron Brew ,Wkd Iron Brew 700ml,£3.30,£4.71 per litre,Buy 2 for £6,beer-wines-spirits
WKD Mixed Alcoholic Ready to Drink Multipack,WKD Mixed Alcoholic Ready to Drink Multipack10 x 275ml,£12,£4.36 per litre,,beer-wines-spirits
WKD Tropical Sunrise,WKD Tropical Sunrise700ml,£4,£5.71 per litre,"Offer price £4, was £5",beer-wines-spirits
Wm Morrison Palo Cortado ,Wm Morrison Palo Cortado 37.5cl,£5.50,£11.00 per 75cl,"Offer price £5.50, was £6.50",beer-wines-spirits
Wolf Blass House Of The Dragon Cabernet Shiraz,Wolf Blass House Of The Dragon Cabernet Shiraz75cl,£14,£14.00 per 75cl,"Buy 6, Save 25%",beer-wines-spirits
Wolf Blass Red Label Chardonnay Semillon,Wolf Blass Red Label Chardonnay Semillon75cl,£7.25,£7.25 per 75cl,"Buy 6, Save 25%",beer-wines-spirits
Wolf Blass Red Label Shiraz Cabernet,Wolf Blass Red Label Shiraz Cabernet75cl,£7.25,£7.25 per 75cl,"Buy 6, Save 25%",beer-wines-spirits
Wolf Blass Vineyards Chardonnay,Wolf Blass Vineyards Chardonnay75cl,£6.50,£6.50 per 75cl,Buy 2 for £10,beer-wines-spirits
Wolf Blass Vineyards Release Shiraz ,Wolf Blass Vineyards Release Shiraz 75cl,£6.50,£6.50 per 75cl,Buy 2 for £10,beer-wines-spirits
Wolf Blass Yellow Label Cabernet Sauvignon,Wolf Blass Yellow Label Cabernet Sauvignon75cl,£8.50,£8.50 per 75cl,"Buy 6, Save 25%",beer-wines-spirits
Wolf Blass Yellow Label Chardonnay,Wolf Blass Yellow Label Chardonnay75cl,£7.50,£7.50 per 75cl,"Buy 6, Save 25%",beer-wines-spirits
Woodbine Virginia Blend Cigarettes,Woodbine Virginia Blend Cigarettes20 per pack,£15.50,77.5p each,,beer-wines-spirits
Woodforde's Wherry ,Woodforde's Wherry 500ml,£2.25,£4.50 per litre,Buy 4 for the Price of 3,beer-wines-spirits
Woodforde's Wherry Amber Ale,Woodforde's Wherry Amber Ale4 x 440ml,£5.25,29.8p per 100ml,,beer-wines-spirits
Woodford Reserve Bourbon Whisky   ,Woodford Reserve Bourbon Whisky   70cl,£25,£35.71 per litre,"Offer price £25, was £32",beer-wines-spirits
Woods Old Navy Rum ,Woods Old Navy Rum 70cl,£25,£35.71 per litre,,beer-wines-spirits
Workshop Australian Red ,Workshop Australian Red 75cl,£4.79,£6.39 per litre,,beer-wines-spirits
Workshop Australia White,Workshop Australia White75cl,£4.79,£6.39 per litre,,beer-wines-spirits
Workshop Bench Blend Sauvignon Blanc,Workshop Bench Blend Sauvignon Blanc75cl,£4.99,£4.99 per 75cl,,beer-wines-spirits
Workshop Cabernet Sauvignon,Workshop Cabernet Sauvignon75cl,£4.99,£6.65 per litre,,beer-wines-spirits
Wrexham Lager ,Wrexham Lager 330ml,£2,60.6p per 100ml,Buy 4 for the Price of 3,beer-wines-spirits
Wychwood Brewery Dice Man Stout ,Wychwood Brewery Dice Man Stout 500ml,£2,£4.00 per litre,Buy 4 for the Price of 3,beer-wines-spirits
Wychwood Dry Neck (Abv 4%),Wychwood Dry Neck (Abv 4%)500ml,£1.09,£2.18 per litre,,beer-wines-spirits
Yealands Sauvignon Blanc Marlborough,Yealands Sauvignon Blanc Marlborough75cl,£7,93.3p per 100ml,"Buy 6, Save 25%",beer-wines-spirits
Yellow Tail Chardonnay,Yellow Tail Chardonnay75cl,£6.50,£6.50 per 75cl,"Buy 6, Save 25%",beer-wines-spirits
Yellow Tail Jammy Red Roo ,Yellow Tail Jammy Red Roo 75cl,£7.25,£7.25 per 75cl,"Buy 6, Save 25%",beer-wines-spirits
Yellow Tail Jammy Rose Roo ,Yellow Tail Jammy Rose Roo 75cl,£6.50,£6.50 per 75cl,"Buy 6, Save 25%",beer-wines-spirits
Yellow Tail Malbec  ,Yellow Tail Malbec  75cl,£6.50,£6.50 per 75cl,"Buy 6, Save 25%",beer-wines-spirits
Yellow Tail Merlot ,Yellow Tail Merlot 75cl,£7.25,£7.25 per 75cl,"Buy 6, Save 25%",beer-wines-spirits
Yellow Tail Pinot Grigio,Yellow Tail Pinot Grigio75cl,£7.25,£7.25 per 75cl,"Buy 6, Save 25%",beer-wines-spirits
Yellow Tail Pinot Grigio,Yellow Tail Pinot Grigio187ml,£2.49,£13.32 per litre,Buy 4 for the Price of 3,beer-wines-spirits
Yellow Tail Rose ,Yellow Tail Rose 75cl,£7.25,£7.25 per 75cl,"Buy 6, Save 25%",beer-wines-spirits
Yellow Tail Sauvignon Blanc,Yellow Tail Sauvignon Blanc75cl,£7.25,£7.25 per 75cl,"Buy 6, Save 25%",beer-wines-spirits
Yellow Tail Shiraz           ,Yellow Tail Shiraz           75cl,£7.25,£7.25 per 75cl,"Buy 6, Save 25%",beer-wines-spirits
Yellow Tail Shiraz,Yellow Tail Shiraz187ml,£2.49,£13.32 per litre,Buy 4 for the Price of 3,beer-wines-spirits
Yolo Banana Disposable Vape 20mg,Yolo Banana Disposable Vape 20mg,£5.99,,,beer-wines-spirits
Yolo Bar Banana 20mg,Yolo Bar Banana 20mg2ml,£5.99,£29.95 per 10ml,,beer-wines-spirits
Yolo Bar Blueberry 20mg,Yolo Bar Blueberry 20mg2ml,£5.99,£29.95 per 10ml,,beer-wines-spirits
Yolo Bar Blue Razz Lemonade 20mg,Yolo Bar Blue Razz Lemonade 20mg2ml,£5.99,£29.95 per 10ml,,beer-wines-spirits
Yolo Bar Grape Ice 20mg,Yolo Bar Grape Ice 20mg2ml,£5.99,£29.95 per 10ml,,beer-wines-spirits
Yolo Bar Kiwi Guava Passion Fruit 20mg,Yolo Bar Kiwi Guava Passion Fruit 20mg2ml,£5.99,£29.95 per 10ml,,beer-wines-spirits
Yolo Bar Lychee Ice 20mg,Yolo Bar Lychee Ice 20mg2ml,£5.99,£29.95 per 10ml,,beer-wines-spirits
Yolo Bar Mango Ice 20mg,Yolo Bar Mango Ice 20mg2ml,£5.99,£29.95 per 10ml,,beer-wines-spirits
Yolo Bar Menthol 20mg,Yolo Bar Menthol 20mg2ml,£5.99,£29.95 per 10ml,,beer-wines-spirits
Yolo Bar Mixed Berries 20mg,Yolo Bar Mixed Berries 20mg2ml,£5.99,£29.95 per 10ml,,beer-wines-spirits
Yolo Bar Pink Lemonade 20mg,Yolo Bar Pink Lemonade 20mg2ml,£5.99,£29.95 per 10ml,,beer-wines-spirits
Yolo Bar Strawberry Watermelon 20mg,Yolo Bar Strawberry Watermelon 20mg2ml,£5.99,£29.95 per 10ml,,beer-wines-spirits
Yolo Bar Watermelon Ice 20mg,Yolo Bar Watermelon Ice 20mg2ml,£5.99,£29.95 per 10ml,,beer-wines-spirits
Yolo Blueberry Disposable Vape 20mg,Yolo Blueberry Disposable Vape 20mg,£5.99,,,beer-wines-spirits
Yolo Grape Ice Disposable Vape 20mg,Yolo Grape Ice Disposable Vape 20mg,£5.99,,,beer-wines-spirits
Yolo Lychee Ice Disposable Vape 20mg,Yolo Lychee Ice Disposable Vape 20mg,£5.99,,,beer-wines-spirits
Yolo Mango Ice Disposable Vape 20mg,Yolo Mango Ice Disposable Vape 20mg,£5.99,,,beer-wines-spirits
Yolo Menthol Ice 20Mg,Yolo Menthol Ice 20Mg,£5.99,,,beer-wines-spirits
Yolo Mixed Berries Disposable Vape 20mg,Yolo Mixed Berries Disposable Vape 20mg,£5.99,,,beer-wines-spirits
Yolo Watermelon Ice Disposable Vape 20mg,Yolo Watermelon Ice Disposable Vape 20mg,£5.99,,,beer-wines-spirits
Zalze Bush Vine Chenin Blanc     ,Zalze Bush Vine Chenin Blanc     75cl,£7.25,£7.25 per 75cl,"Buy 6, Save 25%",beer-wines-spirits
Zarper Malbec Gran Reserva,Zarper Malbec Gran Reserva75cl,£8.50,£8.50 per 75cl,"Buy 6, Save 25%",beer-wines-spirits
Zarper Sauvignon Blanc Gran Reserva,Zarper Sauvignon Blanc Gran Reserva75cl,£7,£7.00 per 75cl,"Buy 6, Save 25%",beer-wines-spirits
Zig Zag Green Papers ,Zig Zag Green Papers ,£1.35,,,beer-wines-spirits
Schweppes Bitter Lemon ,Schweppes Bitter Lemon 1L,£1.90,19p per 100ml,,drinks
Diet Coke ,Diet Coke 1.25L,£1.00,8p per 100ml,,drinks
Volvic Touch of Fruit Sugar Free Strawberry Natural Flavoured Water,Volvic Touch of F...1.5L,£1.20,8p per 100ml,Buy 2 for £2,drinks
Schweppes Slimline Lemonade ,Schweppes Sli...2L,£1.35,6.8p per 100ml,,drinks
Alpro Soya Chilled Drink,Alpro Soya Chilled Drink1L,£1.95,£1.95 per litre,,drinks
Schweppes Original Soda Water ,Schweppes Origi...1L,£1.90,19p per 100ml,,drinks
evian Natural Mineral Water,evian Natural Mineral Water6 x 50cl,£2.65,8.8p per 100ml,,drinks
Red Bull Energy Drink Sugar Free,Red Bull Energy...4 x 250ml,£3.50,35p per 100ml,"Offer price £3.50, was £4.99",drinks
Schweppes Slimline Bitter Lemon ,Schweppes Sliml...1L,£1.90,19p per 100ml,,drinks
Diet Coke No Caffeine ,Diet Coke No Caffeine 2L,£1.99,10p per 100ml,Buy 2 for £3.50,drinks
Volvic Touch of Fruit Sugar Free Summer Fruits Natural Flavoured Water,Volvic Touch of F...1.5L,£1.20,8p per 100ml,Buy 2 for £2,drinks
Volvic Touch of Fruit Sugar Free Lemon & Lime Natural Flavoured Water,Volvic Touch of F...1.5L,£1.20,8p per 100ml,Buy 2 for £2,drinks
Schweppes Slimline Elderflower Tonic Water ,Schweppes Sliml...1L,£1.90,19p per 100ml,,drinks
Diet Coke ,Diet Coke 500ml,£1.79,35.8p per 100ml,Buy 2 for £2.50,drinks
Coca-Cola Zero Sugar ,Coca-Cola Zero Sugar 4 x 250ml,£2.50,25p per 100ml,"Offer price £2.50, was £3.89",drinks
Diet Coke ,Diet Coke 4 x 330ml,£2.50,18.9p per 100ml,,drinks
Diet Coke ,Diet Coke 8 x 330ml,£3.75,14.2p per 100ml,,drinks
Diet Coke No Caffeine ,Diet Coke No Caffeine 8 x 330ml,£3.75,14.2p per 100ml,,drinks
Red Bull Energy Drink Sugar Free ,Red Bull Energy D...8 x 250ml,£8.50,42.5p per 100ml,,drinks
Diet Coke,Diet Coke6 x 250ml,£5.39,35.9p per 100ml,,drinks
Morrisons Classic Houmous,Morrisons C...200g,£1.35,67.5p per 100g,Buy 2 for £2,drinks
Richmond 12 Thick Pork Sausages,Richmond 12 Thi...615g,£2.25,£3.66 per kg,"Offer price £2.25, was £3.25",drinks
Morrisons British Whole Chicken ,Morrisons Briti...1.4kg,£4.25,£3.04 per kg,Buy 3 for £10,drinks
evian Natural Mineral Water ,evian Natural Mineral Water 1.5L,£1.20,8p per 100ml,,drinks
Diet Coke ,Diet Coke 12 x 330ml,£5.50,13.9p per 100ml,,drinks
Coca-Cola Zero Sugar ,Coca-Cola Zero Sugar 6 x 250ml,£5.39,35.9p per 100ml,,drinks
Coca-Cola Zero Sugar Zero Caffeine ,Coca-Cola Zero Sugar Zero Caffeine 2L,£1.50,7.5p per 100ml,"Offer price £1.50, was £1.99",drinks
Coca-Cola Zero Sugar Zero Caffeine ,Coca-Cola Zero Sugar Zero Caffeine 8 x 330ml,£3,11.4p per 100ml,"Offer price £3, was £3.75",drinks
Diet Coke ,Diet Coke 30 x 330ml,£10,10.1p per 100ml,"Offer price £10, was £14 - Online Exclusive",drinks
Diet Coke,Diet Coke12 x 150ml,£4,22.2p per 100ml,,drinks
Schweppes Lemonade,Schweppes Lemonade2L,£1.35,6.8p per 100ml,,drinks
Schweppes Slimline Tonic Water ,Schweppes Slimline Tonic Water 12 x 150ml,£4,22.2p per 100ml,,drinks
7 Up Free                         ,7 Up Free                         6 x 330ml,£2.50,12.6p per 100ml,,drinks
7Up Free 24 X 330Ml,7Up Free 24 X 330Ml24 x 330ml,£7.50,9.5p per 100ml,,drinks
7Up Free Cherry,7Up Free Cherry2L,£1.50,75p per litre,"Offer price £1.50, was £1.65",drinks
7Up Free Cherry ,7Up Free Cherry 6 x 330ml,£2.50,12.6p per 100ml,,drinks
7Up Free Cherry,7Up Free Cherry24 x 330ml,£7.50,9.5p per 100ml,,drinks
7UP Free Sparkling Lemon & Lime Drink,7UP Free Sparkling Lemon & Lime Drink2L,£1.50,7.6p per 100ml,"Offer price £1.50, was £1.65",drinks
7Up Regular,7Up Regular2L,£1.50,7.5p per 100ml,"Offer price £1.50, was £1.90",drinks
Actimel 0% Fat Original Yogurt Drinks,Actimel 0% Fat Original Yogurt Drinks8 x 100g,£3.49,43.6p per 100g,,drinks
Actimel 0% Fat Original Yogurt Drinks,Actimel 0% Fat Original Yogurt Drinks12 x 100g,£3.25,27.1p per 100g,,drinks
Actimel 0% Fat Raspberry Yogurt Drinks,Actimel 0% Fat Raspberry Yogurt Drinks8 x 100g,£3.75,46.9p per 100g,,drinks
Actimel 0% Fat Strawberry Yogurt Drinks,Actimel 0% Fat Strawberry Yogurt Drinks8 x 100g,£3.75,46.9p per 100g,,drinks
Actimel Blueberry Yogurt Drinks,Actimel Blueberry Yogurt Drinks8 x 100g,£3.75,46.9p per 100g,,drinks
Actimel Multifruit Yogurt Drinks,Actimel Multifruit Yogurt Drinks8 x 100g,£3.75,46.9p per 100g,,drinks
Actimel Multifruit Yogurt Drinks,Actimel Multifruit Yogurt Drinks12 x 100g,£3.25,27.1p per 100g,,drinks
Actimel Strawberry & Blueberry Yogurt Drinks,Actimel Strawberry & Blueberry Yogurt Drinks12 x 100g,£3.25,27.1p per 100g,,drinks
Actimel Strawberry Yogurt Drinks,Actimel Strawberry Yogurt Drinks12 x 100g,£3.25,27.1p per 100g,,drinks
Actimel Strawberry Yogurt Drinks,Actimel Strawberry Yogurt Drinks8 x 100g,£3.75,46.9p per 100g,,drinks
"Actimel Superfruits Mango, Goji Berry & Turmeric","Actimel Superfruits Mango, Goji Berry & Turmeric8 x 100g",£3.49,43.6p per 100g,,drinks
Actimel Vanilla Yogurt Drinks,Actimel Vanilla Yogurt Drinks8 x 100g,£3.75,46.9p per 100g,,drinks
Alpro Almond Chilled Drink,Alpro Almond Chilled Drink1L,£2.10,£2.10 per litre,,drinks
Alpro Almond Long Life Drink,Alpro Almond Long Life Drink1L,£2,£2.00 per litre,,drinks
Alpro Almond No Sugars Long Life Drink ,Alpro Almond No Sugars Long Life Drink 1L,£1.50,£1.50 per litre,"Offer price £1.50, was £2",drinks
Alpro Coconut Chilled Drink,Alpro Coconut Chilled Drink1L,£2.10,£2.10 per litre,,drinks
Alpro Hazelnut Chilled Drink,Alpro Hazelnut Chilled Drink1L,£2.10,£2.10 per litre,,drinks
Alpro Hazelnut Long Life Drink,Alpro Hazelnut Long Life Drink1L,£1.50,£1.50 per litre,"Offer price £1.50, was £2.05",drinks
Alpro My Cuppa Soya Chilled Drink ,Alpro My Cuppa Soya Chilled Drink 750ml,£1.50,£2.00 per litre,"Offer price £1.50, was £1.85",drinks
Alpro Oat Long Life Drink,Alpro Oat Long Life Drink1L,£1.50,£1.50 per litre,"Offer price £1.50, was £2.10",drinks
Alpro Rice Long Life Drink,Alpro Rice Long Life Drink1L,£1.95,£1.95 per litre,,drinks
Alpro Soya Chilled Drink,Alpro Soya Chilled Drink1L,£1.95,£1.95 per litre,,drinks
Alpro Soya Chocolate Chilled Drink,Alpro Soya Chocolate Chilled Drink1L,£2.05,£2.05 per litre,,drinks
Alpro Soya Growing Up Long Life Drink,Alpro Soya Growing Up Long Life Drink1L,£1.95,£1.95 per litre,,drinks
Alpro Soya Light Chilled Drink,Alpro Soya Light Chilled Drink1L,£1.95,£1.95 per litre,,drinks
Alpro Soya Light Long Life Drink,Alpro Soya Light Long Life Drink1L,£1.89,£1.89 per litre,,drinks
Alpro Soya Long Life Drink,Alpro Soya Long Life Drink1L,£2,£2.00 per litre,,drinks
Alpro Soya No Sugars Chilled Drink,Alpro Soya No Sugars Chilled Drink1L,£1.95,£1.95 per litre,,drinks
Alpro Soya Strawberry Long Life Drink,Alpro Soya Strawberry Long Life Drink3 x 250ml,£1.95,£2.60 per litre,,drinks
Alpro Soya Unsweetened Long Life Drink,Alpro Soya Unsweetened Long Life Drink1L,£1.50,£1.50 per litre,"Offer price £1.50, was £2",drinks
Appletiser ,Appletiser 750ml,£2,26.7p per 100ml,,drinks
Appletiser 100% Apple Juice Lightly Sparkling,Appletiser 100% Apple Juice Lightly Sparkling6 x 250ml,£4.69,31.3p per 100ml,,drinks
Aqua Libra Sparkling Water Cucumber Mint & Lime ,Aqua Libra Sparkling Water...4 x 330ml,£3.35,25.4p per 100ml,,drinks
Aqua Libra Sparkling Water Raspberry & Blackcurrant ,Aqua Libra Sparkling Water Ra...4 x 330ml,£3.35,25.4p per 100ml,,drinks
Arctic Cafe Latte,Arctic Cafe Latte330ml,£1,£3.03 per litre,"Offer price £1, was £1.15",drinks
Arctic Coffee Cafe Latte,Arctic Coffee Cafe Latte1L,£2.19,21.9p per 100ml,,drinks
Arctic Coffee Caramel Latte,Arctic Coffee Caramel Latte330ml,£1,£3.03 per litre,"Offer price £1, was £1.15",drinks
Arctic Coffee Caramel Latte Iced Coffee ,Arctic Coffee Caramel Latte Iced Coffee 1L,£2.19,£2.19 per litre,,drinks
Arctic Coffee Intenso,Arctic Coffee Intenso330ml,£1,30.3p per 100ml,"Offer price £1, was £1.15",drinks
Arctic Coffee Intenso,Arctic Coffee Intenso1L,£2.19,21.9p per 100ml,,drinks
Arctic Coffee Skinny Latte,Arctic Coffee Skinny Latte330ml,£1,£3.03 per litre,"Offer price £1, was £1.15",drinks
Arctic Coffee White Chocolate,Arctic Coffee White Chocolate330ml,£1,£3.03 per litre,"Offer price £1, was £1.15",drinks
Barr American Cream Soda,Barr American Cream Soda2L,£1.09,5.5p per 100ml,,drinks
Barr American Cream Soda ,Barr American Cream Soda 24 x 330ml,£7,8.8p per 100ml,Buy Any 3 Packs of Pop for £20,drinks
Barr Cherryade ,Barr Cherryade 24 x 330ml,£7,8.8p per 100ml,Buy Any 3 Packs of Pop for £20,drinks
Barr Lemonade,Barr Lemonade2L,£1.09,5.5p per 100ml,,drinks
Barr Lemonade ,Barr Lemonade 24 x 330ml,£7,8.8p per 100ml,Buy Any 3 Packs of Pop for £20,drinks
Barr Limeade,Barr Limeade2L,£1.09,5.5p per 100ml,,drinks
Barr Red Kola,Barr Red Kola2L,£1.09,5.5p per 100ml,,drinks
Belvoir Fruit Elderflower Cordial ,Belvoir Fruit Elderflower Cordial 500ml,£3,60p per 100ml,"Offer price £3, was £4.35",drinks
Belvoir Fruit Farms Elderflower Presse ,Belvoir Fruit Farms Elderflower Presse 750ml,£2.25,30p per 100ml,"Offer price £2.25, was £3.50",drinks
Belvoir Fruit Farms Ginger Beer ,Belvoir Fruit Farms Ginger Beer 750ml,£2.25,30p per 100ml,"Offer price £2.25, was £3.50",drinks
Belvoir Fruit Farms Raspberry Lemonade ,Belvoir Fruit Farms Raspberry Lemonade 750ml,£2.25,30p per 100ml,"Offer price £2.25, was £3.50",drinks
Belvoir Fruit Ginger Cordial ,Belvoir Fruit Ginger Cordial 500ml,£3,60p per 100ml,"Offer price £3, was £4.35",drinks
Benecol Blueberry Smooth Yogurt Drinks,Benecol Blueberry Smooth Yogurt Drinks6 x 67.5g,£3.70,91.4p per 100g,"Offer price £3.70, was £4.29",drinks
Benecol Original No Added Sugar Yogurt Drink,Benecol Original No Added Sugar Yogurt Drink6 x 67.5g,£3.70,91.4p per 100g,"Offer price £3.70, was £4.29",drinks
Benecol Peach & Apricot No Added Sugar Yogurt Drink,Benecol Peach & Apricot No Ad...6 x 67.5g,£3.70,91.4p per 100g,"Offer price £3.70, was £4.29",drinks
Benecol Raspberry No Added Sugar Yogurt Drink ,Benecol Raspberry No Added Sugar Yogurt Drink 6 x 67.5g,£3.70,91.4p per 100g,"Offer price £3.70, was £4.29",drinks
Benecol Strawberry Yogurt Drink,Benecol Strawberry Yogurt Drink6 x 67.5g,£3.70,91.4p per 100g,"Offer price £3.70, was £4.29",drinks
Big Tom Spiced Tomato Juice,Big Tom Spiced Tomato Juice75cl,£3.10,41.3p per 100ml,,drinks
Biotiful Kefir Mango,Biotiful Kefir Mango500ml,£2.59,51.8p per 100ml,,drinks
Biotiful Kefir Original,Biotiful Kefir Original500ml,£2.59,51.8p per 100ml,,drinks
Bottlegreen Elderflower Cordial,Bottlegreen Elderflower Cordial500ml,£3.40,68p per 100ml,,drinks
Bottlegreen Ginger & Lemongrass Cordial,Bottlegreen Ginger & Lemongrass Cordial500ml,£3.40,68p per 100ml,,drinks
Bottlegreen Pomegranate & Elderflower Sparkling Presse,Bottlegreen Pomegranate & Elder...750ml,£3,40p per 100ml,Buy 2 for £4.50,drinks
Bottlegreen Sparkling Light Elderflower Presse,Bottlegreen Sparkling Light Elderflower Presse750ml,£3,40p per 100ml,Buy 2 for £4.50,drinks
Brecon Carreg Still Natural Mineral Water,Brecon Carreg Still Natural Mineral Water6 x 1.5L,£3,3.3p per 100ml,,drinks
Brecon Carreg Still Natural Mineral Water,Brecon Carreg Still Natural Mineral Water12 x 500ml,£3.20,5.3p per 100ml,,drinks
Bundaberg Ginger Beer,Bundaberg Ginger Beer4 x 375ml,£3.99,26.6p per 100ml,"Offer price £3.99, was £4.75",drinks
Buxton Still Natural Mineral Water,Buxton Still Natural Mineral Water8 x 500ml,£2,5p per 100ml,"Offer price £2, was £2.50",drinks
Buxton Still Water ,Buxton Still Water 500ml,58p,11.6p per 100ml,,drinks
Buxton Still Water Sports Cap,Buxton Still Water Sports Cap1L,95p,95p per litre,Food To Go Meal Deal for £3.50,drinks
Califia Farms Cold Brew Caramel Oat Coffee,Califia Farms Cold Brew Caramel Oat Coffee,£2.95,,,drinks
Califia Farms Mocha Cold Brew Coffee With Almond,Califia Farms Mocha Cold Brew Coffee With Almond250ml,£1.50,60p per 100ml,"Offer price £1.50, was £1.99",drinks
Califia Farms Mocha Cold Brew Coffee With Almond,Califia Farms Mocha Cold Brew Coffee With Almond750ml,£2.95,39.3p per 100ml,,drinks
Califia Farms XX Espresso Cold Brew Coffee With Almond,Califia Farms XX Espresso Cold...250ml,£1.50,60p per 100ml,"Offer price £1.50, was £1.99",drinks
Capri-Sun Blackcurrant ,Capri-Sun Blackcurrant 8 x 200ml,£3,18.8p per 100ml,,drinks
Capri-Sun Blackcurrant ,Capri-Sun Blackcurrant 4 x 200ml,£1.50,18.8p per 100ml,Buy 2 for £2.50,drinks
Capri-Sun No Added Sugar Multivitamin Apple and Blackcurrant Squash ,Capri-Sun No Added Sugar Multivitamin A...1L,£2.25,£2.25 per litre,,drinks
Capri-Sun No Added Sugar Multivitamin Orange Squash ,Capri-Sun No Added Sugar Mult...1L,£2.25,£2.25 per litre,,drinks
Capri-Sun Nothing Artificial No Added Sugar Multivitamin ,Capri-Sun Nothing Artificial No A...8 x 200ml,£2.50,15.6p per 100ml,,drinks
Capri-Sun Nothing Artificial No Added Sugar Orange ,Capri-Sun Nothing Artificial...8 x 200ml,£3,18.8p per 100ml,,drinks
Capri-Sun Orange ,Capri-Sun Orange 8 x 200ml,£3,18.8p per 100ml,,drinks
Capri-Sun Orange ,Capri-Sun Orange 4 x 200ml,£1.50,18.8p per 100ml,Buy 2 for £2.50,drinks
Capri-Sun Tropical ,Capri-Sun Tropical 8 x 200ml,£3,18.8p per 100ml,,drinks
Carabao Energy Drink Green Apple,Carabao Energy Drink Green Apple330ml,70p,21.2p per 100ml,Buy 3 for £1.85,drinks
Carabao Energy Drink Green Apple,Carabao Energy Drink Green Apple500ml,75p,15p per 100ml,"Offer price 75p, was £1.09",drinks
Carabao Energy Drink Mango Burst,Carabao Energy Drink Mango Burst330ml,70p,21.2p per 100ml,Buy 3 for £1.85,drinks
Carabao Energy Drink Mixed Berry ,Carabao Energy Drink Mixed Berry 330ml,70p,21.2p per 100ml,Buy 3 for £1.85,drinks
Carabao Energy Drink Mixed Berry,Carabao Energy Drink Mixed Berry500ml,75p,15p per 100ml,"Offer price 75p, was £1.09",drinks
Carabao Energy Drink Orange Blast,Carabao Energy Drink Orange Blast330ml,70p,21.2p per 100ml,Buy 3 for £1.85,drinks
Carabao Energy Drink Original,Carabao Energy Drink Original330ml,70p,21.2p per 100ml,Buy 3 for £1.85,drinks
Carabao Energy Drink Sugar Free Green Apple,Carabao Energy Drink Sugar Free Green Apple330ml,70p,21.2p per 100ml,Buy 3 for £1.85,drinks
Cawston Press Apple & Ginger Juice,Cawston Press Apple & Ginger Juice1L,£2.70,27p per 100ml,,drinks
Cawston Press Apple & Mango,Cawston Press Apple & Mango3 x 200ml,£1.35,22.5p per 100ml,"Offer price £1.35, was £1.75",drinks
Cawston Press Apple & Pear Fruit Water ,Cawston Press Apple & Pear Fruit Water 3 x 200ml,£1.35,22.5p per 100ml,"Offer price £1.35, was £1.75",drinks
Cawston Press Brilliant Beetroot Juice,Cawston Press Brilliant Beetroot Juice1L,£2.90,29p per 100ml,,drinks
Cawston Press Rhubarb & Sparkling Water ,Cawston Press Rhubarb & Sparkling Water 4 x 330ml,£3,22.7p per 100ml,"Offer price £3, was £4.30",drinks
Cherrygood Classic Cherry Juice Drink,Cherrygood Classic Cherry Juice Drink1L,£1.85,18.5p per 100ml,,drinks
Cidona Apple Drink,Cidona Apple Drink2L,£2,10p per 100ml,,drinks
Coca-Cola Cherry,Coca-Cola Cherry500ml,£1.79,35.8p per 100ml,Buy 2 for £2.70,drinks
Coca-Cola Cherry,Coca-Cola Cherry1.75L,£2.25,12.9p per 100ml,,drinks
Coca-Cola Cherry ,Coca-Cola Cherry 8 x 330ml,£4.80,18.2p per 100ml,,drinks
Coca-Cola Cherry Zero Sugar ,Coca-Cola Cherry Zero Sugar 2L,£1.50,7.5p per 100ml,"Offer price £1.50, was £1.99",drinks
Coca-Cola Original Taste,Coca-Cola Original Taste12 x 150ml,£4.50,25p per 100ml,,drinks
Coca-Cola Original Taste,Coca-Cola Original Taste1.25L,£1.75,14p per 100ml,,drinks
Coca-Cola Original Taste,Coca-Cola Original Taste8 x 330ml,£4.80,18.2p per 100ml,,drinks
Coca-Cola Original Taste ,Coca-Cola Original Taste 24 x 330ml,£12.50,15.8p per 100ml,"Offer price £12.50, was £13",drinks
Coca-Cola Original Taste ,Coca-Cola Original Taste 4 x 250ml,£3,30p per 100ml,"Offer price £3, was £4.25",drinks
Coca-Cola Original Taste ,Coca-Cola Original Taste 10 x 330ml,£6.65,20.2p per 100ml,,drinks
Coca-Cola Original Taste ,Coca-Cola Original Taste 500ml,£1.79,35.8p per 100ml,Buy 2 for £2.70,drinks
Coca-Cola Original Taste ,Coca-Cola Original Taste 330ml,£1,30.3p per 100ml,,drinks
Coca-Cola Original Taste,Coca-Cola Original Taste1.75L,£2.75,£1.57 per litre,Buy 2 for £4,drinks
Coca-Cola Original Taste,Coca-Cola Original Taste6 x 250ml,£2.50,16.7p per 100ml,"Offer price £2.50, was £3.75",drinks
Coca-Cola Zero Sugar ,Coca-Cola Zero Sugar 8 x 330ml,£3.75,14.2p per 100ml,,drinks
Coca-Cola Zero Sugar ,Coca-Cola Zero Sugar 12 x 330ml,£5.50,13.9p per 100ml,,drinks
Coca-Cola Zero Sugar ,Coca-Cola Zero Sugar 1.25L,£1,8p per 100ml,,drinks
Coca-Cola Zero Sugar ,Coca-Cola Zero Sugar 24 x 330ml,£6.99,8.8p per 100ml,"Offer price £6.99, was £8.50",drinks
Coca-Cola Zero Sugar ,Coca-Cola Zero Sugar 30 x 330ml,£10,10.1p per 100ml,"Offer price £10, was £14 - Online Exclusive",drinks
Coca-Cola Zero Sugar ,Coca-Cola Zero Sugar 4 x 250ml,£2.50,25p per 100ml,"Offer price £2.50, was £3.89",drinks
Coca-Cola Zero Sugar ,Coca-Cola Zero Sugar 2L,£1.99,10p per 100ml,Buy 2 for £3.50,drinks
Coca-Cola Zero Sugar,Coca-Cola Zero Sugar6 x 250ml,£2,13.3p per 100ml,"Offer price £2, was £3.20",drinks
Coca-Cola Zero Sugar ,Coca-Cola Zero Sugar 500ml,£1.79,35.8p per 100ml,Buy 2 for £2.50,drinks
Coca-Cola Zero Sugar ,Coca-Cola Zero Sugar 6 x 250ml,£5.39,35.9p per 100ml,,drinks
Coca-Cola Zero Sugar,Coca-Cola Zero Sugar1L,£1.20,12p per 100ml,,drinks
Coca-Cola Zero Sugar ,Coca-Cola Zero Sugar 4 x 330ml,£2.50,18.9p per 100ml,,drinks
Coca-Cola Zero Sugar,Coca-Cola Zero Sugar330ml,95p,28.8p per 100ml,,drinks
Coca-Cola Zero Sugar Cherry ,Coca-Cola Zero Sugar Cherry 8 x 330ml,£3,11.4p per 100ml,"Offer price £3, was £3.75",drinks
Coca-Cola Zero Sugar Cherry ,Coca-Cola Zero Sugar Cherry 500ml,£1.79,35.8p per 100ml,Buy 2 for £2.50,drinks
Coca-Cola Zero Sugar Vanilla ,Coca-Cola Zero Sugar Vanilla 2L,£1.50,7.5p per 100ml,"Offer price £1.50, was £1.99",drinks
Coca-Cola Zero Sugar Vanilla ,Coca-Cola Zero Sugar Vanilla 8 x 330ml,£3,11.4p per 100ml,"Offer price £3, was £3.75",drinks
Coca-Cola Zero Sugar Zero Caffeine ,Coca-Cola Zero Sugar Zero Caffeine 8 x 330ml,£3,11.4p per 100ml,"Offer price £3, was £3.75",drinks
Coca-Cola Zero Sugar Zero Caffeine ,Coca-Cola Zero Sugar Zero Caffeine 2L,£1.50,7.5p per 100ml,"Offer price £1.50, was £1.99",drinks
Copella Apple & Elderflower Juice ,Copella Apple & Elderflower Juice 1.35L,£3.75,27.8p per 100ml,,drinks
Copella Cloudy Apple Juice,Copella Cloudy Apple Juice1.35L,£3.75,27.8p per 100ml,,drinks
Costa Coffee Caramel Latte ,Costa Coffee Caramel Latte 250ml,£1.25,50p per 100ml,"Offer price £1.25, was £1.80",drinks
Costa Coffee Caramel Latte,Costa Coffee Caramel Latte750ml,£3,40p per 100ml,,drinks
Costa Coffee Flat White,Costa Coffee Flat White200ml,£1.25,62.5p per 100ml,"Offer price £1.25, was £1.80",drinks
Costa Coffee Latte ,Costa Coffee Latte 250ml,£1.25,50p per 100ml,"Offer price £1.25, was £1.80",drinks
Costa Vanilla Latte,Costa Vanilla Latte250ml,£1.25,50p per 100ml,"Offer price £1.25, was £1.80",drinks
Cravendale Semi Skimmed Milk,Cravendale Semi Skimmed Milk2L,£2.69,£1.35 per litre,Buy 2 for £4,drinks
Cravendale Semi Skimmed Milk,Cravendale Semi Skimmed Milk1L,£1.99,£1.99 per litre,,drinks
Cravendale Skimmed Milk,Cravendale Skimmed Milk2L,£2.69,£1.35 per litre,Buy 2 for £4,drinks
Cravendale Whole Milk,Cravendale Whole Milk1L,£1.99,£1.99 per litre,,drinks
Crusha Chocolate Milkshake Mix No Add Sugar ,Crusha Chocolate Milksh...500ml,£1.79,£3.58 per litre,,drinks
Diet Coke,Diet Coke12 x 150ml,£4,22.2p per 100ml,,drinks
Diet Coke ,Diet Coke 8 x 330ml,£3.75,14.2p per 100ml,,drinks
Diet Coke ,Diet Coke 12 x 330ml,£5.50,13.9p per 100ml,,drinks
Diet Coke ,Diet Coke 1.25L,£1,8p per 100ml,,drinks
Diet Coke ,Diet Coke 24 x 330ml,£6.99,8.8p per 100ml,"Offer price £6.99, was £8.50",drinks
Diet Coke,Diet Coke330ml,95p,28.8p per 100ml,Food To Go Meal Deal for £3.50,drinks
Diet Coke ,Diet Coke 30 x 330ml,£10,10.1p per 100ml,"Offer price £10, was £14 - Online Exclusive",drinks
Diet Coke ,Diet Coke 2L,£1.99,10p per 100ml,Buy 2 for £3.50,drinks
Diet Coke ,Diet Coke 4 x 250ml,£2.50,25p per 100ml,"Offer price £2.50, was £3.89",drinks
Diet Coke,Diet Coke6 x 250ml,£2,13.3p per 100ml,"Offer price £2, was £3.20",drinks
Diet Coke ,Diet Coke 500ml,£1.79,35.8p per 100ml,Buy 2 for £2.50,drinks
Diet Coke,Diet Coke6 x 250ml,£5.39,35.9p per 100ml,,drinks
Diet Coke,Diet Coke1L,£1.20,12p per 100ml,,drinks
Diet Coke ,Diet Coke 4 x 330ml,£2.50,18.9p per 100ml,,drinks
Diet Coke No Caffeine ,Diet Coke No Caffeine 8 x 330ml,£3.75,14.2p per 100ml,,drinks
Diet Coke No Caffeine ,Diet Coke No Caffeine 2L,£1.99,10p per 100ml,Buy 2 for £3.50,drinks
Diet Pepsi,Diet Pepsi2L,£1.99,10p per 100ml,Buy 2 for £3.50,drinks
Diet Pepsi,Diet Pepsi1.25L,£1,8p per 100ml,"Offer price £1, was £1.40",drinks
Diet Pepsi Caffeine Free,Diet Pepsi Caffeine Free2L,£1.99,10p per 100ml,Buy 2 for £3.50,drinks
Diet Pepsi Caffeine Free    ,Diet Pepsi Caffeine Free    8 x 330ml,£3.85,14.6p per 100ml,,drinks
Diet Pepsi Cans,Diet Pepsi Cans8 x 330ml,£3.85,14.6p per 100ml,,drinks
Diet Pepsi Cans,Diet Pepsi Cans24 x 330ml,£9.50,12p per 100ml,,drinks
Don Simon Lemon & Strawberry Juice,Don Simon Lemon & Strawberry Juice1.5L,£1.25,8.3p per 100ml,,drinks
Dr Pepper ,Dr Pepper 2L,£1.99,10p per 100ml,Buy 2 for £3,drinks
Dr Pepper,Dr Pepper4 x 330ml,£2.50,18.9p per 100ml,,drinks
Dr Pepper ,Dr Pepper 8 x 330ml,£3.50,13.3p per 100ml,,drinks
Dr Pepper ,Dr Pepper 18 x 330ml,£6.50,10.9p per 100ml,"Offer price £6.50, was £7.50",drinks
Dr Pepper,Dr Pepper6 x 250ml,£2,13.3p per 100ml,"Offer price £2, was £3.20",drinks
Dr Pepper,Dr Pepper500ml,£1.79,35.8p per 100ml,Buy 2 for £2.50,drinks
Dr Pepper Zero,Dr Pepper Zero2L,£1.99,10p per 100ml,Buy 2 for £3,drinks
Dr Pepper Zero,Dr Pepper Zero500ml,£1.79,35.8p per 100ml,Buy 2 for £2.50,drinks
Dunn's River Nurishment Strawberry Milk,Dunn's River Nurishment Strawberry Milk400g,£1.49,£3.73 per kg,,drinks
Dunn's River Nurishment Vanilla Milk,Dunn's River Nurishment Vanilla Milk400g,£1.49,£3.73 per kg,,drinks
Emmi Caffe Latte Cappuccino,Emmi Caffe Latte Cappuccino230ml,£1.25,£5.43 per litre,"Offer price £1.25, was £1.85",drinks
Emmi Caffe Latte Popcorn,Emmi Caffe Latte Popcorn230ml,£1.25,54.3p per 100ml,"Offer price £1.25, was £1.85",drinks
Emmi Caffe Latte Skinny,Emmi Caffe Latte Skinny230ml,£1.25,£5.43 per litre,"Offer price £1.25, was £1.85",drinks
evian Natural Mineral Water,evian Natural Mineral Water6 x 50cl,£2.65,8.8p per 100ml,,drinks
evian Natural Mineral Water,evian Natural Mineral Water6 x 1.5L,£5,5.6p per 100ml,,drinks
evian Natural Mineral Water,evian Natural Mineral Water500ml,90p,18p per 100ml,,drinks
evian Natural Mineral Water ,evian Natural Mineral Water 1.5L,£1.20,8p per 100ml,,drinks
evian Natural Mineral Water Sports cap,evian Natural Mineral Water Sports cap4 x 75cl,£3.20,10.7p per 100ml,,drinks
evian Natural Mineral Water Sports Cap,evian Natural Mineral Water Sports Cap750ml,£1.25,16.7p per 100ml,,drinks
Evian Sparkling Water Can,Evian Sparkling Water Can330ml,80p,24.2p per 100ml,,drinks
Fanta Fruit Twist,Fanta Fruit Twist2L,£1.99,10p per 100ml,Buy 2 for £3,drinks
Fanta Fruit Twist ,Fanta Fruit Twist 500ml,£1.79,35.8p per 100ml,Buy 2 for £2.50,drinks
Fanta Fruit Twist Zero,Fanta Fruit Twist Zero2L,£1.99,10p per 100ml,Buy 2 for £3,drinks
Fanta Lemon,Fanta Lemon2L,£1.99,10p per 100ml,Buy 2 for £3,drinks
Fanta Orange ,Fanta Orange 2L,£1.99,10p per 100ml,Buy 2 for £3,drinks
Fanta Orange ,Fanta Orange 4 x 330ml,£2.50,18.9p per 100ml,,drinks
Fanta Orange ,Fanta Orange 8 x 330ml,£3.50,13.3p per 100ml,,drinks
Fanta Orange ,Fanta Orange 18 x 330ml,£6.50,10.9p per 100ml,"Offer price £6.50, was £7.50",drinks
Fanta Orange,Fanta Orange6 x 250ml,£2,13.3p per 100ml,"Offer price £2, was £3.20",drinks
Fanta Orange,Fanta Orange500ml,£1.79,35.8p per 100ml,Buy 2 for £2.50,drinks
Fanta Orange Zero,Fanta Orange Zero2L,£1.99,10p per 100ml,Buy 2 for £3,drinks
Fanta Orange Zero ,Fanta Orange Zero 8 x 330ml,£3.50,13.3p per 100ml,,drinks
Fanta Orange Zero ,Fanta Orange Zero 500ml,£1.79,35.8p per 100ml,Buy 2 for £2.50,drinks
Fanta Pineapple & Grapefruit,Fanta Pineapple & Grapefruit500ml,£1.79,35.8p per 100ml,Buy 2 for £2.50,drinks
Fanta Pineapple & Grapefruit Zero Sugar,Fanta Pineapple & Grapefruit Zero Sugar2L,£1.99,10p per 100ml,Buy 2 for £3,drinks
Fanta Where The Fanta Zero,Fanta Where The Fanta Zero2L,£1.99,10p per 100ml,Buy 2 for £3,drinks
Feel Good Drinks Peach & Passionfruit Fruitful Sparkling Water ,Feel Good Drinks Peach & Passionfruit...4 x 330ml,£1.50,11.4p per 100ml,"Offer price £1.50, was £3.50",drinks
Feel Good Drinks Rhubard & Apple Fruitful Sparkling Water ,Feel Good Drinks Rhubard & Apple...4 x 330ml,£1.50,11.4p per 100ml,"Offer price £1.50, was £3.50",drinks
Fentimans Dandelion & Burdock ,Fentimans Dandelion & Burdock 750ml,£2.50,33.4p per 100ml,"Offer price £2.50, was £3.50",drinks
Fentimans Natural Ginger Beer ,Fentimans Natural Ginger Beer 750ml,£2.50,33.4p per 100ml,"Offer price £2.50, was £3.50",drinks
Fentimans Traditional Curiosity Cola,Fentimans Traditional Curiosity Cola750ml,£2.50,33.4p per 100ml,"Offer price £2.50, was £3.50",drinks
Fentimans Traditional Rose Lemonade,Fentimans Traditional Rose Lemonade750ml,£2.50,33.4p per 100ml,"Offer price £2.50, was £3.50",drinks
Fever-Tree Italian Blood Orange Soda ,Fever-Tree Italian Blood Orange Soda 500ml,£2,40p per 100ml,,drinks
Fever-Tree Light Aromatic Tonic,Fever-Tree Light Aromatic Tonic8 x 150ml,£4.75,39.6p per 100ml,Buy 2 for £8.50,drinks
Fever-Tree Light Aromatic Tonic,Fever-Tree Light Aromatic Tonic500ml,£1.70,34p per 100ml,"Offer price £1.70, was £2",drinks
Fever-Tree Light Elderflower Tonic,Fever-Tree Light Elderflower Tonic500ml,£1.70,34p per 100ml,"Offer price £1.70, was £2",drinks
Fever-Tree Light Elderflower Tonic,Fever-Tree Light Elderflower Tonic8 x 150ml,£4.75,39.6p per 100ml,Buy 2 for £8.50,drinks
Fever-Tree Light Mediterranean Tonic,Fever-Tree Light Mediterranean Tonic500ml,£1.70,34p per 100ml,"Offer price £1.70, was £2",drinks
Fever-Tree Light Mediterranean Tonic,Fever-Tree Light Mediterranean Tonic8 x 150ml,£4.75,39.6p per 100ml,Buy 2 for £8.50,drinks
Fever-Tree Light Spiced Orange Ginger Ale,Fever-Tree Light Spiced Orange Ginger Ale500ml,£2,40p per 100ml,,drinks
Fever-Tree Light Tonic Water,Fever-Tree Light Tonic Water15 x 150ml,£8.25,36.7p per 100ml,,drinks
Fever-Tree Mediterranean Tonic Water,Fever-Tree Mediterranean Tonic Water500ml,£1.70,34p per 100ml,"Offer price £1.70, was £2.20",drinks
Fever - Tree Mexican Lime Soda,Fever - Tree Mexican Lime Soda500ml,£2,40p per 100ml,,drinks
Fever-Tree Premium Indian Tonic Water,Fever-Tree Premium Indian Tonic Water500ml,£1.70,34p per 100ml,"Offer price £1.70, was £2.20",drinks
Fever-Tree Premium Indian Tonic Water,Fever-Tree Premium Indian Tonic Water8 x 150ml,£4.95,41.3p per 100ml,Buy 2 for £8.50,drinks
Fever-Tree Refreshingly Light Ginger Ale,Fever-Tree Refreshingly Light Ginger Ale500ml,£2,40p per 100ml,,drinks
Fever-Tree Refreshingly Light Ginger Ale ,Fever-Tree Refreshingly Light Ginger Ale 8 x 150ml,£4.75,39.6p per 100ml,Buy 2 for £8.50,drinks
Fever-Tree Refreshingly Light Ginger Beer,Fever-Tree Refreshingly Light Ginger Beer500ml,£1.70,34p per 100ml,"Offer price £1.70, was £2",drinks
Fever-Tree Refreshingly Light Ginger Beer,Fever-Tree Refreshingly Light Ginger Beer4 x 250ml,£4,40p per 100ml,,drinks
Fever-Tree Refreshingly Light Indian Tonic Water,Fever-Tree Refreshingly Light Indian Tonic Water500ml,£1.70,34p per 100ml,"Offer price £1.70, was £2",drinks
Fever-Tree Refreshingly Light Indian Tonic Water,Fever-Tree Refreshingly Light Indian Tonic Water8 x 150ml,£4.75,39.6p per 100ml,Buy 2 for £8.50,drinks
Fever - Tree Refreshingly Light Madagascan Cola,Fever - Tree Refreshingly Light Madagascan Cola500ml,£2,40p per 100ml,,drinks
Fever-Tree Refreshingly Light Sicilian Lemonade,Fever-Tree Refreshingly Light Sicilian Lemonade500ml,£1.70,34p per 100ml,"Offer price £1.70, was £2",drinks
Fever-Tree Refreshingly Light Sicilian Lemonade,Fever-Tree Refreshingly Light Sicilian Lemonade4 x 250ml,£4,40p per 100ml,,drinks
Fever-Tree Refreshingly Light Sweet Rhubarb & Raspberry Tonic,Fever-Tree Refreshingly Light Sweet...500ml,£1.70,34p per 100ml,"Offer price £1.70, was £2",drinks
Fever Tree Light Lemonade,Fever Tree Light Lemonade8 x 150ml,£4.75,39.6p per 100ml,Buy 2 for £8.50,drinks
Fever Tree Light Spanish Clementine Tonic,Fever Tree Light Spanish Clementine Tonic500ml,£1.70,34p per 100ml,"Offer price £1.70, was £2",drinks
Flora Proactiv Milk    ,Flora Proactiv Milk    1L,£1.69,£1.69 per litre,,drinks
Foodcare Energy Drink Mojito,Foodcare Energy Drink Mojito250ml,75p,30p per 100ml,,drinks
For Goodness Shakes Chocolate Protein Drink,For Goodness Shakes Chocolate Protein Drink475ml,£2.29,£4.82 per litre,,drinks
For Goodness Shakes Chocolate Recovery Drink,For Goodness Shakes Chocolate Recovery Drink475ml,£2,£4.21 per litre,,drinks
For Goodness Shakes Strawberry Protein Drink,For Goodness Shakes Strawberry Protein Drink475ml,£2.29,£4.82 per litre,,drinks
Fruit Shoot Apple & Blackcurrant ,Fruit Shoot Apple & Blackcurrant 275ml,95p,34.5p per 100ml,,drinks
Fruit Shoot Apple & Blackcurrant Kids Juice Drink,Fruit Shoot Apple & Blackcu...4 x 200ml,£2,25p per 100ml,,drinks
Fruit Shoot Apple & Blackcurrant Kids Juice Drink,Fruit Shoot Apple & Blackcu...8 x 200ml,£3.49,21.8p per 100ml,,drinks
Fruit Shoot Apple Kids Juice Drink,Fruit Shoot Apple Kids Juice Drink8 x 200ml,£3.49,21.8p per 100ml,,drinks
Fruit Shoot Hydro Blackcurrant,Fruit Shoot Hydro Blackcurrant8 x 275ml,£3.55,16.1p per 100ml,,drinks
Fruit Shoot Hydro Blackcurrant Kids Water Drink,Fruit Shoot Hydro Blackcu...8 x 200ml,£3.49,21.8p per 100ml,,drinks
Fruit Shoot Orange Kids Juice Drink,Fruit Shoot Orange Kids Juice Drink4 x 200ml,£2,25p per 100ml,,drinks
Fruit Shoot Orange Kids Juice Drink,Fruit Shoot Orange Kids Juice Drink8 x 200ml,£3.49,21.8p per 100ml,,drinks
Fruit Shoot Orange Low Sugar ,Fruit Shoot Orange Low Sugar 15 x 200ml,£5,16.7p per 100ml,,drinks
Fruit Shoot Summer Fruits Kids Juice Drink,Fruit Shoot Summer Fruits Kids Juice Drink4 x 200ml,£2,25p per 100ml,,drinks
Fruit Shoot Summer Fruits Kids Juice Drink,Fruit Shoot Summer Fruits Kids Juice Drink8 x 200ml,£3.49,21.8p per 100ml,,drinks
Galaxy Smooth Milk Drink No Added Sugar,Galaxy Smooth Milk Drink No Added Sugar400ml,£1.50,£3.75 per litre,,drinks
Glaceau Smartwater Still ,Glaceau Smartwater Still 600ml,89p,14.8p per 100ml,Buy 2 for £1.20,drinks
Gordon's Special Dry London Gin,Gordon's Special Dry London Gin70cl,£17,£24.29 per litre,,drinks
Grenade Protein Bar Peanut Butter & Jelly ,Grenade Protein Bar Peanut Butter & Jelly 60g,£2.20,£3.67 per 100g,"Offer price £2.20, was £2.85",drinks
HIGH5 Aqua Berry Energy Gel,HIGH5 Aqua Berry Energy Gel66g,£2.25,£3.41 per 100g,,drinks
HIGH5 Aqua Orange Energy Gel,HIGH5 Aqua Orange Energy Gel66g,£2.25,£3.41 per 100g,,drinks
Highland Spring Eco Bottle Still Spring Water Sports Cap,Highland Spring Eco Bottle Stil...750ml,£1,13.3p per 100ml,,drinks
Highland Spring Eco Bottle Still Water,Highland Spring Eco Bottle Still Water500ml,65p,13p per 100ml,,drinks
Highland Spring Kids Active Pack,Highland Spring Kids Active Pack12 x 330ml,£3.25,8.2p per 100ml,,drinks
Highland Spring Sparkling Spring Water,Highland Spring Sparkling Spring Water6 x 1L,£3.99,6.7p per 100ml,,drinks
Highland Spring Sparkling Spring Water,Highland Spring Sparkling Spring Water8 x 500ml,£3,7.5p per 100ml,,drinks
Highland Spring Sparkling Water,Highland Spring Sparkling Water1.5L,89p,5.9p per 100ml,,drinks
Highland Spring Still Spring Water,Highland Spring Still Spring Water6 x 1.5L,£3.99,4.4p per 100ml,,drinks
Highland Spring Still Water,Highland Spring Still Water1.5L,89p,5.9p per 100ml,,drinks
Highland Spring Still Water,Highland Spring Still Water12 x 500ml,£3.50,5.8p per 100ml,,drinks
Highland Spring Still Water Sports Cap,Highland Spring Still Water Sports Cap6 x 750ml,£3.25,7.2p per 100ml,,drinks
Hydr8 Naturally Sourced British Still Water,Hydr8 Naturally Sourced British Still Water5L,£1.49,29.8p per litre,,drinks
Innocent Apple Juice,Innocent Apple Juice900ml,£1.75,19.4p per 100ml,"Offer price £1.75, was £2.99",drinks
Innocent Apple Juice,Innocent Apple Juice1.35L,£4.10,30.4p per 100ml,,drinks
Innocent Apple Juice ,Innocent Apple Juice 1.75L,£4.19,23.9p per 100ml,,drinks
Innocent Blue Spark Super Smoothie ,Innocent Blue Spark Super Smoothie 750ml,£4.50,60p per 100ml,,drinks
Innocent Coconut Water,Innocent Coconut Water1L,£3,30p per 100ml,"Offer price £3, was £4.30",drinks
Innocent Energise Super Smoothie ,Innocent Energise Super Smoothie 750ml,£4.50,60p per 100ml,,drinks
Innocent Invigorate Super Smoothie ,Innocent Invigorate Super Smoothie 750ml,£4.50,60p per 100ml,,drinks
Innocent Mango & Passion Fruit Smoothie,Innocent Mango & Passion Fruit Smoothie750ml,£3.50,46.7p per 100ml,,drinks
Innocent Orange Juice Smooth,Innocent Orange Juice Smooth1.75L,£4.19,23.9p per 100ml,,drinks
Innocent Orange Juice with Bits,Innocent Orange Juice with Bits900ml,£1.75,19.4p per 100ml,"Offer price £1.75, was £2.99",drinks
Innocent Orange Juice with Bits,Innocent Orange Juice with Bits1.35L,£4.10,30.4p per 100ml,,drinks
"Innocent plus apple, pear, cucumber juice","Innocent plus apple, pear, cucumber juice750ml",£3.80,50.7p per 100ml,,drinks
"Innocent plus guava, lime, apple juice","Innocent plus guava, lime, apple juice750ml",£3.80,50.7p per 100ml,,drinks
"Innocent plus orange, carrot, mandarin juice","Innocent plus orange, carrot, mandarin juice750ml",£3.80,50.7p per 100ml,,drinks
"Innocent plus raspberry, cherry, goji juice","Innocent plus raspberry, cherry, goji juice750ml",£3.80,50.7p per 100ml,,drinks
Innocent Recharge Super Smoothie ,Innocent Recharge Super Smoothie 750ml,£4.50,60p per 100ml,,drinks
"Innocent Smoothie Guava, Pineapples & Apples","Innocent Smoothie Guava, Pineapples & Apples750ml",£2,26.7p per 100ml,"Offer price £2, was £3.50",drinks
"Innocent Smoothie Strawberries, Pineapples & Apples",Innocent Smoothie Strawberrie...750ml,£2,26.7p per 100ml,"Offer price £2, was £3.50",drinks
Innocent Smooth Orange Juice,Innocent Smooth Orange Juice900ml,£1.75,19.4p per 100ml,"Offer price £1.75, was £2.99",drinks
Innocent Smooth Orange Juice,Innocent Smooth Orange Juice1.35L,£4.10,30.4p per 100ml,,drinks
Innocent Strawberry & Banana Smoothie,Innocent Strawberry & Banana Smoothie750ml,£3.50,46.7p per 100ml,,drinks
Innocent Summer Fruits Family Size Juice,Innocent Summer Fruits Family Size Juice1.35L,£4.10,30.4p per 100ml,,drinks
Innocent Super Smoothie Berry Light ,Innocent Super Smoothie Berry Light 750ml,£4.50,60p per 100ml,,drinks
Innocent Super Smoothie Culture Crush,Innocent Super Smoothie Culture Crush300ml,£2.35,78.3p per 100ml,,drinks
Innocent Super Smoothie Mango Fandango ,Innocent Super Smoothie Mango Fandango 4 x 150ml,£3,50p per 100ml,"Offer price £3, was £4.10",drinks
Innocent Super Smoothie Strawberry Burst ,Innocent Super Smoothie Strawberry Burst 4 x 150ml,£3,50p per 100ml,"Offer price £3, was £4.10",drinks
Innocent Super Smoothie Tropical Light ,Innocent Super Smoothie Tropical Light 750ml,£4.50,60p per 100ml,,drinks
innocent totally tropical smoothie,innocent totally tropical smoothie750ml,£3.50,46.7p per 100ml,,drinks
Innocent Tropical Juice,Innocent Tropical Juice1.35L,£4.10,30.4p per 100ml,,drinks
IRN-BRU 1901 Soft Drink,IRN-BRU 1901 Soft Drink750ml,£2.15,28.7p per 100ml,,drinks
IRN-BRU Soft Drink,IRN-BRU Soft Drink2L,£1.89,9.5p per 100ml,Buy 2 for £3,drinks
IRN-BRU Soft Drink,IRN-BRU Soft Drink24 x 330ml,£8,10.1p per 100ml,,drinks
IRN-BRU Soft Drink,IRN-BRU Soft Drink1L,£1.45,14.5p per 100ml,,drinks
IRN-BRU Soft Drink,IRN-BRU Soft Drink6 x 330ml,£2.50,12.6p per 100ml,"Offer price £2.50, was £3.50",drinks
IRN-BRU Sugar Free Soft Drink,IRN-BRU Sugar Free Soft Drink2L,£1.89,9.5p per 100ml,Buy 2 for £3,drinks
IRN-BRU Sugar Free Soft Drink,IRN-BRU Sugar Free Soft Drink6 x 330ml,£2.50,12.6p per 100ml,"Offer price £2.50, was £3.50",drinks
IRN-BRU Xtra Sugar Free Soft Drink,IRN-BRU Xtra Sugar Free Soft Drink2L,£1.89,9.5p per 100ml,Buy 2 for £3,drinks
IRN-BRU Xtra Sugar Free Soft Drink,IRN-BRU Xtra Sugar Free Soft Drink8 x 330ml,£4.30,16.3p per 100ml,Buy 2 for £6,drinks
IRN-BRU Xtra Sugar Free Soft Drink,IRN-BRU Xtra Sugar Free Soft Drink6 x 330ml,£2.50,12.6p per 100ml,"Offer price £2.50, was £3.50",drinks
J2O Apple & Mango Juice Drink,J2O Apple & Mango Juice Drink4 x 275ml,£3,27.3p per 100ml,Buy 2 for £5,drinks
J2O Apple & Raspberry Cans ,J2O Apple & Raspberry Cans 4 x 250ml,£2,20p per 100ml,,drinks
J2O Apple & Raspberry Fruit Blend,J2O Apple & Raspberry Fruit Blend10 x 275ml,£9,32.7p per 100ml,,drinks
J2O Apple & Raspberry Juice Drink,J2O Apple & Raspberry Juice Drink4 x 275ml,£3,27.3p per 100ml,Buy 2 for £5,drinks
J2O Orange & Passion Fruit ,J2O Orange & Passion Fruit 10 x 275ml,£9,32.7p per 100ml,,drinks
J2O Orange & Passion Fruit Juice Drink,J2O Orange & Passion Fruit Juice Drink4 x 275ml,£3,27.3p per 100ml,Buy 2 for £5,drinks
J2O Orange & Passion Fruit Juice Drink Cans,J2O Orange & Passion Fruit Juice Drink Cans4 x 250ml,£2,20p per 100ml,,drinks
J2O Spritz Apple & Watermelon ,J2O Spritz Apple & Watermelon 4 x 275ml,£3,27.3p per 100ml,"Offer price £3, was £4.25",drinks
James White Beet It Organic Beetroot & Apple Juice,James White Beet It Organic...1L,£2.99,29.9p per 100ml,,drinks
Jimmy's Iced Coffee Mocha,Jimmy's Iced Coffee Mocha250ml,£1,40p per 100ml,"Offer price £1, was £1.70",drinks
KA Sparkling Black Grape Juice Soft Drink,KA Sparkling Black Grape Juice Soft Drink2L,£1.50,7.5p per 100ml,"Offer price £1.50, was £1.69",drinks
KA Sparkling Fruit Punch Soft Drink,KA Sparkling Fruit Punch Soft Drink2L,£1.50,7.5p per 100ml,"Offer price £1.50, was £1.69",drinks
KA Sparkling Pineapple Juice Soft Drink,KA Sparkling Pineapple Juice Soft Drink2L,£1.50,7.5p per 100ml,"Offer price £1.50, was £1.69",drinks
Koko Long Life Original Plus Calcium Milk Alternative,Koko Long Life Original Plus...1L,£1.79,£1.79 per litre,,drinks
Lactofree Fresh Semi Skimmed,Lactofree Fresh Semi Skimmed1L,£1.50,£1.50 per litre,"Offer price £1.50, was £1.99",drinks
Lactofree Fresh Skimmed Milk,Lactofree Fresh Skimmed Milk1L,£1.50,£1.50 per litre,"Offer price £1.50, was £1.99",drinks
Lactofree Fresh Whole,Lactofree Fresh Whole1L,£1.50,£1.50 per litre,"Offer price £1.50, was £1.99",drinks
Lilt Zero Pineapple & Grapefruit ,Lilt Zero Pineapple & Grapefruit 2L,£1.99,10p per 100ml,Buy 2 for £3,drinks
Lipton Ice Peach,Lipton Ice Peach1.25L,£1.50,12p per 100ml,,drinks
Lipton Ice Tea Peach Flavoured Still Soft Drink,Lipton Ice Tea Peach Flavoured Still Soft Drink500ml,£1.50,30p per 100ml,,drinks
Lipton Ice Tea Raspberry,Lipton Ice Tea Raspberry500ml,£1.50,30p per 100ml,,drinks
Lucozade Alert Cherry Blast,Lucozade Alert Cherry Blast500ml,£1,20p per 100ml,,drinks
Lucozade Alert Cherry Blast,Lucozade Alert Cherry Blast4 x 500ml,£3,15p per 100ml,"Offer price £3, was £4.20",drinks
Lucozade Alert Original,Lucozade Alert Original4 x 500ml,£3,15p per 100ml,"Offer price £3, was £4.20",drinks
Lucozade Alert Tropical Burst,Lucozade Alert Tropical Burst500ml,£1,20p per 100ml,,drinks
Lucozade Energy Orange ,Lucozade Energy Orange 900ml,£1.50,16.7p per 100ml,,drinks
Lucozade Energy Orange,Lucozade Energy Orange12 x 330ml,£5,12.6p per 100ml,,drinks
Lucozade Energy Orange,Lucozade Energy Orange4 x 380ml,£2.49,£1.64 per litre,,drinks
Lucozade Energy Original,Lucozade Energy Original12 x 330ml,£5,12.6p per 100ml,,drinks
Lucozade Energy Original,Lucozade Energy Original900ml,£1.50,16.7p per 100ml,,drinks
Lucozade Energy Original,Lucozade Energy Original4 x 380ml,£2.49,£1.64 per litre,,drinks
Lucozade Energy Zero Pink Lemonade ,Lucozade Energy Zero Pink Lemonade 4 x 380ml,£2.49,16.4p per 100ml,,drinks
Lucozade Energy Zero Pink Lemonade ,Lucozade Energy Zero Pink Lemonade 900ml,£1.50,16.7p per 100ml,,drinks
Lucozade Mango & Passion Fruit Sport Drink,Lucozade Mango & Passion Fruit Sport Drink500ml,£1.70,34p per 100ml,Buy 2 for £2.70,drinks
Lucozade Sport A. J. Fruit Punch ,Lucozade Sport A. J. Fruit Punch 4 x 500ml,£3.50,17.5p per 100ml,,drinks
Lucozade Sport Fruit Punch ,Lucozade Sport Fruit Punch 500ml,£1.70,34p per 100ml,Buy 2 for £2.70,drinks
Lucozade Sport Orange,Lucozade Sport Orange4 x 500ml,£3.50,17.6p per 100ml,"Offer price £3.50, was £3.75",drinks
Lucozade Sport Orange,Lucozade Sport Orange500ml,£1.70,34p per 100ml,Buy 2 for £2.70,drinks
Lucozade Sport Raspberry,Lucozade Sport Raspberry4 x 500ml,£3.50,17.6p per 100ml,"Offer price £3.50, was £3.75",drinks
Lucozade Sport Raspberry,Lucozade Sport Raspberry500ml,£1.70,34p per 100ml,Buy 2 for £2.70,drinks
M 100%Fruit Apple/Mango 1L,M 100%Fruit Apple/Mango 1L1L,£1.69,16.9p per 100ml,,drinks
Mackays Scottish Strawberry Preserve,Mackays Scottish Strawberry Preserve340g,£1.50,44.1p per 100g,,drinks
Mars Milk No Added Sugar,Mars Milk No Added Sugar400ml,£1.50,£3.75 per litre,,drinks
Maximuscle Chocolate Protein Milk ,Maximuscle Chocolate Protein Milk 330ml,£2.85,86.4p per 100ml,,drinks
Maximuscle Salted Caramel Protein Milk ,Maximuscle Salted Caramel Protein Milk 330ml,£2.85,86.4p per 100ml,,drinks
Maximuscle Strawberry Protein Milk,Maximuscle Strawberry Protein Milk330ml,£2.85,86.4p per 100ml,,drinks
Minor Figures Oat Latte,Minor Figures Oat Latte200ml,£1.79,£8.95 per litre,,drinks
Monster Energy,Monster Energy9 x 500ml,£10.99,24.4p per 100ml,,drinks
Monster Energy Drink,Monster Energy Drink4 x 500ml,£5.50,27.5p per 100ml,Buy 2 for £8.50,drinks
Monster Energy Drink,Monster Energy Drink500ml,£1.65,33p per 100ml,Buy 2 for £2.60,drinks
Monster Energy Drink Assault ,Monster Energy Drink Assault 500ml,£1.65,33p per 100ml,Buy 2 for £2.60,drinks
Monster Energy Drink Khaotic,Monster Energy Drink Khaotic500ml,£1.65,33p per 100ml,Buy 2 for £2.60,drinks
Monster Energy Drink Lewis Hamilton Zero Sugar ,Monster Energy Drink Lewi...500ml,£1.65,33p per 100ml,Buy 2 for £2.60,drinks
Monster Energy Drink Mango Loco,Monster Energy Drink Mango Loco500ml,£1.65,33p per 100ml,Buy 2 for £2.60,drinks
Monster Energy Drink Mango Loco,Monster Energy Drink Mango Loco4 x 500ml,£5.50,27.5p per 100ml,Buy 2 for £8.50,drinks
Monster Energy Drink MEGA,Monster Energy Drink MEGA553ml,£2.05,37.1p per 100ml,Buy 2 for £3,drinks
Monster Energy Drink MIXXD Punch,Monster Energy Drink MIXXD Punch500ml,£1.65,33p per 100ml,Buy 2 for £2.60,drinks
Monster Energy Drink Monarch,Monster Energy Drink Monarch500ml,£1.65,33p per 100ml,Buy 2 for £2.60,drinks
Monster Energy Drink Monarch,Monster Energy Drink Monarch4 x 500ml,£5.50,27.5p per 100ml,Buy 2 for £8.50,drinks
Monster Energy Drink Mule,Monster Energy Drink Mule500ml,£1,20p per 100ml,"Offer price £1, was £1.65",drinks
Monster Energy Drink Nitro ,Monster Energy Drink Nitro 500ml,£1.65,33p per 100ml,Buy 2 for £2.60,drinks
Monster Energy Drink Pacific Punch,Monster Energy Drink Pacific Punch4 x 500ml,£5.50,27.5p per 100ml,Buy 2 for £8.50,drinks
Monster Energy Drink Pipeline Punch,Monster Energy Drink Pipeline Punch500ml,£1.65,33p per 100ml,Buy 2 for £2.60,drinks
Monster Energy Drink Pipeline Punch ,Monster Energy Drink Pipeline Punch 4 x 500ml,£5.50,27.5p per 100ml,Buy 2 for £8.50,drinks
Monster Energy Drink Ripper,Monster Energy Drink Ripper500ml,£1.65,33p per 100ml,Buy 2 for £2.60,drinks
Monster Energy Drink Ultra,Monster Energy Drink Ultra500ml,£1.65,33p per 100ml,Buy 2 for £2.60,drinks
Monster Energy Drink Ultra ,Monster Energy Drink Ultra 4 x 500ml,£5.25,26.3p per 100ml,Buy 2 for £8.50,drinks
Monster Energy Drink Ultra Black,Monster Energy Drink Ultra Black500ml,£1.65,33p per 100ml,Buy 2 for £2.60,drinks
Monster Energy Drink Ultra Black,Monster Energy Drink Ultra Black4 x 500ml,£5.25,26.3p per 100ml,Buy 2 for £8.50,drinks
Monster Energy Drink Ultra Fiesta Mango,Monster Energy Drink Ultra Fiesta Mango500ml,£1.65,33p per 100ml,Buy 2 for £2.60,drinks
Monster Energy Drink Ultra Fiesta Mango ,Monster Energy Drink Ultra Fiesta Mango 4 x 500ml,£5.25,26.3p per 100ml,Buy 2 for £8.50,drinks
Monster Energy Drink Ultra Gold ,Monster Energy Drink Ultra Gold 500ml,£1.65,33p per 100ml,,drinks
Monster Energy Drink Ultra Gold,Monster Energy Drink Ultra Gold4 x 500ml,£5.25,26.3p per 100ml,Buy 2 for £8.50,drinks
Monster Energy Drink Ultra MEGA ,Monster Energy Drink Ultra MEGA 553ml,£1.90,34.4p per 100ml,Buy 2 for £3,drinks
Monster Energy Drink Ultra Paradise,Monster Energy Drink Ultra Paradise500ml,£1.65,33p per 100ml,Buy 2 for £2.60,drinks
Monster Energy Drink Ultra Paradise ,Monster Energy Drink Ultra Paradise 4 x 500ml,£5.25,26.3p per 100ml,Buy 2 for £8.50,drinks
Monster Energy Drink Ultra Watermelon ,Monster Energy Drink Ultra Watermelon 500ml,£1.65,33p per 100ml,,drinks
Monster Energy Drink Ultra Watermelon ,Monster Energy Drink Ultra Watermelon 4 x 500ml,£5.25,26.3p per 100ml,Buy 2 for £8.50,drinks
Monster Energy Drink Zero Sugar,Monster Energy Drink Zero Sugar500ml,£1.65,33p per 100ml,Buy 2 for £2.60,drinks
Monster Energy Drink Zero Sugar,Monster Energy Drink Zero Sugar4 x 500ml,£5.25,26.3p per 100ml,Buy 2 for £8.50,drinks
Monster Ultra,Monster Ultra9 x 500ml,£9.69,21.5p per 100ml,,drinks
M Organic British Semi Skimmed Milk 2 Pints,M Organic British Semi Skimmed Milk 2 Pints1.14L,£1.65,£1.45 per litre,,drinks
M Organic British Semi Skimmed Milk 4 Pints,M Organic British Semi Skimmed Milk 4 Pints2.27L,£2.15,94.7p per litre,,drinks
M Organic British Skimmed Milk 2 Pints,M Organic British Skimmed Milk 2 Pints1.136L,£1.65,£1.45 per litre,,drinks
 M Organic British Whole Milk 2 Pints  , M Organic British Whole Milk 2 Pints  1.136L,£1.65,£1.45 per litre,,drinks
Morrisons 100% Cloudy Apple Juice,Morrisons 100% Cloudy Apple Juice1L,£1.69,16.9p per 100ml,,drinks
Morrisons 100% Fruit Apple & Elderflower Juice,Morrisons 100% Fruit Apple & Elderflower Juice1L,£1.69,16.9p per 100ml,,drinks
Morrisons 100% Fruit Apple & Mango Juice ,Morrisons 100% Fruit Apple & Mango Juice 1.5L,£2.29,15.3p per 100ml,,drinks
Morrisons 100% Fruit Clementine Juice,Morrisons 100% Fruit Clementine Juice1L,£1.69,16.9p per 100ml,,drinks
Morrisons 100% Fruit Smooth Orange Juice,Morrisons 100% Fruit Smooth Orange Juice1L,£1.69,16.9p per 100ml,,drinks
Morrisons 100% Fruit Tropical Juice,Morrisons 100% Fruit Tropical Juice1L,£1.69,16.9p per 100ml,,drinks
Morrisons 100% Orange Juice with Bits,Morrisons 100% Orange Juice with Bits1L,£1.69,16.9p per 100ml,,drinks
Morrisons 100% Orange Juice With Bits,Morrisons 100% Orange Juice With Bits1.5L,£2.29,15.3p per 100ml,,drinks
Morrisons 100%  Smooth Orange Fruit Juice ,Morrisons 100%  Smooth Orange Fruit Juice 1.5L,£2.29,15.3p per 100ml,,drinks
Morrisons Apple & Blackcurrant Still Water,Morrisons Apple & Blackcurrant Still Water4 x 500ml,£1.50,7.5p per 100ml,"Offer price £1.50, was £1.70",drinks
Morrisons Apple & Elderflower High Juice Drink,Morrisons Apple & Elderfl...1L,£1.59,15.9p per 100ml,,drinks
Morrisons Apple & Mango High Juice Squash,Morrisons Apple & Mango High Juice Squash1L,£1.59,15.9p per 100ml,,drinks
Morrisons Apple & Mango Juice from Concentrate,Morrisons Apple & Mango Juice from Concentrate1L,£1.15,11.5p per 100ml,Buy 3 for £3,drinks
Morrisons Apple Juice      ,Morrisons Apple Juice      4 x 1L,£3.50,8.8p per 100ml,,drinks
Morrisons Apple Juice from Concentrate,Morrisons Apple Juice from Concentrate3 x 200ml,£1.15,19.2p per 100ml,,drinks
Morrisons Apple Juice from Concentrate,Morrisons Apple Juice from Concentrate1L,£1.20,12p per 100ml,,drinks
Morrisons Apple Juice From Concentrate   ,Morrisons Apple Juice From Concentrate   1L,£1.15,11.5p per 100ml,Buy 3 for £3,drinks
Morrisons Berry-Licious Smoothie,Morrisons Berry-Licious Smoothie750ml,£1.80,24p per 100ml,,drinks
Morrisons British Semi Skimmed Milk  2 Pints,Morrisons British Semi Skimmed Milk  2 Pints1.136L,£1.30,£1.14 per litre,,drinks
Morrisons British Semi Skimmed Milk 4 Pints,Morrisons British Semi Skimmed Milk 4 Pints2.27L,£1.65,72.7p per litre,,drinks
Morrisons British Semi Skimmed Milk 6 Pints,Morrisons British Semi Skimmed Milk 6 Pints3.408L,£2.35,69p per litre,,drinks
Morrisons British Skimmed Milk 2 Pints,Morrisons British Skimmed Milk 2 Pints1.136L,£1.30,£1.14 per litre,,drinks
Morrisons British Skimmed Milk 4 Pints,Morrisons British Skimmed Milk 4 Pints2.272L,£1.65,72.6p per litre,,drinks
Morrisons British Whole Milk 2 Pint,Morrisons British Whole Milk 2 Pint1.136L,£1.30,£1.14 per litre,,drinks
Morrisons British Whole Milk 4 Pints,Morrisons British Whole Milk 4 Pints2.272L,£1.65,72.6p per litre,,drinks
Morrisons British Whole Milk 6 Pints,Morrisons British Whole Milk 6 Pints3.408L,£2.35,69p per litre,,drinks
Morrisons Cloudy Apple 100% Fruit Juice,Morrisons Cloudy Apple 100% Fruit Juice1.5L,£2.29,15.3p per 100ml,,drinks
Morrisons Cola             ,Morrisons Cola             2L,79p,4p per 100ml,Buy 3 for £2,drinks
Morrisons Cola Zero Sugar,Morrisons Cola Zero Sugar2L,79p,4p per 100ml,Buy 3 for £2,drinks
Morrisons Diet Bitter Lemon,Morrisons Diet Bitter Lemon1L,70p,7p per 100ml,,drinks
Morrisons Diet Indian Tonic Water,Morrisons Diet Indian Tonic Water1L,70p,7p per 100ml,,drinks
Morrisons Diet Lemonade,Morrisons Diet Lemonade2L,60p,3p per 100ml,"Offer price 60p, was 69p",drinks
Morrisons Diet Tonic Water with a Hint of Lime,Morrisons Diet Tonic Water with a Hint of Lime1L,70p,7p per 100ml,,drinks
Morrisons Indian Tonic Water,Morrisons Indian Tonic Water1L,70p,7p per 100ml,,drinks
Morrisons Indian Tonic Water With a Hint of Lemon,Morrisons Indian Tonic Wate...1L,70p,7p per 100ml,,drinks
Morrisons Lemonade         ,Morrisons Lemonade         2L,60p,3p per 100ml,"Offer price 60p, was 69p",drinks
Morrisons Long Life Original Soya Drink ,Morrisons Long Life Original Soya Drink 1L,£1.19,£1.19 per litre,,drinks
Morrisons Long Life Unsweetened Soya Milk Alternative,Morrisons Long Life Unsweeten...1L,£1.19,£1.19 per litre,,drinks
Morrisons Low Calorie Ginger Ale,Morrisons Low Calorie Ginger Ale1L,70p,7p per 100ml,,drinks
Morrisons Low Calorie Tonic Water with Lemon,Morrisons Low Calorie Tonic Water with Lemon1L,70p,7p per 100ml,,drinks
Morrisons Mango & Passion Fruit Smoothie,Morrisons Mango & Passion Fruit Smoothie750ml,£1.80,24p per 100ml,,drinks
Morrisons Milk For Farmers Semi Skimmed Milk 6 Pint,Morrisons Milk For Farmers Se...3.408L,£2.65,77.8p per litre,,drinks
Morrisons Nas Apple & Blackcurrant Juice Drink,Morrisons Nas Apple & Blackcurrant Juice Drink3 x 250ml,£1,13.3p per 100ml,,drinks
Morrisons No Added Sugar Apple & Blackcurrant Double Concentrate Squash,Morrisons No Added Sugar Appl...1.5L,£1.29,8.6p per 100ml,,drinks
Morrisons No Added Sugar Apple & Blackcurrant Squash,Morrisons No Added Sugar Appl...1L,89p,8.9p per 100ml,"Offer price 89p, was 95p",drinks
Morrisons No Added Sugar Apple & Blackcurrant Still Water ,Morrisons No Added Sugar Apple &...4 x 250ml,£1.19,11.9p per 100ml,,drinks
Morrisons No Added Sugar Apple & Pear Fruit & Barley Squash,Morrisons No Added Sugar Apple &...1L,£1.29,12.9p per 100ml,,drinks
Morrisons No Added Sugar Apple & Raspberry Flavoured Still Water,Morrisons No Added Sugar Apple & Rasp...4 x 250ml,£1.19,11.9p per 100ml,,drinks
Morrisons No Added Sugar Apple Double Concentrate Squash,Morrisons No Added Sugar Apple...1.5L,£1.29,8.6p per 100ml,,drinks
Morrisons No Added Sugar Apple Juice Drink,Morrisons No Added Sugar Apple Juice Drink3 x 250ml,£1,13.3p per 100ml,,drinks
Morrisons No Added Sugar Apple Juice Drink ,Morrisons No Added Sugar Apple Juice Drink 1L,£1.15,11.5p per 100ml,Buy 3 for £3,drinks
Morrisons No Added Sugar Bitter Shandy,Morrisons No Added Sugar Bitter Shandy2L,79p,4p per 100ml,Buy 3 for £2,drinks
Morrisons No Added Sugar Cherry & Berry Double Concentrate Squash  ,Morrisons No Added Sugar Ch...1.5L,£1.29,8.6p per 100ml,,drinks
Morrisons No Added Sugar Cherryade,Morrisons No Added Sugar Cherryade2L,79p,4p per 100ml,Buy 3 for £2,drinks
Morrisons No Added Sugar Cranberry Juice Drink,Morrisons No Added Sugar...1L,£1.15,11.5p per 100ml,,drinks
Morrisons No Added Sugar Cranberry Juice Drink,Morrisons No Added Sugar...1L,£1.20,12p per 100ml,,drinks
Morrisons No Added Sugar Diet Cola,Morrisons No Added Sugar Diet Cola2L,79p,4p per 100ml,Buy 3 for £2,drinks
Morrisons No Added Sugar Diet Dandelion & Burdock,Morrisons No Added Sugar Di...2L,79p,4p per 100ml,Buy 3 for £2,drinks
Morrisons No Added Sugar Fruit Burst Apple & Blackcurrant Juice Drink,Morrisons No Added Sugar Fruit Burst Appl...4 x 250ml,£1.19,11.9p per 100ml,,drinks
Morrisons No Added Sugar Fruit Burst Orange Juice Drink,Morrisons No Added Sugar Fruit...4 x 250ml,£1.19,11.9p per 100ml,,drinks
Morrisons No Added Sugar Fruit Burst Summer Fruits Juice Drink,Morrisons No Added Sugar Fruit Burs...4 x 250ml,£1.19,11.9p per 100ml,,drinks
Morrisons No Added Sugar High Juice White Grape And Peach,Morrisons No Added Sugar High Jui...100ml,£1.59,£1.59 per 100ml,,drinks
Morrisons No Added Sugar Lemon Concentrate Squash,Morrisons No Added Sugar Le...1.5L,£1.29,8.6p per 100ml,,drinks
Morrisons No Added Sugar Lemon Single Concentrate Squash,Morrisons No Added Sugar Lemon...1L,89p,8.9p per 100ml,"Offer price 89p, was 99p",drinks
Morrisons No Added Sugar Limeade,Morrisons No Added Sugar Limeade2L,79p,4p per 100ml,Buy 3 for £2,drinks
Morrisons No Added Sugar Mango Juice Drink ,Morrisons No Added Sugar Mango Juice Drink 1L,£1.15,11.5p per 100ml,Buy 3 for £3,drinks
Morrisons No Added Sugar Mixed Berry Crush,Morrisons No Added Sugar Mixed Berry Crush2L,79p,4p per 100ml,Buy 3 for £2,drinks
Morrisons No Added Sugar Orange Crush,Morrisons No Added Sugar Orange Crush2L,79p,4p per 100ml,Buy 3 for £2,drinks
Morrisons No Added Sugar Orange Double Concentrate Squash ,Morrisons No Added Sugar Orange D...1.5L,£1.29,8.6p per 100ml,,drinks
Morrisons No Added Sugar Orange Fruit & Barley Squash,Morrisons No Added Sugar Oran...1L,£1.29,12.9p per 100ml,,drinks
Morrisons No Added Sugar Orange High Juice Squash ,Morrisons No Added Sugar Or...1L,£1.59,15.9p per 100ml,,drinks
Morrisons No Added Sugar Orange Juice Drink,Morrisons No Added Sugar Orange Juice Drink3 x 250ml,£1,13.3p per 100ml,,drinks
Morrisons No Added Sugar Orange Juice Drink,Morrisons No Added Sugar Orange Juice Drink1L,£1.15,11.5p per 100ml,Buy 3 for £3,drinks
Morrisons No Added Sugar Orange Squash,Morrisons No Added Sugar Orange Squash1L,89p,8.9p per 100ml,"Offer price 89p, was 99p",drinks
Morrisons No Added Sugar Peach Fruit & Barley Squash ,Morrisons No Added Sugar Peac...1L,£1.29,12.9p per 100ml,,drinks
Morrisons No Added Sugar Pink Grapefruit Fruit & Barley Squash,Morrisons No Added Sugar Pink Grape...1L,£1.29,12.9p per 100ml,,drinks
Morrisons No Added Sugar Sparkling Lemon & Lime Spring Water ,Morrisons No Added Sugar Sparkling...1L,65p,6.5p per 100ml,Buy Any 3 Bottles Of Water For £1.20,drinks
Morrisons No Added Sugar Sparkling Peach Spring Water,Morrisons No Added Sugar Spar...1L,65p,6.5p per 100ml,Buy Any 3 Bottles Of Water For £1.20,drinks
Morrisons No Added Sugar Sparkling Raspberry & Blackberry Spring Water ,Morrisons No Added Sugar Spar...1L,65p,6.5p per 100ml,Buy Any 3 Bottles Of Water For £1.20,drinks
Morrisons No Added Sugar Still Lemon & Lime Spring Water ,Morrisons No Added Sugar Still Le...1L,65p,6.5p per 100ml,Buy Any 3 Bottles Of Water For £1.20,drinks
Morrisons No Added Sugar Still Orange & Peach Spring Water ,Morrisons No Added Sugar Still Or...1L,65p,6.5p per 100ml,Buy Any 3 Bottles Of Water For £1.20,drinks
Morrisons No Added Sugar Summer Fruits Squash,Morrisons No Added Sugar...1L,89p,8.9p per 100ml,"Offer price 89p, was 95p",drinks
Morrisons No Added Sugar Tropical Juice Drink ,Morrisons No Added Sugar Tropical Juice Drink 1L,£1.15,11.5p per 100ml,Buy 3 for £3,drinks
Morrisons Not From Concentrate Apple Juice,Morrisons Not From Concentrate Apple Juice4 x 250ml,£1.99,19.9p per 100ml,,drinks
Morrisons Not From Concentrate Orange Juice,Morrisons Not From Concentrate Orange Juice4 x 250ml,£2.10,21p per 100ml,,drinks
Morrisons Nourish Apple  Kale & Ginger Green Juice,Morrisons Nourish Apple  Kale & Ginger Green Juice750ml,£1.75,23.3p per 100ml,Buy 2 for £3,drinks
Morrisons Nourish Blueberry Drink,Morrisons Nourish Blueberry Drink6 x 100g,£1.75,29.2p per 100g,"Offer price £1.75, was £2.50",drinks
"Morrisons Nourish Carrot, Orange & Ginger Juice","Morrisons Nourish Carrot, Orange & Ginger Juice750ml",£1.75,23.3p per 100ml,Buy 2 for £3,drinks
Morrisons Nourish Strawberry Drink,Morrisons Nourish Strawberry Drink6 x 100g,£1.75,29.2p per 100g,"Offer price £1.75, was £2.50",drinks
Morrisons Oat Milk ,Morrisons Oat Milk 1L,£1.30,£1.30 per litre,,drinks
Morrisons Orange & Pineapple Water,Morrisons Orange & Pineapple Water4 x 250ml,£1.19,11.9p per 100ml,,drinks
Morrisons Orange High Juice Squash,Morrisons Orange High Juice Squash1L,£1.59,15.9p per 100ml,,drinks
Morrisons Orange Juice from Concentrate,Morrisons Orange Juice from Concentrate3 x 200ml,£1.19,19.8p per 100ml,,drinks
Morrisons Orange Juice from Concentrate,Morrisons Orange Juice from Concentrate1L,£1.20,12p per 100ml,,drinks
Morrisons Orange Juice From Concentrate Smooth,Morrisons Orange Juice From Concentrate Smooth1L,£1.15,11.5p per 100ml,Buy 3 for £3,drinks
Morrisons Orange Juice from Concentrate Smooth,Morrisons Orange Juice from Concentrate Smooth4 x 1L,£3.50,8.8p per 100ml,,drinks
Morrisons Orange Juice from Concentrate with Juicy Bits,Morrisons Orange Juice from Con...1L,£1.20,12p per 100ml,,drinks
Morrisons Orange Juice with Bits From Concentrate,Morrisons Orange Juice with...1L,£1.15,11.5p per 100ml,Buy 3 for £3,drinks
Morrisons Orange Sports Drink,Morrisons Orange Sports Drink500ml,85p,17p per 100ml,,drinks
Morrisons Organic British Whole Milk 4 Pints,Morrisons Organic British Whole Milk 4 Pints2.272L,£2.15,94.6p per litre,,drinks
Morrisons Peach Still Water,Morrisons Peach Still Water4 x 500ml,£1.50,7.5p per 100ml,"Offer price £1.50, was £1.70",drinks
Morrisons Pennine Vale Sparkling Water,Morrisons Pennine Vale Sparkling Water2L,69p,3.5p per 100ml,,drinks
Morrisons Pineapple Juice from Concentrate,Morrisons Pineapple Juice from Concentrate3 x 200ml,£1.19,19.8p per 100ml,,drinks
Morrisons Pomegranate,Morrisons Pomegranate200g,£2.25,£1.13 per 100g,,drinks
Morrisons Raspberry Sports Drink,Morrisons Raspberry Sports Drink500ml,85p,17p per 100ml,,drinks
Morrisons Savers Apple Juice from Concentrate ,Morrisons Savers Apple Juice from Concentrate 1L,85p,8.5p per 100ml,,drinks
Morrisons Soda Water,Morrisons Soda Water1L,70p,7p per 100ml,,drinks
Morrisons Sparkling Apple & Mango Water,Morrisons Sparkling Apple & Mango Water1L,65p,6.5p per 100ml,Buy Any 3 Bottles Of Water For £1.20,drinks
Morrisons Sparkling Spring Water,Morrisons Sparkling Spring Water6 x 500ml,£1.25,4.1p per 100ml,"Offer price £1.25, was £1.39",drinks
Morrisons Sparkling Spring Water,Morrisons Sparkling Spring Water4 x 2L,£1.75,2.2p per 100ml,,drinks
Morrisons Spring Water,Morrisons Spring Water500ml,60p,12p per 100ml,,drinks
Morrisons Still Apple & Blueberry Spring Water,Morrisons Still Apple & Blueberry Spring Water1L,65p,6.5p per 100ml,Buy Any 3 Bottles Of Water For £1.20,drinks
Morrisons Still Raspberry & Lime Spring Water,Morrisons Still Raspberry & Lime Spring Water1L,65p,6.5p per 100ml,Buy Any 3 Bottles Of Water For £1.20,drinks
Morrisons Still Spring Water,Morrisons Still Spring Water4 x 2L,£1.79,2.2p per 100ml,,drinks
Morrisons Still Spring Water Sports Cap,Morrisons Still Spring Water Sports Cap6 x 500ml,£1.30,4.4p per 100ml,"Offer price £1.30, was £1.49",drinks
Morrisons Strawberry & Banana Smoothie,Morrisons Strawberry & Banana Smoothie750ml,£1.80,24p per 100ml,,drinks
Morrisons Summer Fruits High Juice Drink,Morrisons Summer Fruits High Juice Drink1L,£1.59,15.9p per 100ml,,drinks
Morrisons Sweetened Almond Milk,Morrisons Sweetened Almond Milk1L,£1.19,11.9p per 100ml,,drinks
Morrisons Sweetened Soya Milk,Morrisons Sweetened Soya Milk1L,£1.19,11.9p per 100ml,,drinks
Morrisons The Best Apple & Elderflower ,Morrisons The Best Apple & Elderflower 750ml,£1.99,26.5p per 100ml,Buy 2 for £3,drinks
Morrisons The Best Citrus Crush And Mint Cordial ,Morrisons The Best Citrus Crush And Mint Cordial 500ml,£2.35,47p per 100ml,,drinks
Morrisons The Best Elderflower Cordial,Morrisons The Best Elderflower Cordial500ml,£2.35,47p per 100ml,,drinks
Morrisons The Best Elderflower Presse ,Morrisons The Best Elderflower Presse 750ml,£1.99,26.5p per 100ml,Buy 2 for £3,drinks
Morrisons The Best Freshly Squeezed Orange Juice with Bits,Morrisons The Best Freshly Squeez...1L,£2.99,29.9p per 100ml,,drinks
Morrisons The Best Ginger Beer,Morrisons The Best Ginger Beer750ml,£1.99,26.5p per 100ml,Buy 2 for £3,drinks
Morrisons The Best Lemon & Mint ,Morrisons The Best Lemon & Mint 750ml,£1.99,26.5p per 100ml,Buy 2 for £3,drinks
Morrisons The Best Low Calorie Cucumber & Mint Tonic Water,Morrisons The Best Low Calorie Cu...500ml,£1.50,30p per 100ml,,drinks
Morrisons The Best Low Calorie Elderflower Tonic Water,Morrisons The Best Low Calorie...500ml,£1.50,30p per 100ml,,drinks
Morrisons The Best Low Calorie Pink Grapefruit Tonic Water,Morrisons The Best Low Calorie Pi...500ml,£1.50,£3.00 per litre,,drinks
Morrisons The Best Low Calorie Rhubarb Tonic Water ,Morrisons The Best Low Calori...500ml,£1.50,30p per 100ml,,drinks
Morrisons The Best Pomegranate & Pear,Morrisons The Best Pomegranate & Pear750ml,£1.99,26.5p per 100ml,Buy 2 for £3,drinks
Morrisons The Best Sparkling Raspberry Lemonade ,Morrisons The Best Sparklin...750ml,£1.99,26.5p per 100ml,Buy 2 for £3,drinks
Morrisons The Best Sparkling Sicilian Lemonade ,Morrisons The Best Sparkl...750ml,£1.99,26.5p per 100ml,Buy 2 for £3,drinks
Morrisons Tropical Fruit & Barley Squash,Morrisons Tropical Fruit & Barley Squash1L,£1.20,12p per 100ml,,drinks
Morrisons Tropical Juice,Morrisons Tropical Juice2L,£1.59,8p per 100ml,,drinks
Morrisons Unsweetened Almond Milk,Morrisons Unsweetened Almond Milk1L,£1.29,12.9p per 100ml,,drinks
Morrisons Unsweetened Soya Milk,Morrisons Unsweetened Soya Milk1L,£1.19,11.9p per 100ml,,drinks
Morrisons Yorkshire Vale Spring Still Water,Morrisons Yorkshire Vale Spring Still Water2L,69p,3.5p per 100ml,,drinks
Morrisons Yorkshire Vale Water,Morrisons Yorkshire Vale Water12 x 50cl,£1.99,3.3p per 100ml,,drinks
Muller Frijj Banana Milkshake,Muller Frijj Banana Milkshake400ml,£1.35,£3.38 per litre,,drinks
Muller Frijj Chocolate Milkshake,Muller Frijj Chocolate Milkshake400ml,£1.35,£3.38 per litre,,drinks
Muller Frijj Cookie Dough Milkshake,Muller Frijj Cookie Dough Milkshake400ml,£1.35,£3.38 per litre,,drinks
Muller Frijj Fudge Brownie Milkshake,Muller Frijj Fudge Brownie Milkshake400ml,£1.35,£3.38 per litre,,drinks
Muller Frijj Strawberry Milkshake,Muller Frijj Strawberry Milkshake400ml,£1.35,£3.38 per litre,,drinks
"Naked Blue Machine Apple, Blueberry & Goji Berry Smoothie","Naked Blue Machine Apple, Blueber...750ml",£2.50,33.3p per 100ml,"Offer price £2.50, was £4.75",drinks
Naked Green Machine Apple Banana Smoothie ,Naked Green Machine Apple Banana Smoothie 750ml,£2.50,33.3p per 100ml,"Offer price £2.50, was £4.75",drinks
Nash's Red Lemonade     ,Nash's Red Lemonade     1.5L,£1.40,9.3p per 100ml,,drinks
Nesquik Banana Flavour Milkshake Mix,Nesquik Banana Flavour Milkshake Mix500g,£4.75,95p per 100g,,drinks
Nesquik Choco-Caramel Flavour Milkshake Mix ,Nesquik Choco-Caramel Flavour Milkshake Mix 500g,£4.75,95p per 100g,,drinks
Nesquik Chocolate Flavour Milkshake Mix,Nesquik Chocolate Flavour Milkshake Mix500g,£4.75,95p per 100g,,drinks
Nesquik Mix,Nesquik Mix325g,£2.79,85.8p per 100g,,drinks
Nesquik Strawberry Flavour Milkshake Mix,Nesquik Strawberry Flavour Milkshake Mix500g,£4.75,95p per 100g,,drinks
Nestle Pure Life Still Spring Water,Nestle Pure Life Still Spring Water12 x 500ml,£2.50,4.2p per 100ml,,drinks
Nocco Blood Orange,Nocco Blood Orange330ml,£2,60.6p per 100ml,,drinks
Nocco Caribbean,Nocco Caribbean330ml,£2,60.6p per 100ml,,drinks
Nocco Limon Del Sol 330Ml,Nocco Limon Del Sol 330Ml330ml,£2,60.6p per 100ml,,drinks
Nocco Mango,Nocco Mango330ml,£2,60.6p per 100ml,,drinks
Nourish Apple Cider Vinegar With Blood Orange Dosing Shots,Nourish Apple Cider Vinegar With...500ml,£1.80,36p per 100ml,"Offer price £1.80, was £2",drinks
Nurishment Original Enriched Banana Milk Drink ,Nurishment Original Enric...400g,£1.40,£3.50 per kg,,drinks
Oasis Citrus Punch,Oasis Citrus Punch500ml,£1.79,35.8p per 100ml,Buy 2 for £2.50,drinks
Oasis Summer Fruits,Oasis Summer Fruits500ml,£1.79,35.8p per 100ml,Buy 2 for £2.50,drinks
Oatly Long Life Chocolate Oat Milk Alternative,Oatly Long Life Chocolate Oat Milk Alternative1L,£1.79,£1.79 per litre,,drinks
Oatly Long Life Organic Oat Milk Alternative,Oatly Long Life Organic Oat Milk Alternative1L,£1.89,£1.89 per litre,,drinks
Oatly Long Life Original Oat Milk Alternative,Oatly Long Life Original Oat Milk Alternative1L,£1.69,£1.69 per litre,,drinks
Ocean Spray Cranberry & Raspberry Juice Drink,Ocean Spray Cranberry & Raspberry Juice Drink1L,£1.25,12.5p per 100ml,"Offer price £1.25, was £1.85",drinks
Ocean Spray Cranberry Classic Juice Drink,Ocean Spray Cranberry Classic Juice Drink1L,£1.25,12.5p per 100ml,"Offer price £1.25, was £1.85",drinks
Ocean Spray Cranberry Classic Light Juice Drink,Ocean Spray Cranberry Classic Light Juice Drink1L,£1.25,12.5p per 100ml,"Offer price £1.25, was £1.85",drinks
Ocean Spray Cranberry High Juice Drink,Ocean Spray Cranberry High Juice Drink1L,£2.25,22.5p per 100ml,,drinks
Ocean Spray Cranberry Light Juice Drink,Ocean Spray Cranberry Light Juice Drink4 x 1L,£5.59,14p per 100ml,,drinks
Ocean Spray Cranberry Original,Ocean Spray Cranberry Original1L,£2.45,24.5p per 100ml,,drinks
Old Jamaica Diet Ginger Beer,Old Jamaica Diet Ginger Beer1.5L,£1.65,11p per 100ml,,drinks
Old Jamaica Diet Ginger Beer,Old Jamaica Diet Ginger Beer6 x 330ml,£3.75,18.9p per 100ml,,drinks
Old Jamaica Ginger,Old Jamaica Ginger6 x 330ml,£3.75,18.9p per 100ml,,drinks
Old Jamaica Ginger Beer,Old Jamaica Ginger Beer1.5L,£1.65,11p per 100ml,,drinks
Orangina Orange,Orangina Orange6 x 330ml,£3,15.2p per 100ml,"Offer price £3, was £4",drinks
Oshee Vitamins & Minerals Energy Drink,Oshee Vitamins & Minerals Energy Drink250ml,50p,20p per 100ml,"Offer price 50p, was 60p",drinks
Pepsi ,Pepsi 6 x 330ml,£3.50,17.7p per 100ml,"Offer price £3.50, was £4.75",drinks
Pepsi ,Pepsi 1.5L,£1.85,12.3p per 100ml,,drinks
Pepsi Diet,Pepsi Diet12 x 330ml,£5.50,13.9p per 100ml,,drinks
Pepsi Max,Pepsi Max2L,£1.99,10p per 100ml,Buy 2 for £3.50,drinks
Pepsi Max,Pepsi Max1.25L,£1,8p per 100ml,"Offer price £1, was £1.40",drinks
Pepsi Max ,Pepsi Max 500ml,£1.45,29p per 100ml,,drinks
Pepsi Max Cherry,Pepsi Max Cherry2L,£1.99,10p per 100ml,Buy 2 for £3.50,drinks
Pepsi Max Cherry ,Pepsi Max Cherry 1.25L,£1,8p per 100ml,"Offer price £1, was £1.40",drinks
Pepsi Max Cherry,Pepsi Max Cherry500ml,£1.45,29p per 100ml,,drinks
Pepsi Max Lime,Pepsi Max Lime2L,£1.99,10p per 100ml,Buy 2 for £3.50,drinks
Pepsi Max Lime,Pepsi Max Lime8 x 330ml,£3.85,14.6p per 100ml,,drinks
Pepsi Max Lime,Pepsi Max Lime500ml,£1.45,29p per 100ml,,drinks
Pepsi Max No Caffeine Bottle,Pepsi Max No Caffeine Bottle2L,£1.99,10p per 100ml,Buy 2 for £3.50,drinks
Pepsi Max No Caffeine Cans,Pepsi Max No Caffeine Cans8 x 330ml,£3.85,14.6p per 100ml,,drinks
Pepsi Max No Sugar,Pepsi Max No Sugar8 x 330ml,£3.85,14.6p per 100ml,,drinks
Pepsi Max No Sugar,Pepsi Max No Sugar24 x 330ml,£9.50,12p per 100ml,,drinks
Pepsi Max No Sugar Cherry ,Pepsi Max No Sugar Cherry 8 x 330ml,£3.85,14.6p per 100ml,,drinks
Pepsi Max No Sugar Cherry ,Pepsi Max No Sugar Cherry 24 x 330ml,£9.50,12p per 100ml,,drinks
Pepsi Max No Sugar Lime ,Pepsi Max No Sugar Lime 24 x 330ml,£10.50,13.3p per 100ml,,drinks
Pepsi Max No Sugar Raspberry,Pepsi Max No Sugar Raspberry8 x 330ml,£3.85,14.6p per 100ml,,drinks
Pepsi Max No Sugar Raspberry,Pepsi Max No Sugar Raspberry24 x 330ml,£10.50,13.3p per 100ml,,drinks
Pepsi Max Raspberry,Pepsi Max Raspberry2L,£1.99,10p per 100ml,Buy 2 for £3.50,drinks
Pepsi Regular,Pepsi Regular24 x 330ml,£11.25,14.2p per 100ml,,drinks
Pepsi Regular,Pepsi Regular1.5L,£1.65,11p per 100ml,,drinks
Pepsi Regular,Pepsi Regular6 x 330ml,£3.50,17.7p per 100ml,,drinks
Pepsi Regular,Pepsi Regular500ml,£1.50,30p per 100ml,,drinks
Perfectly Clear Still Red Apple Flavour Spring Water,Perfectly Clear Still Red App...1.5L,£1,6.7p per 100ml,,drinks
Perfectly Clear Strawberry Still Water,Perfectly Clear Strawberry Still Water1.5L,£1,6.7p per 100ml,,drinks
Perfectly Clear Summerfruits Still Water,Perfectly Clear Summerfruits Still Water1.5L,£1,6.7p per 100ml,,drinks
Plj Lemon Juice,Plj Lemon Juice500ml,£2.25,45p per 100ml,,drinks
Pomegreat Pomegranate Juice Drink,Pomegreat Pomegranate Juice Drink1L,£1.95,19.5p per 100ml,,drinks
POM Wonderful 100% Pomegranate Juice,POM Wonderful 100% Pomegranate Juice710ml,£4.79,67.5p per 100ml,,drinks
Princes Blackberry Bramble Skinny Mixers,Princes Blackberry Bramble Skinny Mixers1L,£1.75,17.5p per 100ml,,drinks
"Princes Botanicals Apple, Mango, Passionfruit & Cardamom Juice ","Princes Botanicals Apple, Mango, Pass...1L",£1.75,17.5p per 100ml,"Offer price £1.75, was £2.50",drinks
"Princes Botanicals Apple, Pineapple & Lemongrass Juice ","Princes Botanicals Apple, Pinea...1L",£1.75,17.5p per 100ml,"Offer price £1.75, was £2.50",drinks
Princes Strawberry Mojito Skinny Mixers,Princes Strawberry Mojito Skinny Mixers1L,£1.75,17.5p per 100ml,,drinks
Purdey's Energy Rejuvenate Grape & Apple With Ginsen ,Purdey's Energy Rejuvenate Gr...4 x 250ml,£3.99,39.9p per 100ml,,drinks
Purdey's Natural Refocus Dark Fruits With Guarana ,Purdey's Natural Refocus Dark Fruits With Guarana 4 x 250ml,£3.99,39.9p per 100ml,,drinks
Quick Milk Chocolate Magic Sipper,Quick Milk Chocolate Magic Sipper5 x 6g,75p,£2.50 per 100g,,drinks
Quick Milk Strawberry Magic Sipper,Quick Milk Strawberry Magic Sipper5 x 6g,75p,£2.50 per 100g,,drinks
Radnor Fizz Apple,Radnor Fizz Apple4 x 330ml,£2.10,15.9p per 100ml,,drinks
Radnor Fizz Forest Fruits ,Radnor Fizz Forest Fruits 4 x 330ml,£2.10,15.9p per 100ml,,drinks
Radnor Splash Apple & Raspberry Still Water ,Radnor Splash Apple & Raspberry Still Water 6 x 500ml,£2.50,8.3p per 100ml,,drinks
Radnor Splash Apple And Raspberry Flavoured Water,Radnor Splash Apple And Ras...3 x 250ml,£1,13.3p per 100ml,,drinks
Radnor Splash Orange & Passion Fruit Flavoured Water,Radnor Splash Orange & Passio...3 x 250ml,£1,13.3p per 100ml,,drinks
Radnor Splash Still Lemon & Lime,Radnor Splash Still Lemon & Lime6 x 500ml,£2.50,8.3p per 100ml,,drinks
Radnor Splash Still Strawberry,Radnor Splash Still Strawberry6 x 500ml,£2.50,8.3p per 100ml,,drinks
Ravenhead Entertain Gin Balloon Glasses Set ,Ravenhead Entertain Gin Balloon Glasses Set 2 per pack,£8,£4.00 each,,drinks
Red Bull Energy Drink,Red Bull Energy Drink473ml,£2.40,50.7p per 100ml,,drinks
Red Bull Energy Drink ,Red Bull Energy Drink 355ml,£1.89,53.2p per 100ml,Buy 2 for £3,drinks
Red Bull Energy Drink ,Red Bull Energy Drink 250ml,£1.59,63.6p per 100ml,Buy 2 for £2.40,drinks
Red Bull Energy Drink ,Red Bull Energy Drink 4 x 250ml,£3.75,37.5p per 100ml,"Offer price £3.75, was £4.99",drinks
Red Bull Energy Drink,Red Bull Energy Drink8 x 250ml,£9,45p per 100ml,,drinks
Red Bull Energy Drink Apricot Edition Sugar Free,Red Bull Energy Drink Apricot Edition Sugar Free355ml,£1.79,50.4p per 100ml,Buy 2 for £3,drinks
Red Bull Energy Drink Green Edition,Red Bull Energy Drink Green Edition250ml,£1.49,59.6p per 100ml,Buy 2 for £2.40,drinks
Red Bull Energy Drink Red Edition ,Red Bull Energy Drink Red Edition 250ml,£1.59,63.6p per 100ml,Buy 2 for £2.40,drinks
Red Bull Energy Drink Red Edition Sugar Free,Red Bull Energy Drink Red Edition Sugar Free355ml,£1.79,50.4p per 100ml,Buy 2 for £3,drinks
Red Bull Energy Drink Sugar Free,Red Bull Energy Drink Sugar Free250ml,£1.49,59.6p per 100ml,Buy 2 for £2.40,drinks
Red Bull Energy Drink Sugar Free,Red Bull Energy Drink Sugar Free4 x 250ml,£3.50,35p per 100ml,"Offer price £3.50, was £4.99",drinks
Red Bull Energy Drink Sugar Free ,Red Bull Energy Drink Sugar Free 8 x 250ml,£8.50,42.5p per 100ml,,drinks
Red Bull Energy Drink Sugar Free,Red Bull Energy Drink Sugar Free355ml,£1.79,50.4p per 100ml,Buy 2 for £3,drinks
Red Bull Energy Drink Sugar Free,Red Bull Energy Drink Sugar Free473ml,£2.30,48.6p per 100ml,,drinks
Red Bull Energy Drink Tropical Edition Sugar Free,Red Bull Energy Drink Tropical Edition Sugar Free250ml,£1.49,59.6p per 100ml,Buy 2 for £2.40,drinks
Red Bull Energy Drink Tropical Edition Sugar Free,Red Bull Energy Drink Tropical Edition Sugar Free355ml,£1.79,50.4p per 100ml,Buy 2 for £3,drinks
Red Bull Energy Drink Zero ,Red Bull Energy Drink Zero 250ml,£1.30,52p per 100ml,Buy 2 for £2.40,drinks
Reign Melon Mania Zero Sugar Energy Drink,Reign Melon Mania Zero Sugar Energy Drink500ml,£1.85,37p per 100ml,Buy 2 for £2.60,drinks
Reign Orange Dreamsicle Zero Sugar Energy Drink,Reign Orange Dreamsicle Zero Sugar Energy Drink500ml,£1.85,37p per 100ml,Buy 2 for £2.60,drinks
Reign Peach Fizz Zero Sugar Energy Drink ,Reign Peach Fizz Zero Sugar Energy Drink 500ml,£1.85,37p per 100ml,Buy 2 for £2.60,drinks
Reign Razzle Berry Zero Sugar Energy Drink,Reign Razzle Berry Zero Sugar Energy Drink500ml,£1.60,32p per 100ml,Buy 2 for £2.60,drinks
Relentless Cherry Energy Drink ,Relentless Cherry Energy Drink 500ml,£1.39,27.8p per 100ml,Buy 2 for £1.80,drinks
Relentless Origin Energy Drink,Relentless Origin Energy Drink500ml,£1.39,27.8p per 100ml,Buy 2 for £1.80,drinks
Relentless Origin Energy Drink ,Relentless Origin Energy Drink 4 x 500ml,£4.79,24p per 100ml,,drinks
Relentless Peach Zero Energy Drink,Relentless Peach Zero Energy Drink500ml,£1.39,27.8p per 100ml,Buy 2 for £1.80,drinks
Relentless Raspberry Zero Energy Drink,Relentless Raspberry Zero Energy Drink500ml,£1.39,£2.78 per litre,Buy 2 for £1.80,drinks
Relentless Raspberry Zero Energy Drink,Relentless Raspberry Zero Energy Drink4 x 550ml,£4.50,20.5p per 100ml,,drinks
Remedy Kombucha Raspberry Lemonade,Remedy Kombucha Raspberry Lemonade250ml,£1.75,70p per 100ml,,drinks
Remedy Kombucha Raspberry Lemonade ,Remedy Kombucha Raspberry Lemonade 700ml,£2.25,32.2p per 100ml,"Offer price £2.25, was £2.75",drinks
Ribena Blackcurrant,Ribena Blackcurrant500ml,£1.50,30p per 100ml,Buy 2 for £2.50,drinks
Ribena Blackcurrant Light,Ribena Blackcurrant Light500ml,£1.50,30p per 100ml,Buy 2 for £2.50,drinks
Ribena Blackcurrant No Added Sugar Squash,Ribena Blackcurrant No Added Sugar Squash1.5L,£2.75,18.3p per 100ml,"Offer price £2.75, was £3.75",drinks
Ribena Blackcurrant No Added Sugar Squash,Ribena Blackcurrant No Added Sugar Squash850ml,£2,23.5p per 100ml,"Offer price £2, was £2.80",drinks
Ribena Blackcurrant Squash,Ribena Blackcurrant Squash850ml,£2,23.5p per 100ml,"Offer price £2, was £2.80",drinks
Ribena Blackcurrant Squash,Ribena Blackcurrant Squash1.5L,£2.75,18.3p per 100ml,"Offer price £2.75, was £3.75",drinks
Ribena Zero Sugar Sparkling Blackcurrant ,Ribena Zero Sugar Sparkling Blackcurrant 500ml,£1.45,29p per 100ml,Buy 2 for £2,drinks
Robinsons Apple & Blackcurrant Squash No Added Sugar,Robinsons Apple & Blackcurran...1L,£2,20p per 100ml,Buy 2 for £2.50,drinks
Robinsons Barley Water Lemon Squash,Robinsons Barley Water Lemon Squash850ml,£2,23.5p per 100ml,,drinks
Robinsons Barley Water Orange Squash,Robinsons Barley Water Orange Squash850ml,£2,23.5p per 100ml,,drinks
"Robinsons Blackberry, Cranberry & Sloe Fruit Cordial ","Robinsons Blackberry, Cranber...500ml",£2.49,49.8p per 100ml,,drinks
Robinsons Crushed Lime & Mint Fruit Cordial,Robinsons Crushed Lime & Mint Fruit Cordial500ml,£2.49,49.8p per 100ml,,drinks
Robinsons Double Concentrate Summer Fruits Squash,Robinsons Double Concentrat...1.75L,£3.25,18.6p per 100ml,,drinks
Robinsons Double Strength Apple & Blackcurrant No Added Sugar Squash ,Robinsons Double Strength App...1.75L,£3.25,18.6p per 100ml,,drinks
Robinsons Double Strength Apple & Blackcurrant Squash,Robinsons Double Strength App...1L,£2.50,£2.50 per litre,Buy 2 for £3,drinks
Robinsons Double Strength Blackcurrant Squash,Robinsons Double Strength...1L,£2.50,£2.50 per litre,Buy 2 for £3,drinks
Robinsons Double Strength Orange & Pineapple Squash,Robinsons Double Strength Ora...1L,£2.50,£2.50 per litre,Buy 2 for £3,drinks
Robinsons Double Strength Orange No Added Sugar Squash,Robinsons Double Strength Orang...1.75L,£3.25,18.6p per 100ml,,drinks
Robinsons Double Strength Orange No Added Sugar Squash,Robinsons Double Strength Orang...1.75L,£3.25,18.6p per 100ml,,drinks
Robinsons Double Strength Orange Squash ,Robinsons Double Strength Orange Squash 1L,£2.50,£2.50 per litre,Buy 2 for £3,drinks
Robinsons Fruit & Barley Orange Squash No Added Sugar,Robinsons Fruit & Barley Oran...1L,£2,20p per 100ml,Buy 2 for £2.50,drinks
Robinsons Fruit & Barley Peach Squash No Added Sugar,Robinsons Fruit & Barley Peac...1L,£2,20p per 100ml,Buy 2 for £2.50,drinks
Robinsons Fruit & Barley Summer Fruits Squash No Added Sugar,Robinsons Fruit & Barley Summer Fru...1L,£2,20p per 100ml,Buy 2 for £2.50,drinks
Robinsons Fruit Creations Blackberry & Blueberry Squash ,Robinsons Fruit Creations Black...1L,£1.75,£1.75 per litre,"Offer price £1.75, was £2.49",drinks
Robinsons Fruit Creations Exotic Pineapple Mango & Passion Fruit Squash,Robinsons Fruit Creations Exotic Pineappl...1L,£1.75,17.5p per 100ml,"Offer price £1.75, was £2.49",drinks
Robinsons Fruit Creations Lemon & Raspberry Squash,Robinsons Fruit Creations L...1L,£1.75,£1.75 per litre,"Offer price £1.75, was £2.49",drinks
Robinsons Fruit Creations Orange & Mango Squash,Robinsons Fruit Creations Orange & Mango Squash1L,£1.75,17.5p per 100ml,"Offer price £1.75, was £2.49",drinks
Robinsons Fruit Creations Peach & Raspberry Squash ,Robinsons Fruit Creations Pea...1L,£1.75,17.5p per 100ml,"Offer price £1.75, was £2.49",drinks
Robinsons Fruit Creations Refreshing Strawberry & Watermelon Squash,Robinsons Fruit Creations Refreshing St...1L,£1.75,17.5p per 100ml,"Offer price £1.75, was £2.49",drinks
Robinsons Lemon Squash No Added Sugar,Robinsons Lemon Squash No Added Sugar1L,£2,20p per 100ml,Buy 2 for £2.50,drinks
Robinsons Mini Apple & Blackcurrant On-The-Go Squash,Robinsons Mini Apple & Blackc...66ml,£1.50,£2.27 per 100ml,,drinks
Robinsons Mini Orange On-The-Go Squash,Robinsons Mini Orange On-The-Go Squash66ml,£1.50,£2.27 per 100ml,,drinks
Robinsons Mini Summer Fruits On-The-Go Squash,Robinsons Mini Summer Fruits On-The-Go Squash66ml,£1.50,£2.27 per 100ml,,drinks
Robinsons No Added Sugar Apple & Blackcurrant Squash,Robinsons No Added Sugar Appl...2L,£2.50,12.5p per 100ml,,drinks
Robinsons No Added Sugar Orange Squash,Robinsons No Added Sugar Orange Squash2L,£2.50,12.5p per 100ml,,drinks
Robinsons Orange Squash No Added Sugar,Robinsons Orange Squash No Added Sugar1L,£2,20p per 100ml,Buy 2 for £2.50,drinks
Robinsons Pressed Pear & Elderflower Fruit Cordial,Robinsons Pressed Pear & Elderflower Fruit Cordial500ml,£2.49,49.8p per 100ml,,drinks
Robinsons Summer Fruits Squash No Added Sugar,Robinsons Summer Fruits Squash No Added Sugar1L,£2,20p per 100ml,Buy 2 for £2.50,drinks
Rockstar,Rockstar500ml,£1.30,26p per 100ml,,drinks
Rockstar Punched Guava Energy Drink,Rockstar Punched Guava Energy Drink500ml,£1.30,26p per 100ml,,drinks
Rockstar Xdurance Blueberry Pomegranate Acai Energy Drink,Rockstar Xdurance Blueberry Pomeg...500ml,£1.30,26p per 100ml,,drinks
Rose's Lime Juice Cordial ,Rose's Lime Juice Cordial 1L,£2.60,26p per 100ml,,drinks
Rubicon Raw Energy Cherry & Pomegranate ,Rubicon Raw Energy Cherry & Pomegranate 500ml,£1.40,28p per 100ml,Buy 2 for £2,drinks
Rubicon Raw Energy Orange Mango ,Rubicon Raw Energy Orange Mango 4 x 500ml,£3.50,17.5p per 100ml,,drinks
Rubicon Raw Energy Raspberry Blueberry ,Rubicon Raw Energy Raspberry Blueberry 4 x 500ml,£3.50,17.5p per 100ml,,drinks
Rubicon RAW Orange & Mango Energy Drink,Rubicon RAW Orange & Mango Energy Drink500ml,£1.40,28p per 100ml,Buy 2 for £2,drinks
Rubicon Raw Raspberry & Blueberry Energy Drink,Rubicon Raw Raspberry & Blueberry Energy Drink500ml,£1.40,28p per 100ml,Buy 2 for £2,drinks
Rubicon Sparkling Lychee Juice Soft Drink,Rubicon Sparkling Lychee Juice Soft Drink2L,£1.50,7.5p per 100ml,"Offer price £1.50, was £1.95",drinks
Rubicon Sparkling Mango Juice Soft Drink,Rubicon Sparkling Mango Juice Soft Drink2L,£1.50,7.5p per 100ml,"Offer price £1.50, was £1.95",drinks
Rubicon Sparkling Mango Juice Soft Drink,Rubicon Sparkling Mango Juice Soft Drink500ml,£1.50,30p per 100ml,,drinks
Rubicon Sparkling Mango Juice Soft Drink,Rubicon Sparkling Mango Juice Soft Drink18 x 330ml,£5,8.4p per 100ml,"Offer price £5, was £6.75",drinks
Rubicon Sparkling Mango Juice Soft Drink,Rubicon Sparkling Mango Juice Soft Drink6 x 330ml,£3.85,19.4p per 100ml,,drinks
Rubicon Sparkling Mango Juice Sugar Free Soft Drink,Rubicon Sparkling Mango Juice Sugar Free Soft Drink2L,£1.75,8.8p per 100ml,"Offer price £1.75, was £1.95",drinks
Rubicon Sparkling Passionfruit Juice Soft Drink,Rubicon Sparkling Passion...2L,£1.50,7.5p per 100ml,"Offer price £1.50, was £1.95",drinks
Rubicon Spring Black Cherry & Raspberry Sparkling Flavoured Water,Rubicon Spring Black Cherry...1.5L,£1.29,86p per litre,,drinks
Rubicon Spring Black Cherry & Raspberry Sparkling Flavoured Water,Rubicon Spring Black Cherry...4 per pack,£3,75p each,,drinks
Rubicon Spring Orange & Mango Sparkling Flavoured Water,Rubicon Spring Orange & Mango S...1.5L,£1.29,86p per litre,,drinks
Rubicon Spring Orange & Mango Sparkling Flavoured Water,Rubicon Spring Orange & Mango S...,£3,,,drinks
Rubicon Spring Strawberry & Kiwi Sparkling Flavoured Water,Rubicon Spring Strawber...1.5L,£1.29,86p per litre,,drinks
Rubicon Still Deluxe Guava Juice Drink,Rubicon Still Deluxe Guava Juice Drink1L,£1.69,16.9p per 100ml,,drinks
Rubicon Still Deluxe Mango Juice Drink ,Rubicon Still Deluxe Mango Juice Drink 1L,£1.69,16.9p per 100ml,,drinks
Rubicon Still Guava Juice Drink,Rubicon Still Guava Juice Drink1L,£1.49,14.9p per 100ml,,drinks
Rubicon Still Mango Juice Drink,Rubicon Still Mango Juice Drink1L,£1.25,12.5p per 100ml,,drinks
Rubicon Still Passion Fruit Juice Drink,Rubicon Still Passion Fruit Juice Drink1L,£1.25,12.5p per 100ml,,drinks
Rude Health Organic Almond Drink,Rude Health Organic Almond Drink1L,£1.80,£1.80 per litre,"Offer price £1.80, was £2.29",drinks
R Whites Lemonade 24 X 330Ml,R Whites Lemonade 24 X 330Ml24 x 330ml,£7,8.8p per 100ml,,drinks
San Pellegrino Blood Orange,San Pellegrino Blood Orange6 x 330ml,£4.75,24p per 100ml,,drinks
San Pellegrino Lemon ,San Pellegrino Lemon 6 x 330ml,£4.75,24p per 100ml,,drinks
San Pellegrino Orange ,San Pellegrino Orange 6 x 330ml,£4.75,24p per 100ml,,drinks
San Pellegrino Sparkling Natural Mineral Water,San Pellegrino Sparkling Natural Mineral Water1L,£1,10p per 100ml,"Offer price £1, was £1.65",drinks
San Pellegrino Sparkling Natural Mineral Water,San Pellegrino Sparkling Natural Mineral Water6 x 1L,£6.50,10.8p per 100ml,,drinks
San Pellegrino Sparkling Natural Mineral Water ,San Pellegrino Sparkling Natural Mineral Water 4 x 500ml,£2.25,11.3p per 100ml,"Offer price £2.25, was £2.80",drinks
Schweppes Bitter Lemon ,Schweppes Bitter Lemon 1L,£1.90,19p per 100ml,,drinks
Schweppes Canada Dry Ginger Ale ,Schweppes Canada Dry Ginger Ale 12 x 150ml,£4,22.2p per 100ml,,drinks
Schweppes Canada Dry Ginger Ale ,Schweppes Canada Dry Ginger Ale 1L,£1.90,19p per 100ml,,drinks
Schweppes Diet Lemonade,Schweppes Diet Lemonade6 x 330ml,£2,10.1p per 100ml,"Offer price £2, was £3.60",drinks
Schweppes Grapefruit  Slimline Tonic,Schweppes Grapefruit  Slimline Tonic600ml,£1.90,31.7p per 100ml,,drinks
Schweppes Indian Tonic Water ,Schweppes Indian Tonic Water 600ml,£1.65,27.5p per 100ml,,drinks
Schweppes Lemonade ,Schweppes Lemonade 6 x 330ml,£2,10.1p per 100ml,"Offer price £2, was £3.60",drinks
Schweppes Lemonade,Schweppes Lemonade2L,£1.35,6.8p per 100ml,,drinks
Schweppes Original Lemonade,Schweppes Original Lemonade12 x 150ml,£4,22.2p per 100ml,,drinks
Schweppes Original Soda Water ,Schweppes Original Soda Water 1L,£1.90,19p per 100ml,,drinks
Schweppes Pink Soda ,Schweppes Pink Soda 1L,£1.90,19p per 100ml,,drinks
Schweppes Slimline Bitter Lemon ,Schweppes Slimline Bitter Lemon 1L,£1.90,19p per 100ml,,drinks
Schweppes Slimline Bitter Lemon ,Schweppes Slimline Bitter Lemon 1L,£1.90,19p per 100ml,,drinks
Schweppes Slimline Elderflower Tonic Water ,Schweppes Slimline Elderflower Tonic Water 1L,£1.90,19p per 100ml,,drinks
Schweppes Slimline Lemonade ,Schweppes Slimline Lemonade 2L,£1.35,6.8p per 100ml,,drinks
Schweppes Slimline Tonic Water ,Schweppes Slimline Tonic Water 12 x 150ml,£4,22.2p per 100ml,,drinks
Schweppes Slimline Tonic Water ,Schweppes Slimline Tonic Water 1L,£1.90,19p per 100ml,,drinks
Schweppes Tonic Water ,Schweppes Tonic Water 12 x 150ml,£4,22.2p per 100ml,,drinks
Schweppes Tonic Water ,Schweppes Tonic Water 1L,£1.90,19p per 100ml,,drinks
Shaken Udder Chocolush Milkshake,Shaken Udder Chocolush Milkshake750ml,£2,£2.67 per litre,"Offer price £2, was £2.45",drinks
 Shaken Udder Chocolush Milkshake, Shaken Udder Chocolush Milkshake330ml,£1.59,£4.82 per litre,,drinks
Shaken Udder Salted Caramel Milkshake,Shaken Udder Salted Caramel Milkshake330ml,£1.59,£4.82 per litre,,drinks
Shaken Udder Salted Caramel Milkshake,Shaken Udder Salted Caramel Milkshake750ml,£2,26.7p per 100ml,"Offer price £2, was £2.45",drinks
Shaken Udder Strawberry Dream Milkshake 330ml,Shaken Udder Strawberry Dream Milkshake 330ml330ml,£1.59,£4.82 per litre,,drinks
Shaken Udder Strawberry Dream Milkshake 750ml,Shaken Udder Strawberry Dream Milkshake 750ml750ml,£2,£2.67 per litre,"Offer price £2, was £2.45",drinks
Shaken Udder Top Banana Milkshake,Shaken Udder Top Banana Milkshake330ml,£1.59,£4.82 per litre,,drinks
Shaken Udder Vanillalicious Milkshake,Shaken Udder Vanillalicious Milkshake330ml,£1.59,£4.82 per litre,,drinks
Shaken Udder Vanillalicious Milkshake 750ml,Shaken Udder Vanillalic...750ml,£2,£2.67 per litre,"Offer price £2, was £2.45",drinks
Shloer Light White Grape Sparkling Juice Drink,Shloer Light White Grape Sparkling Juice Drink750ml,£2.50,33.3p per 100ml,Buy 2 for £3.50,drinks
Shloer Pink Bubbly ,Shloer Pink Bubbly 750ml,£3.30,44p per 100ml,,drinks
Shloer Red Grape Sparkling Fruit Drink ,Shloer Red Grape Sparkling Fruit Drink 4 x 275ml,£2.75,25p per 100ml,,drinks
Shloer Red Grape Sparkling Juice Drink,Shloer Red Grape Sparkling Juice Drink750ml,£2.50,33.3p per 100ml,Buy 2 for £3.50,drinks
Shloer Rose Sparkling Grape Juice Drink,Shloer Rose Sparkling Grape Juice Drink750ml,£2.50,33.3p per 100ml,Buy 2 for £3.50,drinks
Shloer White Grape & Elderflower Sparkling Juice Drink,Shloer White Grape & Elderflowe...750ml,£2.50,33.3p per 100ml,Buy 2 for £3.50,drinks
Shloer White Grape Sparkling Fruit Drink,Shloer White Grape Sparkling Fruit Drink4 x 275ml,£2.75,25p per 100ml,,drinks
Shloer White Grape Sparkling Juice Drink,Shloer White Grape Sparkling Juice Drink750ml,£2.50,33.3p per 100ml,Buy 2 for £3.50,drinks
Shloer Zero Red Grape Drink,Shloer Zero Red Grape Drink750ml,£2.50,33.3p per 100ml,Buy 2 for £3.50,drinks
Shloer Zero White Grape Drink,Shloer Zero White Grape Drink750ml,£2.50,33.3p per 100ml,Buy 2 for £3.50,drinks
Sodastream 7Up,Sodastream 7Up,£5.70,£5.70 each,,drinks
Sodastream 7Up free,Sodastream 7Up free,£5.70,£5.70 each,,drinks
Sodastream Pepsi Blue,Sodastream Pepsi Blue,£5.70,£5.70 each,,drinks
Sodastream Pepsi Max,Sodastream Pepsi Max,£5.70,£5.70 each,,drinks
S. Pellegrino Sparkling Natural Mineral Water,S. Pellegrino Sparkling Natural Mineral Water500ml,£1,20p per 100ml,,drinks
Sprite,Sprite2L,£1.99,10p per 100ml,Buy 2 for £3,drinks
Sprite ,Sprite 500ml,£1.79,35.8p per 100ml,Buy 2 for £2.50,drinks
Sprite,Sprite4 x 330ml,£2.50,18.9p per 100ml,,drinks
Sprite ,Sprite 8 x 330ml,£3,11.4p per 100ml,,drinks
Sprite,Sprite500ml,£1.79,35.8p per 100ml,Buy 2 for £2.50,drinks
Sprite No Sugar ,Sprite No Sugar 2L,£1.99,10p per 100ml,Buy 2 for £3,drinks
Sprite No Sugar ,Sprite No Sugar 8 x 330ml,£3,11.4p per 100ml,,drinks
Sprite No Sugar ,Sprite No Sugar 6 x 250ml,£2,13.3p per 100ml,"Offer price £2, was £3.20",drinks
Starbucks Caramel Brownie Frappuccino,Starbucks Caramel Brownie Frappuccino250ml,£1.25,50p per 100ml,"Offer price £1.25, was £2.19",drinks
Starbucks Caramel Frappuccino Multipack,Starbucks Caramel Frappuccino Multipack4 x 250ml,£6.50,65p per 100ml,,drinks
Starbucks Discoveries Caramel Macchiato,Starbucks Discoveries Caramel Macchiato220ml,£1.25,£5.68 per litre,"Offer price £1.25, was £2.25",drinks
Starbucks Discoveries Seattle Latte,Starbucks Discoveries Seattle Latte220ml,£1.25,£5.68 per litre,"Offer price £1.25, was £2.25",drinks
Starbucks Discoveries Skinny Latte,Starbucks Discoveries Skinny Latte220ml,£1.25,£5.68 per litre,"Offer price £1.25, was £2.25",drinks
Starbucks Doubleshot Espresso,Starbucks Doubleshot Espresso200ml,£1.25,£6.25 per litre,"Offer price £1.25, was £2.25",drinks
Starbucks Frappuccino Coffee Drink Caramel Flavour,Starbucks Frappuccino Coffe...250ml,£1.25,£5.00 per litre,"Offer price £1.25, was £2.25",drinks
Starbucks Frappuccino Mocha,Starbucks Frappuccino Mocha250ml,£1.25,£5.00 per litre,"Offer price £1.25, was £2.25",drinks
Starbucks Low Fat Frappuccino ,Starbucks Low Fat Frappuccino 250ml,£1.25,£5.00 per litre,"Offer price £1.25, was £2.25",drinks
Starbucks No Added Sugar Double Shot Expresso,Starbucks No Added Sugar...200ml,£1.25,£6.25 per litre,"Offer price £1.25, was £2.25",drinks
Starbucks Salted Chocolate Mocha,Starbucks Salted Chocolate Mocha220ml,£1.25,56.8p per 100ml,"Offer price £1.25, was £2.09",drinks
Tango Apple Sugar Free Bottle ,Tango Apple Sugar Free Bottle 2L,£1.50,7.6p per 100ml,"Offer price £1.50, was £1.65",drinks
Tango Apple Sugar free Can,Tango Apple Sugar free Can24 x 330ml,£7.50,9.5p per 100ml,,drinks
Tango Apple Sugar Free Cans ,Tango Apple Sugar Free Cans 6 x 330ml,£2.50,12.6p per 100ml,,drinks
Tango Berry Peachy Zero Sugar,Tango Berry Peachy Zero Sugar6 per pack,£2.50,41.7p each,,drinks
Tango Dark Berry Sugar Free,Tango Dark Berry Sugar Free24 x 330ml,£7.50,9.5p per 100ml,,drinks
Tango Orange,Tango Orange2L,£1.50,7.6p per 100ml,"Offer price £1.50, was £1.65",drinks
Tango Orange,Tango Orange6 x 330ml,£2.50,12.6p per 100ml,,drinks
Tango Orange ,Tango Orange 24 x 330ml,£7.50,9.5p per 100ml,,drinks
Tango Sugar Free Apple,Tango Sugar Free Apple500ml,£1.45,29p per 100ml,,drinks
Tango Sugar Free Dark Berry Bottle,Tango Sugar Free Dark Berry Bottle2L,£1.50,7.6p per 100ml,"Offer price £1.50, was £1.65",drinks
Tango Sugar Free Dark Berry Cans,Tango Sugar Free Dark Berry Cans6 x 330ml,£2.50,12.6p per 100ml,,drinks
Tango Sugar Free Orange,Tango Sugar Free Orange6 x 330ml,£2.50,12.6p per 100ml,,drinks
Tango Sugar Free Orange,Tango Sugar Free Orange2L,£1.50,7.6p per 100ml,"Offer price £1.50, was £1.65",drinks
Tango Sugar Free Paradise Punch,Tango Sugar Free Paradise Punch2L,£1.50,7.5p per 100ml,"Offer price £1.50, was £1.90",drinks
Tango Sugar Free Paradise Punch,Tango Sugar Free Paradise Punch6 x 330ml,£2.50,12.6p per 100ml,"Offer price £2.50, was £3.25",drinks
Tenzing Natural Energy,Tenzing Natural Energy250ml,£1.45,58p per 100ml,,drinks
Tenzing Natural Energy Raspberry & Yuzu ,Tenzing Natural Energy Raspberry & Yuzu 250ml,£1.45,58p per 100ml,,drinks
The London Essence Co. Delicate London Ginger Ale ,The London Essence Co. Deli...6 x 150ml,£2.50,27.8p per 100ml,,drinks
The London Essence Co. Grapefruit & Rosemary Tonic Water 6X150Ml Cans,The London Essence Co. Grapef...6 x 150ml,£2.50,27.8p per 100ml,,drinks
The London Essence Co. Indian Tonic Water 6X150Ml Cans,The London Essence Co. Indian T...6 x 150ml,£2.50,27.8p per 100ml,,drinks
The London Essence Co. Orange & Elderflower Tonic Water 6 x150ml Cans,The London Essence Co. Orange...6 x 150ml,£2.50,27.8p per 100ml,,drinks
The London Essence Co. Original Indian Tonic Water,The London Essence Co. Orig...12 x 150ml,£6.50,36.1p per 100ml,,drinks
The London Essence Co. Pomelo & Pink Pepper Tonic Water ,The London Essence Co. Pomelo &...6 x 150ml,£2.50,27.8p per 100ml,,drinks
Tiny Rebel Clwb Tropica Tropical IPA,Tiny Rebel Clwb Tropica Tropical IPA4 x 330ml,£6,45.4p per 100ml,"Offer price £6, was £7",drinks
Tizer                             ,Tizer                             2L,£1.09,5.5p per 100ml,,drinks
Tropical Sun Coconut Water,Tropical Sun Coconut Water520ml,£1.80,£3.46 per litre,,drinks
Tropicana Orange & Mango Juice,Tropicana Orange & Mango Juice850ml,£3.25,38.2p per 100ml,,drinks
Tropicana Sensations Pineapple Juice,Tropicana Sensations Pineapple Juice850ml,£2.50,29.4p per 100ml,"Offer price £2.50, was £3.50",drinks
Tropicana Smooth Orange Juice,Tropicana Smooth Orange Juice4 x 250ml,£3.30,33p per 100ml,,drinks
Tropicana Trop50 Orange & Mango Juice Drink,Tropicana Trop50 Orange & Mango Juice Drink1L,£1.50,15p per 100ml,,drinks
Tropicana Trop50 Orange Juice Drink ,Tropicana Trop50 Orange Juice Drink 1L,£1.50,15p per 100ml,,drinks
Tropicana Tropical Fruit Juice ,Tropicana Tropical Fruit Juice 850ml,£3.25,38.2p per 100ml,,drinks
UFIT High Protein Shake Drink Banana,UFIT High Protein Shake Drink Banana330ml,£2,60.6p per 100ml,,drinks
UFIT High Protein Shake Drink  Chocolate,UFIT High Protein Shake Drink  Chocolate500ml,£2.25,£4.50 per litre,"Offer price £2.25, was £3",drinks
Ufit High Protein Shake Drink Frosted Gingerbread,Ufit High Protein Shake Drink Frosted Gingerbread330ml,£2,60.6p per 100ml,,drinks
UFIT High Protein Shake Drink Salted Caramel,UFIT High Protein Shake Drink Salted Caramel330ml,£2,60.6p per 100ml,,drinks
UFIT High Protein Shake Drink Strawberry,UFIT High Protein Shake Drink Strawberry500ml,£2.25,£4.50 per litre,"Offer price £2.25, was £3",drinks
UFIT High Protein Shake Drink Strawberry,UFIT High Protein Shake Drink Strawberry330ml,£2,60.6p per 100ml,,drinks
UFIT High Protein Shake Drink White Chocolate,UFIT High Protein Shake Drink White Chocolate330ml,£2,60.6p per 100ml,,drinks
UFIT Lite Protein Shake Drink Smooth Chocolate,UFIT Lite Protein Shake Drink Smooth Chocolate310ml,£2,64.5p per 100ml,Food To Go Meal Deal for £3.50,drinks
UFIT Lite Protein Shake Drink Strawberries & Cream,UFIT Lite Protein Shake Dri...310ml,£2,64.5p per 100ml,Food To Go Meal Deal for £3.50,drinks
Upstream Pomegranate & Lime,Upstream Pomegranate & Lime6 x 330ml,£3.50,17.7p per 100ml,,drinks
Upstream Strawberry & Lychee,Upstream Strawberry & Lychee6 x 330ml,£3.50,17.7p per 100ml,,drinks
"Vimt2O Still Fruity Spring Water with Grapes, Raspberries & Blackcurrants",Vimt2O Still Fruity Spring Wate...500ml,£1.15,23p per 100ml,,drinks
"Vimto Cherry, Raspberry & Blackcurrant Fizzy","Vimto Cherry, Raspberry & Blackcurrant Fizzy2L",£1.35,6.8p per 100ml,,drinks
"Vimto Cherry, Raspberry & Blackcurrant Real Fruit Squash","Vimto Cherry, Raspberry & Black...1L",£1.85,18.5p per 100ml,,drinks
"Vimto Cherry, Raspberry & Blackcurrant Real Fruit Squash","Vimto Cherry, Raspberry & Black...2L",£2.50,12.5p per 100ml,,drinks
Vimto Fizzy,Vimto Fizzy2L,£1.35,6.8p per 100ml,,drinks
Vimto Fizzy No Added Sugar,Vimto Fizzy No Added Sugar2L,£1.35,6.8p per 100ml,,drinks
Vimto No Added Sugar Flavoured Real Fruit Squash,Vimto No Added Sugar Flavou...2L,£2.50,12.5p per 100ml,"Offer price £2.50, was £3",drinks
Vimto No Added Sugar Real Fruit Squash,Vimto No Added Sugar Real Fruit Squash1L,£1.85,18.5p per 100ml,,drinks
Vimto Original Fizzy Cans,Vimto Original Fizzy Cans6 x 330ml,£2.50,12.7p per 100ml,"Offer price £2.50, was £3",drinks
Vimto Original Flavoured Real Fruit Squash,Vimto Original Flavoured Real Fruit Squash2L,£2.50,12.5p per 100ml,"Offer price £2.50, was £3",drinks
Vimto Original Real Fruit Squash,Vimto Original Real Fruit Squash1L,£1.85,18.5p per 100ml,,drinks
"Vimto Raspberry, Orange & Passionfruit Real Fruit Squash","Vimto Raspberry, Orange & Passi...1L",£1.85,18.5p per 100ml,,drinks
"Vimto Raspberry,Orange & Passionfruit Real Fruit Squash","Vimto Raspberry,Orange & Passio...2L",£2.50,12.5p per 100ml,,drinks
"Vimto Remix Blackberry, Raspberry & Blueberry Fruit Squash","Vimto Remix Blackberry, Raspberry...1L",£1.85,18.5p per 100ml,,drinks
"Vimto Remix Orange, Strawberry & Lime Real Fruit Squash","Vimto Remix Orange, Strawberry...1L",£1.85,£1.85 per litre,,drinks
Vimto Zero Sugar Fizzy Cans,Vimto Zero Sugar Fizzy Cans6 x 330ml,£2.50,12.7p per 100ml,"Offer price £2.50, was £3",drinks
Vita Coco Coconut Water Pressed Coconut,Vita Coco Coconut Water Pressed Coconut1L,£3.99,39.9p per 100ml,,drinks
Vita Coco Natural Coconut Water ,Vita Coco Natural Coconut Water 1L,£2.50,25p per 100ml,"Offer price £2.50, was £3.99",drinks
Volvic Touch Of Fruit Lemon & Lime     ,Volvic Touch Of Fruit Lemon & Lime     750ml,£1.45,19.3p per 100ml,,drinks
Volvic Touch of Fruit Lemon & Lime Natural Flavoured Water,Volvic Touch of Fruit Lemon & Lim...1.5L,£1.20,8p per 100ml,Buy 2 for £2,drinks
Volvic Touch Of Fruit Strawberry       ,Volvic Touch Of Fruit Strawberry       750ml,£1.45,19.3p per 100ml,,drinks
Volvic Touch of Fruit Strawberry Natural Flavoured Water,Volvic Touch of Fruit Strawberr...1.5L,£1.20,8p per 100ml,Buy 2 for £2,drinks
Volvic Touch Of Fruit Strawberry Sugar Free,Volvic Touch Of Fruit Strawberry Sugar Free750ml,£1.45,19.3p per 100ml,,drinks
Volvic Touch of Fruit Sugar Free Lemon & Lime Natural Flavoured Water,Volvic Touch of Fruit Sugar Free Lemon &...1.5L,£1.20,8p per 100ml,Buy 2 for £2,drinks
Volvic Touch Of Fruit Sugar Free Mango & Passion Fruit ,Volvic Touch Of Fruit Sugar Fre...1.5L,£1.20,8p per 100ml,Buy 2 for £2,drinks
Volvic Touch Of Fruit Sugar Free Peach & Raspberry Vitality Flavoured Water,Volvic Touch Of Fruit Sugar Fre...1.5L,£1.30,8.7p per 100ml,Buy 2 for £2,drinks
Volvic Touch of Fruit Sugar Free Strawberry Natural Flavoured Water,Volvic Touch of Fruit Sugar Free Strawb...1.5L,£1.20,8p per 100ml,Buy 2 for £2,drinks
Volvic Touch of Fruit Sugar Free Summer Fruits Natural Flavoured Water,Volvic Touch of Fruit Sugar Free Summer F...1.5L,£1.20,8p per 100ml,Buy 2 for £2,drinks
Volvic Touch of Fruit Sugar Free Watermelon Natural Flavoured Water,Volvic Touch of Fruit Sugar Free Waterm...1.5L,£1.20,8p per 100ml,Buy 2 for £2,drinks
Volvic Touch of Fruit Summer Fruits Natural Flavoured Water,Volvic Touch of Fruit Summer Frui...1.5L,£1.20,8p per 100ml,Buy 2 for £2,drinks
Yakult 0% Fat Yogurt Drink,Yakult 0% Fat Yogurt Drink15 x 65ml,£5.50,56.4p per 100ml,,drinks
Yakult Light 0% Fat Yogurt Drink,Yakult Light 0% Fat Yogurt Drink15 x 65ml,£5.50,56.4p per 100ml,,drinks
Yakult Light Yogurt Drink,Yakult Light Yogurt Drink7 x 65ml,£3.25,71.4p per 100ml,,drinks
Yakult Yogurt Drink,Yakult Yogurt Drink7 x 65ml,£3.25,71.4p per 100ml,,drinks
Yazoo Chocolate Milk,Yazoo Chocolate Milk1L,£1.80,£1.80 per litre,,drinks
Yazoo Chocolate No Added Sugar,Yazoo Chocolate No Added Sugar6 x 200ml,£2.40,20p per 100ml,,drinks
Yazoo Strawberry Milk,Yazoo Strawberry Milk1L,£1.80,£1.80 per litre,,drinks
Morrisons Market Street 2 Smoked Haddock Fillets,Morrisons Market St...220g,£4.25,£19.32 per kg,,fish-seafood
Morrisons Sliced Curly Kale,Morrisons Sli...150g,79p,52.7p per 100g,,fish-seafood
Morrisons The Best Asparagus Tips,Morrisons The Bes...125g,£1.99,£1.59 per 100g,,fish-seafood
Bradleys Jellied Eels,Bradleys Jellied Eels200g,£3,£1.50 per 100g,,fish-seafood
Market Street Cooked Squid Tentacles,Market Street Cooked Squid Tentacles200g,£4.25,£21.25 per kg,Buy 3 for £10,fish-seafood
Morrisons 24 British Beef Meatballs ,Morrisons 24 British Beef Meatballs 645g,£4.25,£6.59 per kg,Buy 3 for £10,fish-seafood
Morrisons 2 Cod Fish Cakes,Morrisons 2 Cod Fish Cakes270g,£1.70,£6.30 per kg,,fish-seafood
Morrisons 4 Breaded Chicken Steaks,Morrisons 4 Breaded Chicken Steaks500g,£3.99,£7.98 per kg,,fish-seafood
Morrisons Battered Cod Bites,Morrisons Battered Cod Bites200g,£2.50,£12.50 per kg,,fish-seafood
Morrisons Beef Denver Steak,Morrisons Beef Denver Steak300g,£4,£13.33 per kg,Buy 3 for £10,fish-seafood
Morrisons Bone In Pork Chops,Morrisons Bone In Pork Chops400g,£4.25,£1.06 per 100g,Buy 3 for £10,fish-seafood
Morrisons Breaded Chicken Goujons,Morrisons Breaded Chicken Goujons650g,£4.25,£6.54 per kg,Buy 3 for £10,fish-seafood
Morrisons Breaded Chunky Cod Fish Fingers,Morrisons Breaded Chunky Cod Fish Fingers300g,£3.50,£11.67 per kg,Buy 3 for £10,fish-seafood
Morrisons Breaded Pollock Fillets,Morrisons Breaded Pollock Fillets600g,£3.75,£6.25 per kg,Buy 3 for £10,fish-seafood
Morrisons British Lean Diced Beef,Morrisons British Lean Diced Beef350g,£4.25,£1.21 per 100g,Buy 3 for £10,fish-seafood
Morrisons British Pork Loin Steaks,Morrisons British Pork Loin Steaks400g,£4.25,£1.06 per 100g,Buy 3 for £10,fish-seafood
Morrisons British Pork Shoulder Steaks,Morrisons British Pork Shoulder Steaks500g,£4.25,£8.50 per kg,Buy 3 for £10,fish-seafood
Morrisons British Whole Chicken ,Morrisons British Whole Chicken 1.4kg,£4.25,£3.04 per kg,Buy 3 for £10,fish-seafood
Morrisons Chicken Drumsticks & Thigh,Morrisons Chicken Drumsticks & Thigh1.2kg,£4.25,35.4p per 100g,Buy 3 for £10,fish-seafood
Morrisons Chicken Fillet,Morrisons Chicken Fillet400g,£4.25,£1.06 per 100g,Buy 3 for £10,fish-seafood
Morrisons Chicken Mini Fillet,Morrisons Chicken Mini Fillet450g,£4.25,94.4p per 100g,Buy 3 for £10,fish-seafood
Morrisons Cold Smoked Salmon ,Morrisons Cold Smoked Salmon 200g,£4.99,£24.95 per kg,,fish-seafood
Morrisons Cold Water Prawns,Morrisons Cold Water Prawns200g,£3.75,£1.88 per 100g,Buy 3 for £10,fish-seafood
Morrisons Cooked & Peeled King Prawns ,Morrisons Cooked & Peeled King Prawns 150g,£3.75,£2.50 per 100g,Buy 3 for £10,fish-seafood
Morrisons Fishmonger Cooked Mussels ,Morrisons Fishmonger Cooked Mussels 175g,£1.75,£1.00 per 100g,,fish-seafood
Morrisons Fishmonger Fish Pie Mix ,Morrisons Fishmonger Fish Pie Mix 340g,£4.50,£13.24 per kg,,fish-seafood
Morrisons Fishmonger Kipper Fillets ,Morrisons Fishmonger Kipper Fillets 200g,£1.30,£6.50 per kg,,fish-seafood
Morrisons Fishmonger Large Seafood Selection ,Morrisons Fishmonger Large Seafood Selection 234g,£2.59,£1.11 per 100g,"Offer price £2.59, was £2.99",fish-seafood
Morrisons Fishmonger Salmon Fishcakes ,Morrisons Fishmonger Salmon Fishcakes 2 x 135g,£1.70,£6.30 per kg,,fish-seafood
Morrisons Fishmonger Scottish Mussels in Garlic Butter Sauce ,Morrisons Fishmonger Scottish Musse...500g,£2.50,£5.00 per kg,,fish-seafood
Morrisons Fishmonger Scottish Mussels in White Wine Sauce ,Morrisons Fishmonger Scottish Mus...500g,£2.50,£5.00 per kg,,fish-seafood
Morrisons Fishmongers Frozen Raw Peeled Argentinian Red Shrimp,Morrisons Fishmongers Frozen Raw Pe...150g,£4.25,£28.33 per kg,Buy 3 for £10,fish-seafood
Morrisons Fishmongers Frozen Ready To Cook Breaded Squid Rings,Morrisons Fishmongers Frozen Ready...300g,£4.25,£14.17 per kg,Buy 3 for £10,fish-seafood
Morrisons Fishmongers Frozen Yellow Fin Tuna Steaks ,Morrisons Fishmongers Frozen...225g,£4.25,£18.89 per kg,Buy 3 for £10,fish-seafood
Morrisons Fishmonger Smoked Haddock Fishcakes ,Morrisons Fishmonger Smok...2 x 135g,£1.70,£6.30 per kg,,fish-seafood
Morrisons Fishmongers Raw PatagonianScallops,Morrisons Fishmongers Raw PatagonianScallops125g,£4.25,£34.00 per kg,Buy 3 for £10,fish-seafood
Morrisons Fish Pie Sauce,Morrisons Fish Pie Sauce250g,£1.25,50p per 100g,,fish-seafood
Morrisons Global Grill BBQ Chicken Wings,Morrisons Global Grill BBQ Chicken Wings750g,£4.25,£5.67 per kg,Buy 3 for £10,fish-seafood
Morrisons Global Grill Beef Burger,Morrisons Global Grill Beef Burger,£4.25,,Buy 3 for £10,fish-seafood
Morrisons Global Grill Cajun Style Chicken Breast Steaks,Morrisons Global Grill Cajun St...350g,£4.25,£12.14 per kg,Buy 3 for £10,fish-seafood
Morrisons Global Grill Chinese Style Chicken Drumsticks & Thighs,Morrisons Global Grill Chinese Style...750g,£4.25,£5.67 per kg,Buy 3 for £10,fish-seafood
Morrisons Global Grill Honey Chilli & Garlic Pork Belly Slices,Morrisons Global Grill Honey Chilli...455g,£4.25,£9.34 per kg,Buy 3 for £10,fish-seafood
Morrisons Global Grill Mango & Lime Steaks,Morrisons Global Grill Mango & Lime Steaks350g,£4.25,£12.14 per kg,Buy 3 for £10,fish-seafood
Morrisons Golden Breaded Haddock ,Morrisons Golden Breaded Haddock 284g,£3,£1.06 per 100g,,fish-seafood
Morrisons Hot Smoked Honey Roast Salmon Fillets 2 Pack,Morrisons Hot Smoked Honey Roas...180g,£4.50,£2.50 per 100g,,fish-seafood
Morrisons Hot Smoked Sweet Chili Salmon Fillet 2 Pack,Morrisons Hot Smoked Sweet Ch...180g,£4.50,£2.50 per 100g,,fish-seafood
Morrisons Katsu Whitefish Goujons,Morrisons Katsu Whitefish Goujons200g,£2.50,£12.50 per kg,,fish-seafood
Morrisons Market St 2 Battered Haddock Fillets,Morrisons Market St 2 Battered Haddock Fillets300g,£3.75,£12.50 per kg,Buy 3 for £10,fish-seafood
Morrisons Market St Battered Cod Fillets,Morrisons Market St Battered Cod Fillets300g,£3.75,£12.50 per kg,Buy 3 for £10,fish-seafood
Morrisons Market St Gluten Free Cod Fishcakes,Morrisons Market St Gluten Free Cod Fishcakes270g,£1.70,£6.30 per kg,,fish-seafood
Morrisons Market St King Prawns With Seafood Sauce,Morrisons Market St King Pr...100g,£1.50,£1.50 per 100g,,fish-seafood
Morrisons Market St Raw Peeled King Prawns,Morrisons Market St Raw Peeled King Prawns150g,£3.75,£25.00 per kg,Buy 3 for £10,fish-seafood
Morrisons Market Street 2 Cod Fillets,Morrisons Market Street 2 Cod Fillets220g,£4.25,£19.32 per kg,,fish-seafood
Morrisons Market Street 2 Haddock Fillets,Morrisons Market Street 2 Haddock Fillets220g,£4.25,£19.32 per kg,Buy 3 for £10,fish-seafood
Morrisons Market Street 2 Salmon Fillets ,Morrisons Market Street 2 Salmon Fillets 220g,£4.49,£20.41 per kg,,fish-seafood
Morrisons Market Street 2 Sea Bass Fillets,Morrisons Market Street 2 Sea Bass Fillets180g,£4.25,£23.61 per kg,Buy 3 for £10,fish-seafood
Morrisons Market Street Beef And Pork Mince,Morrisons Market Street Beef And Pork Mince650g,£4.25,65.4p per 100g,Buy 3 for £10,fish-seafood
Morrisons Market Street British Turkey Thigh Mince ,Morrisons Market Street British Turkey Thigh Mince 750g,£4.25,£5.67 per kg,Buy 3 for £10,fish-seafood
Morrisons Market Street Cooked Cockle Meat ,Morrisons Market Street Cooked Cockle Meat 180g,£4.25,£23.61 per kg,Buy 3 for £10,fish-seafood
Morrisons Market Street Cooked Half Shell Mussels ,Morrisons Market Street Cooked Half Shell Mussels 350g,£4.25,£1.21 per 100g,Buy 3 for £10,fish-seafood
Morrisons Market Street Cooked Jumbo King Prawns ,Morrisons Market Street Coo...200g,£4.25,£2.13 per 100g,Buy 3 for £10,fish-seafood
Morrisons Market Street Cooked Large Cold Water Prawns,Morrisons Market Street Cooked...210g,£4.25,£2.02 per 100g,Buy 3 for £10,fish-seafood
Morrisons Market Street Cooked Mussel Meat,Morrisons Market Street Cooked Mussel Meat400g,£4.25,£1.06 per 100g,Buy 3 for £10,fish-seafood
Morrisons Market Street Cooked Seafood Selection ,Morrisons Market Street Cooked Seafood Selection 250g,£4.25,£17.00 per kg,Buy 3 for £10,fish-seafood
Morrisons Market Street Cooked Shell On Cold Water Prawns,Morrisons Market Street Cooked Sh...400g,£4.25,£1.06 per 100g,Buy 3 for £10,fish-seafood
Morrisons Market Street Peppered Hot Smoked Mackerel Fillets,Morrisons Market Street Peppered Ho...Typically: 250g,£2.20,£11.00 per kg,,fish-seafood
Morrisons Market Street Raw Easy Peel Shell On Argentinian Red Shrimp,Morrisons Market Street Raw Easy Peel She...180g,£4.25,£23.61 per kg,Buy 3 for £10,fish-seafood
Morrisons Market Street Raw Peeled King Prawns,Morrisons Market Street Raw Peeled King Prawns200g,£4.25,£21.25 per kg,Buy 3 for £10,fish-seafood
Morrisons Market Street Raw Razor Clams ,Morrisons Market Street Raw Razor Clams 400g,£4.25,£1.06 per 100g,Buy 3 for £10,fish-seafood
Morrisons Market Street Raw Squid Rings,Morrisons Market Street Raw Squid Rings250g,£4.25,£17.00 per kg,Buy 3 for £10,fish-seafood
Morrisons Market Street Raw White Shell Clams,Morrisons Market Street Raw White Shell Clams400g,£4.25,£10.63 per kg,Buy 3 for £10,fish-seafood
Morrisons Market Street Raw Whole King Prawns,Morrisons Market Street Raw Whole King Prawns200g,£4.25,£21.25 per kg,Buy 3 for £10,fish-seafood
Morrisons Market Street Raw Whole Squid ,Morrisons Market Street Raw Whole Squid 300g,£4.25,£14.17 per kg,Buy 3 for £10,fish-seafood
Morrisons Market Street Smoked Mackerel Fillets,Morrisons Market Street Smoked Mackerel FilletsTypically: 250g,£2.20,£11.00 per kg,,fish-seafood
Morrisons Market Street  Smoked Salmon,Morrisons Market Street  Smoked Salmon120g,£3.75,£3.13 per 100g,Buy 3 for £10,fish-seafood
Morrisons Market Street Sweet Chilli Smoked Mackerel Fillets,Morrisons Market Street Sweet Chill...Typically: 191g,£2.20,£11.00 per kg,,fish-seafood
Morrisons Market Street Sweetcure Smoked Mackerel Fillets,Morrisons Market Street Sweetcure...Typically: 191g,£2.20,£11.00 per kg,,fish-seafood
Morrisons Market Street Whitebait,Morrisons Market Street Whitebait500g,£4.25,£8.50 per kg,Buy 3 for £10,fish-seafood
Morrisons Market St Seafood Sticks,Morrisons Market St Seafood Sticks250g,£1.19,47.6p per 100g,Buy 2 for £2,fish-seafood
Morrisons Parsley Sauce,Morrisons Parsley Sauce180g,£1.25,69.4p per 100g,,fish-seafood
Morrisons Pork Boneless Shoulder Joint,Morrisons Pork Boneless Shoulder Joint,£4.25,,Buy 3 for £10,fish-seafood
Morrisons Prawn Cocktail,Morrisons Prawn Cocktail170g,£2.25,£1.32 per 100g,,fish-seafood
Morrisons Prawn Cocktail Sauce,Morrisons Prawn Cocktail Sauce180g,£1,55.6p per 100g,,fish-seafood
Morrisons Ready to Eat King Prawns ,Morrisons Ready to Eat King Prawns 210g,£4.25,£2.02 per 100g,,fish-seafood
Morrisons Ready To Eat Smoked Salmon Slices,Morrisons Ready To Eat Smoked Salmon Slices60g,£2,£3.33 per 100g,,fish-seafood
Morrisons Roll Mop Herrings,Morrisons Roll Mop Herrings260g,£1.75,67.3p per 100g,,fish-seafood
"Morrisons Salmon Skewers With Chilli, Lime & Soy ",Morrisons Salmon Skewers Wi...200g,£4.25,£21.25 per kg,,fish-seafood
Morrisons Savers Mussels in a Tomato & Herb Sauce,Morrisons Savers Mussels in a Tomato & Herb Sauce450g,£1.50,33.3p per 100g,,fish-seafood
Morrisons Seafood Snack Pack Prawns & Cocktail Sauce ,Morrisons Seafood Snack Pack...190g,£3.35,£1.76 per 100g,,fish-seafood
Morrisons Shell On King Prawns,Morrisons Shell On King Prawns200g,£3.75,£18.75 per kg,Buy 3 for £10,fish-seafood
Morrisons Smoked Back Bacon 20 Rashers,Morrisons Smoked Back Bacon 20 Rashers600g,£4.25,£7.08 per kg,Buy 3 for £10,fish-seafood
Morrisons Smoked Gammon Joint,Morrisons Smoked Gammon Joint750g,£4.25,£5.67 per kg,Buy 3 for £10,fish-seafood
Morrisons Steamed Salmon Fillets 2 Pack,Morrisons Steamed Salmon Fillets 2 Pack180g,£4.50,£2.50 per 100g,,fish-seafood
Morrisons Sweetcure Herring,Morrisons Sweetcure Herring280g,£2,71.4p per 100g,,fish-seafood
Morrisons The Best 10 Thick Pork Sausages,Morrisons The Best 10 Thick Pork Sausages600g,£4.25,£7.08 per kg,Buy 3 for £10,fish-seafood
Morrisons The Best 20 Pork Chipolatas,Morrisons The Best 20 Pork Chipolatas560g,£4.25,£7.59 per kg,Buy 3 for £10,fish-seafood
Morrisons The Best 2 Breaded Chunky Cod Fillets,Morrisons The Best 2 Brea...350g,£4.25,£12.14 per kg,,fish-seafood
Morrisons The Best 2 Breaded Chunky Haddock Fillets,Morrisons The Best 2 Breaded...325g,£4.25,£13.08 per kg,,fish-seafood
Morrisons The Best 2 Cod & Parsley Sauce Fish Cakes,Morrisons The Best 2 Cod & Pa...290g,£2.75,94.8p per 100g,Buy 2 for £5,fish-seafood
Morrisons The Best 2 Scottish Salmon Fillets,Morrisons The Best 2 Scottish Salmon Fillets220g,£4.99,£22.68 per kg,,fish-seafood
Morrisons The Best Chunky Thai Salmon & Prawn Fishcakes,Morrisons The Best Chunky Thai...290g,£2.75,£9.48 per kg,Buy 2 for £5,fish-seafood
Morrisons The Best Jumbo King Prawns,Morrisons The Best Jumbo King Prawns150g,£3.80,£25.33 per kg,,fish-seafood
Morrisons The Best Lightly Smoked Scottish  Salmon,Morrisons The Best Lightly Smoked Scottish  Salmon240g,£4.50,£18.75 per kg,,fish-seafood
Morrisons The Best Naked Smoked Haddock & Applewood Cheddar Fishcakes,Morrisons The Best Naked Smok...290g,£2.75,£9.48 per kg,Buy 2 for £5,fish-seafood
Morrisons The Best Prawn Cocktail ,Morrisons The Best Prawn Cocktail 200g,£2.99,£14.95 per kg,"Offer price £2.99, was £3.29",fish-seafood
"Morrisons The Best Salmon,Smoked Cod & Haddock Fishcakes With Cheddar Sauce","Morrisons The Best Salmon,Smoke...290g",£2.75,£9.48 per kg,Buy 2 for £5,fish-seafood
Morrisons The Best Scottish Smoked Salmon Slices,Morrisons The Best Scottish...120g,£4.99,£4.16 per 100g,,fish-seafood
Morrisons The Best Smoked Haddock & West Country Cheddar Centre Fishcakes,Morrisons The Best Smoked Haddo...290g,£2.75,£9.48 per kg,Buy 2 for £5,fish-seafood
Morrisons The Best Sockeye Salmon,Morrisons The Best Sockeye Salmon220g,£6,£27.27 per kg,,fish-seafood
Morrisons The Best Yellow Fin Tuna ,Morrisons The Best Yellow Fin Tuna 240g,£7,£29.17 per kg,,fish-seafood
Morrisons Tikka Style Diced Chicken Breast,Morrisons Tikka Style Diced Chicken Breast350g,£4.25,£1.21 per 100g,Buy 3 for £10,fish-seafood
Morrisons Unsmoked Back Bacon 20 Rashers,Morrisons Unsmoked Back Bacon 20 Rashers600g,£4.25,£7.08 per kg,Buy 3 for £10,fish-seafood
Morrisons Unsmoked Gammon Joint,Morrisons Unsmoked Gammon Joint750g,£4.25,£5.67 per kg,Buy 3 for £10,fish-seafood
Morrisons Unsmoked Horseshoe Gammon Steaks,Morrisons Unsmoked Hors...2 x 200g,£4.25,£10.63 per kg,Buy 3 for £10,fish-seafood
Morrisons Zingy Whitefish Goujons,Morrisons Zingy Whitefish Goujons200g,£2.50,£12.50 per kg,,fish-seafood
Ocean Isle Premium Crab Meat,Ocean Isle Premium Crab Meat100g,£4.50,£4.50 per 100g,,fish-seafood
Parson's Pickled Cockles,Parson's Pickled Cockles155g,£1.75,£1.13 per 100g,,fish-seafood
Parson's Pickled Mussels,Parson's Pickled Mussels155g,£1.49,96.1p per 100g,,fish-seafood
Richmond 20 Thick Pork Sausages Twin Pack,Richmond 20 Thick Pork Sausages Twin Pack2 x 512g,£4.25,41.5p per 100g,Buy 3 for £10,fish-seafood
Sharwood's Low Fat Popped Cracker Ready To Eat Prawn,Sharwood's Low Fat Popped Cra...60g,£1.75,£2.92 per 100g,,fish-seafood
Morrisons The Best Thick Pork & Caramelised Onion Sausages,Morrisons The Bes...400g,£3.25,£8.13 per kg,Buy 2 for £5,free-from
Morrisons The Best Dry Cured 8 Smoked Back Bacon,Morrisons The Best...200g,£3.25,£16.25 per kg,Buy 2 for £5,free-from
The Real Yorkshire Pudding Co. 4 Gluten Free Yorkshire Puddings,The Real Yorksh...160g,£1.99,£1.25 per 100g,"Offer price £1.99, was £2.25",free-from
Alpro Vanilla Yoghurt Alternative ,Alpro Vanilla Yoghurt Alternative 500g,£1.95,39p per 100g,,free-from
Betty Crocker Gluten Free Chocolate Fudge Brownie Mix,Betty Crocker Gluten Free Cho...415g,£3.09,74.5p per 100g,,free-from
Old El Paso Gluten Free Tortilla Wraps,Old El Paso Gluten Free Tortilla Wraps216g,£3,£1.39 per 100g,,free-from
Alpro Almond Chilled Drink,Alpro Almond Chilled Drink1L,£2.10,£2.10 per litre,,free-from
Alpro Almond No Sugars Chilled Drink,Alpro Almond No Sugars Chilled Drink1L,£2.10,£2.10 per litre,,free-from
Alpro Barista Coconut Milk,Alpro Barista Coconut Milk1L,£2.30,£2.30 per litre,,free-from
Alpro Barista Oat Chilled Drink,Alpro Barista Oat Chilled Drink750ml,£1.50,£2.00 per litre,"Offer price £1.50, was £2",free-from
Alpro Blueberry & Cherry Yoghurt Alternative ,Alpro Blueberry & Cherry Yoghurt Alternative 4 x 125g,£1.79,35.8p per 100g,"Offer price £1.79, was £2",free-from
Alpro Chocolate-Hazelnut Dessert ,Alpro Chocolate-Hazelnut Dessert 2 x 113g,£1.75,77.4p per 100g,,free-from
Alpro Coconut Almond Chilled Drink,Alpro Coconut Almond Chilled Drink1L,£2.10,£2.10 per litre,,free-from
Alpro Coconut Chilled Drink,Alpro Coconut Chilled Drink1L,£2.10,£2.10 per litre,,free-from
Alpro Coconut No Sugars Chilled Drink,Alpro Coconut No Sugars Chilled Drink1L,£2.10,£2.10 per litre,,free-from
Alpro Dark Chocolate Dessert,Alpro Dark Chocolate Dessert4 x 125g,£2,40p per 100g,,free-from
Alpro Double Chocolate Almond Mousse & Ganache ,Alpro Double Chocolate Al...2 x 70g,£2.20,£1.57 per 100g,,free-from
Alpro Go On Mango Yogurt,Alpro Go On Mango Yogurt150g,85p,56.7p per 100g,,free-from
Alpro Greek Style Plain Yoghurt Alternative ,Alpro Greek Style Plain Yoghurt Alternative 400g,£1.95,48.8p per 100g,,free-from
Alpro Greek Style Strawberry Yoghurt Alternative,Alpro Greek Style Strawberr...150g,£1.20,80p per 100g,,free-from
Alpro Hazelnut Chilled Drink,Alpro Hazelnut Chilled Drink1L,£2.10,£2.10 per litre,,free-from
Alpro Hazelnut Long Life Drink,Alpro Hazelnut Long Life Drink1L,£1.50,£1.50 per litre,"Offer price £1.50, was £2.05",free-from
Alpro More Fruit No Added Sugars Mango Yoghurt Alternative ,Alpro More Fruit No Added Sugars...400g,£1.85,46.3p per 100g,,free-from
Alpro Oat Chilled Drink,Alpro Oat Chilled Drink1L,£1.95,£1.95 per litre,,free-from
Alpro Peach And Exotic Fruit Yoghurt Alternative,Alpro Peach And Exotic Fruit Yoghurt Alternative4 x 125g,£1.79,3.6p per 10g,"Offer price £1.79, was £2",free-from
Alpro Plain No Sugars Yoghurt Alternative ,Alpro Plain No Sugars Yoghurt Alternative 500g,£1.95,39p per 100g,,free-from
Alpro Plain with Coconut Yoghurt Alternative ,Alpro Plain with Coconut Yoghurt Alternative 500g,£1.95,39p per 100g,,free-from
Alpro Plain Yoghurt Alternative ,Alpro Plain Yoghurt Alternative 500g,£1.95,39p per 100g,,free-from
Alpro Soya Chilled Alternative to Single Cream,Alpro Soya Chilled Altern...250ml,£1.40,56p per 100ml,,free-from
Alpro Soya Chilled Drink,Alpro Soya Chilled Drink1L,£1.95,£1.95 per litre,,free-from
Alpro Soya Chocolate Chilled Drink,Alpro Soya Chocolate Chilled Drink1L,£2.05,£2.05 per litre,,free-from
Alpro Soya Light Chilled Drink,Alpro Soya Light Chilled Drink1L,£1.95,£1.95 per litre,,free-from
Alpro Soya Light Long Life Drink,Alpro Soya Light Long Life Drink1L,£1.89,£1.89 per litre,,free-from
Alpro Soya No Sugars Chilled Drink,Alpro Soya No Sugars Chilled Drink1L,£1.95,£1.95 per litre,,free-from
Alpro Strawberry-Banana & Peach-Pear Yoghurt Alternative ,Alpro Strawberry-Banana & Peach-P...4 x 125g,£1.79,35.8p per 100g,"Offer price £1.79, was £2",free-from
Alpro Strawberry Yoghurt Alternative ,Alpro Strawberry Yoghurt Alternative 500g,£1.95,39p per 100g,,free-from
Alpro Vanilla Custard,Alpro Vanilla Custard525g,£1.40,26.7p per 100g,,free-from
Alpro Vanilla Yoghurt Alternative ,Alpro Vanilla Yoghurt Alternative 500g,£1.95,39p per 100g,,free-from
Alpro Velvet Vanilla Dessert,Alpro Velvet Vanilla Dessert4 x 125g,£2,40p per 100g,,free-from
Applewood Creamy & Smoky Vegan Minis Snacking,Applewood Creamy & Smoky...75g,£2,£2.67 per 100g,,free-from
Applewood Vegan Block,Applewood Vegan Block200g,£2.50,£1.25 per 100g,,free-from
Applewood Vegan Slices,Applewood Vegan Slices200g,£2.80,£1.40 per 100g,,free-from
Arla Lactofree Cream,Arla Lactofree Cream250ml,£1.99,79.6p per 100ml,,free-from
Arla Lactofree Mature Cheddar Grated Cheese,Arla Lactofree Mature Cheddar Grated Cheese200g,£2.50,£1.25 per 100g,,free-from
Arla Lacto Free Semi Skimmed Milk,Arla Lacto Free Semi Skimmed Milk2L,£3.20,£1.60 per litre,,free-from
Baked Moroccan Falafel ,Baked Moroccan Falafel 200g,£2,£1.00 per 100g,,free-from
Betty Crocker Gluten Free Chocolate Fudge Brownie Mix,Betty Crocker Gluten Free Cho...415g,£3.09,74.5p per 100g,,free-from
Betty Crocker Gluten Free Devil's Food Chocolate Cake Mix ,Betty Crocker Gluten Free Devil's...425g,£3.09,72.7p per 100g,,free-from
Bfree Pitta Breads Stone Baked Pittas,Bfree Pitta Breads Stone Baked Pittas4 per pack,£2.75,68.8p each,,free-from
Birds Eye 22 Gluten Free Chicken Nuggets,Birds Eye 22 Gluten Free Chicken Nuggets455g,£3.99,87.7p per 100g,,free-from
Birds Eye 2 Gluten Free Breaded Fish Fillets,Birds Eye 2 Gluten Free Breaded Fish Fillets250g,£3.69,£14.76 per kg,,free-from
Birds Eye Gluten Free 12 Fish Fingers ,Birds Eye Gluten Free 12 Fish Fingers 360g,£3.25,£9.03 per kg,"Offer price £3.25, was £3.75",free-from
Bisto Gluten Free Gravy Granules ,Bisto Gluten Free Gravy Granules 175g,£3.79,£2.17 per 100g,,free-from
Bol One Pot Meal Spanish Smoky Butter Bean Stew,Bol One Pot Meal Spanish Smoky Butter Bean Stew450g,£3.25,72.2p per 100g,Buy 2 for £5,free-from
Boursin Plant Based Vegan Garlic & Herbs,Boursin Plant Based Vegan Garlic & Herbs130g,£3,£2.31 per 100g,,free-from
Buttermilk Hot Choccy Bombe,Buttermilk Hot Choccy Bombe57g,£2,£3.51 per 100g,"Offer price £2, was £3",free-from
Buttermilk Plant Powered Choccy Bunny,Buttermilk Plant Powered Choccy Bunny115g,£3,£2.61 per 100g,"Offer price £3, was £3.50",free-from
Buttermilk Zingy Orange Crisp Choccy Bunny Bar,Buttermilk Zingy Orange Crisp Choccy Bunny Bar35g,£1,£2.86 per 100g,"Offer price £1, was £1.15",free-from
Califia Farms Cold Brew Caramel Oat Coffee,Califia Farms Cold Brew Caramel Oat Coffee,£2.95,,,free-from
Califia Farms Mocha Cold Brew Coffee With Almond,Califia Farms Mocha Cold Brew Coffee With Almond750ml,£2.95,39.3p per 100ml,,free-from
Califia Farms Oat Barista Chilled,Califia Farms Oat Barista Chilled1L,£1.50,15p per 100ml,"Offer price £1.50, was £2",free-from
Cathedral City Dairy Free,Cathedral City Dairy Free280g,£3.59,£1.28 per 100g,,free-from
Cathedral City Dairy Free Grated,Cathedral City Dairy Free Grated150g,£2.49,£1.66 per 100g,,free-from
Cathedral City Dairy Free Sliced,Cathedral City Dairy Free Sliced150g,£2.49,£1.66 per 100g,,free-from
Cathedral City Lactose Free Mature Cheddar Cheese ,Cathedral City Lactose Free...200g,£2.25,£11.25 per kg,"Offer price £2.25, was £2.65",free-from
Chippa Gluten Free Mayonnaise,Chippa Gluten Free Mayonnaise280g,£1.50,53.6p per 100g,,free-from
Crave Pickled Onion Monster Feet Sharing Bag,Crave Pickled Onion Monster Feet Sharing Bag80g,£1.90,£2.38 per 100g,,free-from
Crave The Big Dipper,Crave The Big Dipper48g,£1.65,£3.44 per 100g,,free-from
Daim Chocolate Cake With Crunchy Caramel ,Daim Chocolate Cake With Crunchy Caramel 400g,£3.99,99.8p per 100g,,free-from
Deliciously Ella Almond Butter & Salted Caramel Cups ,Deliciously Ella Almond Butte...36g,£1.50,£4.17 per 100g,Buy 2 for £2,free-from
Deliciously Ella Chocolate Orange Dipped Almonds,Deliciously Ella Chocolate Orange Dipped Almonds27g,£1,£3.70 per 100g,,free-from
Deliciously Ella Double Chocolate Caramel Cups ,Deliciously Ella Double Chocolate Caramel Cups 36g,£1.50,£4.17 per 100g,Buy 2 for £2,free-from
Deli Italia Beef & Mortadella Tortellini Gluten Free,Deli Italia Beef & Mortadella...250g,£3.90,£15.60 per kg,,free-from
Doves Farm Foods Gluten Free Xanthan Gum,Doves Farm Foods Gluten Free Xanthan Gum100g,£2.75,£2.75 per 100g,,free-from
Doves Farm Gluten & Wheat Free Plain White Flour Blend,Doves Farm Gluten & Wheat Free...1kg,£1.95,£1.95 per kg,,free-from
Doves Farm Gluten & Wheat Free White Bread Flour,Doves Farm Gluten & Wheat F...1kg,£1.95,£1.95 per kg,,free-from
Doves Farm Gluten Free Self-Raising White Flour,Doves Farm Gluten Free Self-Raising White Flour1kg,£1.95,£1.95 per kg,,free-from
Dr. Oetker Bicarbonate of Soda,Dr. Oetker Bicarbonate of Soda200g,£1.59,79.5p per 100g,,free-from
Dr. Oetker Gluten Free Baking Powder,Dr. Oetker Gluten Free Baking Powder170g,£1.59,93.5p per 100g,,free-from
Dr. Oetker Liquid Glucose,Dr. Oetker Liquid Glucose140g,£2.15,£1.54 per 100g,,free-from
Dr. Oetker Ristorante Gluten Free Mozzarella Pizza,Dr. Oetker Ristorante Glute...370g,£3.50,£9.46 per kg,"Offer price £3.50, was £3.80",free-from
Easibake Gluten Free Garlic Bread Baguette With Garlic & Parsley,Easibake Gluten Free Garlic Bread Bag...170g,£2.29,£1.35 per 100g,,free-from
Eat Real Hummus Chips Tomato & Basil Flavour,Eat Real Hummus Chips Tomato & Basil Flavour135g,£2,£1.48 per 100g,,free-from
Eat Real Lentil Chips Sea Salt Flavour,Eat Real Lentil Chips Sea Salt Flavour113g,£2,£1.77 per 100g,,free-from
Eat Real Quinoa Chips Sour Cream & Chives Flavour ,Eat Real Quinoa Chips Sour...80g,£2,£2.50 per 100g,,free-from
"Eat Real Veggie Straws Kale, Tomato & Spinach ","Eat Real Veggie Straws Kale, Tomato & Spinach 113g",£2,£1.77 per 100g,,free-from
Flora 100% Natural Dairy Free Spread,Flora 100% Natural Dairy Free Spread1kg,£3.50,£3.50 per kg,,free-from
Flora Buttery Spread,Flora Buttery Spread2kg,£5.50,£2.75 per kg,,free-from
Flora Lighter Vegan Spread,Flora Lighter Vegan Spread1kg,£3.50,£3.50 per kg,,free-from
Flora Plant B+tter Salted Vegan Alternative to Butter,Flora Plant B+tter Salted Veg...250g,£1,£4.00 per kg,"Offer price £1, was £1.99",free-from
Flora Plant Butter Spreadable Vegan Butter Alternative,Flora Plant Butter Spreadable V...450g,£2,44.5p per 100g,"Offer price £2, was £3.49",free-from
Flora ProActiv Light Spread,Flora ProActiv Light Spread250g,£1.99,£7.96 per kg,,free-from
Food Heaven Free-From Heavenly Whipped,Food Heaven Free-From Heavenly Whipped200ml,£2,£1.00 per 100ml,,free-from
Free Damm 0% Lager,Free Damm 0% Lager4 x 330ml,£3.50,26.5p per 100ml,"Offer price £3.50, was £4",free-from
Freee By Doves Farm Free From Gluten Baking Powder,Freee By Doves Farm Free Fr...130g,£1.49,£1.15 per 100g,,free-from
Freee Gluten Free Choc Chip Cookie Mix,Freee Gluten Free Choc Chip Cookie Mix350g,£3,85.7p per 100g,,free-from
Genius Gluten Brioche Burger Buns,Genius Gluten Brioche Burger Buns2 per pack,£1.85,92.5p each,,free-from
Genius Gluten Free Chocolate Cupcake ,Genius Gluten Free Chocolate Cupcake 2 per pack,£2.39,£1.20 each,Buy 2 for £3.20,free-from
Genius Gluten Free Crumpets ,Genius Gluten Free Crumpets 220g,£2.25,£1.02 per 100g,Buy 2 for £3.20,free-from
Genius Gluten Free Denby Dale Gluten Free Chicken Pie,Genius Gluten Free Denby Dale...320g,£3.79,£11.84 per kg,Buy 2 for £6.30,free-from
Genius Gluten Free Double Chocolate Muffins 2 Pack,Genius Gluten Free Double Chocolate Muffins 2 Pack160g,£2,£1.25 per 100g,Buy 2 for £3.20,free-from
Genius Gluten Free Fibre Fest Cob ,Genius Gluten Free Fibre Fest Cob 385g,£1.75,45.5p per 100g,,free-from
Genius Gluten Free Pancakes,Genius Gluten Free Pancakes198g,£2.19,£1.11 per 100g,Buy 2 for £3.20,free-from
Genius Gluten Free Plain Wraps,Genius Gluten Free Plain Wraps4 per pack,£2.85,71.3p each,,free-from
Genius Gluten Free Sausage Rolls ,Genius Gluten Free Sausage Rolls 2 x 100g,£2.69,£13.45 per kg,,free-from
Genius Gluten Free Sliced Spicy Fruit Loaf ,Genius Gluten Free Sliced Spicy Fruit Loaf 400g,£2.69,67.3p per 100g,,free-from
Genius Gluten Free Soft Brown Sandwich loaf,Genius Gluten Free Soft Brown Sandwich loaf535g,£2.90,54.2p per 100g,,free-from
Genius Gluten Free Soft White Farmhouse Loaf,Genius Gluten Free Soft White Farmhouse Loaf535g,£2.90,54.2p per 100g,,free-from
Genius Gluten Free Stonebaked Pitta Breads,Genius Gluten Free Stonebaked Pitta Breads3 per pack,£2.09,69.7p each,Buy 2 for £3.20,free-from
Genius Gluten Free Toastie Square Cut White Loaf,Genius Gluten Free Toastie Square Cut White Loaf500g,£2.75,55p per 100g,,free-from
Genius Gluten Free Triple Seeded Sandwich Loaf,Genius Gluten Free Triple Seeded Sandwich Loaf535g,£2.99,55.9p per 100g,,free-from
Genius Gluten Free Triple Seeded Soft Rolls,Genius Gluten Free Triple Seeded Soft Rolls300g,£2.19,73p per 100g,Buy 2 for £3.20,free-from
Genius Gluten Free White Sandwich Loaf,Genius Gluten Free White Sandwich Loaf430g,£2.90,67.4p per 100g,,free-from
Genius Gut Lovin Tiger Bloomer ,Genius Gut Lovin Tiger Bloomer 400g,£3.29,82.3p per 100g,,free-from
Genius Roasted Vegetable Quiche 2 Pack,Genius Roasted Vegetable Quiche 2 Pack320g,£3.19,£9.97 per kg,,free-from
Goodfella's Gluten Free Margherita Pizza,Goodfella's Gluten Free Margherita Pizza328g,£4,£12.20 per kg,,free-from
Goodfella's Gluten Free Pepperoni Pizza,Goodfella's Gluten Free Pepperoni Pizza317g,£4,£1.26 per 100g,,free-from
Gu Spanish Lemon Cheesecake Vegan & Gluten Free,Gu Spanish Lemon Cheeseca...2 x 92g,£2.50,£1.36 per 100g,"Offer price £2.50, was £3.85",free-from
Heck Meat Free Sausage,Heck Meat Free Sausage300g,£2,£6.67 per kg,,free-from
Henderson's Relish,Henderson's Relish284ml,£1.25,44p per 100ml,"Offer price £1.25, was £1.90",free-from
Jack Daniel's Gluten Free Honey BBQ Sauce ,Jack Daniel's Gluten Free Honey BBQ Sauce 553g,£4.25,76.9p per 100g,,free-from
Jack Daniel's Gluten Free Original BBQ Sauce,Jack Daniel's Gluten Free Original BBQ Sauce553g,£4.25,76.9p per 100g,,free-from
Jus-Rol Gluten Free Puff Pastry Ready Rolled Sheet,Jus-Rol Gluten Free Puff Pastry Ready Rolled Sheet280g,£2.25,£8.04 per kg,,free-from
Just Love Food Company Free From Madeira Celebration Cake,Just Love Food Company Free From...544g,£6,£1.10 per 100g,,free-from
Kikkoman Tamari Gluten Free Soy Sauce,Kikkoman Tamari Gluten Free Soy Sauce250ml,£2.99,£1.20 per 100ml,,free-from
Kirstys Classic Beef Lasagne,Kirstys Classic Beef Lasagne400g,£3.25,£8.13 per kg,"Offer price £3.25, was £3.49",free-from
Kirstys Cottage Pie With Sweet Potato Mash,Kirstys Cottage Pie With Sweet Potato Mash400g,£3.25,£8.13 per kg,"Offer price £3.25, was £3.49",free-from
Kirsty's Lentil Cottage Pie With Sweet Potato Mash,Kirsty's Lentil Cottage Pie With Sweet Potato Mash400g,£3.25,£8.13 per kg,"Offer price £3.25, was £3.49",free-from
Kirstys Spanish Chicken & Brown Rice,Kirstys Spanish Chicken & Brown Rice400g,£3.49,£8.73 per kg,,free-from
Koko Barista Milk Alternative,Koko Barista Milk Alternative750ml,£1.50,20p per 100ml,"Offer price £1.50, was £2",free-from
Koko Dairy Free Unsweetened,Koko Dairy Free Unsweetened1L,£1.45,14.5p per 100ml,"Offer price £1.45, was £1.85",free-from
Koko Fresh Original Plus Calcium Milk Alternative,Koko Fresh Original Plus Calcium Milk Alternative1L,£1.45,£1.45 per litre,"Offer price £1.45, was £1.85",free-from
Lactofree Fresh Semi Skimmed,Lactofree Fresh Semi Skimmed1L,£1.50,£1.50 per litre,"Offer price £1.50, was £1.99",free-from
Lactofree Fresh Skimmed Milk,Lactofree Fresh Skimmed Milk1L,£1.50,£1.50 per litre,"Offer price £1.50, was £1.99",free-from
Lactofree Fresh Whole,Lactofree Fresh Whole1L,£1.50,£1.50 per litre,"Offer price £1.50, was £1.99",free-from
Lactofree Mature Cheddar,Lactofree Mature Cheddar200g,£2.49,£12.45 per kg,,free-from
Lactofree        Spreadable       ,Lactofree        Spreadable       250g,£2.25,£9.00 per kg,,free-from
Lazy Day Foods Free From Millionaires Shortbread,Lazy Day Foods Free From Millionaires Shortbread150g,£2.49,£1.66 per 100g,,free-from
Lazy Day Tiffin,Lazy Day Tiffin150g,£2.49,£1.66 per 100g,,free-from
Linda McCartney's Organic Barista Coconut Drink,Linda McCartney's Organic...1L,£2,20p per 100ml,,free-from
Linda McCartney's Organic Barista Oat Drink,Linda McCartney's Organic Barista Oat Drink1L,£2,20p per 100ml,,free-from
Love Corn Smoked BBQ Crunchy Corn Snack,Love Corn Smoked BBQ Crunchy Corn Snack115g,£1.60,£1.39 per 100g,,free-from
McVitie's Gluten Free Milk Choc Hobnobs,McVitie's Gluten Free Milk Choc Hobnobs150g,£2.30,£1.53 per 100g,,free-from
Meatless Farm Plant-Based Burgers ,Meatless Farm Plant-Based Burgers 227g,£2,£8.81 per kg,"Offer price £2, was £2.50",free-from
Meridian Free From Korma Cooking Sauce,Meridian Free From Korma Cooking Sauce350g,£2.25,64.3p per 100g,,free-from
Meridian Free From Tikka Masala Cooking Sauce,Meridian Free From Tikka Masala Cooking Sauce350g,£2.25,64.3p per 100g,,free-from
Milky Way Magic Stars Dairy Free Chocolate,Milky Way Magic Stars Dairy Free Chocolate25g,£1,£4.00 per 100g,,free-from
Milky Way Magic Stars Dairy Free Chocolate With Popping Candy,Milky Way Magic Stars Dairy Free Ch...25g,£1,£4.00 per 100g,,free-from
Mister Freed Avocado Guacamole Flavour Tortilla Chips,Mister Freed Avocado Guacamol...135g,£1.99,£1.47 per 100g,,free-from
Mister Freed Cheezie Cheese Flavour Tortilla Chips,Mister Freed Cheezie Cheese...135g,£1.99,£1.47 per 100g,,free-from
Moo Free White,Moo Free White20g,60p,£3.00 per 100g,,free-from
Morland Old Speckled Hen Gluten - Free (Abv 5%),Morland Old Speckled Hen Gluten - Free (Abv 5%)500ml,£2.09,£4.18 per litre,,free-from
Morrisons Free From 4 Chocolate & Nut Ice Cream Cones ,Morrisons Free From 4 Chocolate...4 x 120ml,£2.75,57.3p per 100ml,,free-from
Morrisons Free From 4 Lemon Cake Slices ,Morrisons Free From 4 Lemon Cake Slices 82g,£2.25,£2.74 per 100g,,free-from
Morrisons Free From 4 Victoria Sponge Slices,Morrisons Free From 4 Victoria Sponge Slices116g,£2.09,£1.80 per 100g,,free-from
Morrisons Free From 5 Swirly Chocolate Wafer Bars,Morrisons Free From 5 Swirl...100g,£1.79,£1.79 per 100g,,free-from
Morrisons Free From 6 Jam Tarts,Morrisons Free From 6 Jam Tarts255g,£2.69,£1.05 per 100g,,free-from
Morrisons Free From Bakewell Tart,Morrisons Free From Bakewell Tart195g,£2,£1.03 per 100g,,free-from
Morrisons Free From Batter Mix,Morrisons Free From Batter Mix100g,75p,75p per 100g,,free-from
Morrisons Free From Beef Gravy Granules,Morrisons Free From Beef Gravy Granules170g,£1.49,87.6p per 100g,,free-from
Morrisons Free From Beef Lasagne,Morrisons Free From Beef Lasagne300g,£2.50,83.3p per 100g,,free-from
Morrisons Free From Belgian Dark Chocolate & Orange Bar,Morrisons Free From Belgian Dar...100g,£1.79,£1.79 per 100g,,free-from
Morrisons Free From Belgian Dark Chocolate Bar,Morrisons Free From Belgi...100g,£1.79,£1.79 per 100g,,free-from
Morrisons Free From Breadcrumbs ,Morrisons Free From Breadcrumbs 170g,£1.29,75.9p per 100g,,free-from
Morrisons Free From Brioche Burger Buns,Morrisons Free From Brioche Burger Buns2 per pack,£1.99,99.5p each,,free-from
Morrisons Free From Brown Loaf,Morrisons Free From Brown Loaf535g,£1.89,35.3p per 100g,,free-from
Morrisons Free From Caramel Flavour Chocolate Bar,Morrisons Free From Caramel...100g,£1.79,£1.79 per 100g,,free-from
Morrisons Free From Carrot Cake ,Morrisons Free From Carrot Cake 420g,£3.99,95p per 100g,,free-from
Morrisons Free From Caterpillar Cake,Morrisons Free From Caterpillar Cake610g,£6,98.4p per 100g,,free-from
Morrisons Free From Cherry Bakewells,Morrisons Free From Cherry Bakewells2 per pack,£1.25,62.5p each,,free-from
Morrisons Free From Chicken Gravy Granules ,Morrisons Free From Chicken Gravy Granules 170g,£1.49,87.6p per 100g,,free-from
Morrisons Free From Choc Chip Brownie,Morrisons Free From Choc Chip Brownie120g,£2.05,£1.71 per 100g,,free-from
Morrisons Free From Choccy Bar,Morrisons Free From Choccy Bar35g,49p,£1.40 per 100g,,free-from
Morrisons Free From Choccy Buttons,Morrisons Free From Choccy Buttons25g,49p,£1.96 per 100g,,free-from
Morrisons Free From Chocolate Bar ,Morrisons Free From Chocolate Bar 100g,£1.79,£1.79 per 100g,,free-from
Morrisons Free From Chocolate Brownie Mix,Morrisons Free From Chocolate Brownie Mix284g,£1.69,59.5p per 100g,,free-from
Morrisons Free From Chocolate Buttons ,Morrisons Free From Chocolate Buttons 119g,£1.79,£1.50 per 100g,,free-from
Morrisons Free From Chocolate Chip Muffins ,Morrisons Free From Chocolate Chip Muffins 2 per pack,£1.75,87.5p each,,free-from
Morrisons Free From Chocolate Digestive Biscuits,Morrisons Free From Chocola...200g,£1.69,84.5p per 100g,,free-from
Morrisons Free From Chocolate Orange Cookies,Morrisons Free From Chocolate Orange Cookies150g,£1.69,£1.13 per 100g,,free-from
Morrisons Free From Cookies & Cream Cookies ,Morrisons Free From Cookies & Cream Cookies 180g,£1.69,93.9p per 100g,,free-from
Morrisons Free From Corn Flakes,Morrisons Free From Corn Flakes300g,£1.75,58.3p per 100g,,free-from
Morrisons Free From Crackers,Morrisons Free From Crackers200g,£1.65,82.5p per 100g,,free-from
Morrisons Free From Cream Crunchies,Morrisons Free From Cream Crunchies180g,£1.69,93.9p per 100g,,free-from
Morrisons Free From Crispy Flapjack Cereal Bar ,Morrisons Free From Crispy Flapjack Cereal Bar 55g,£1.09,£1.98 per 100g,,free-from
Morrisons Free From Dark Chocolate Clusters,Morrisons Free From Dark Chocolate Clusters160g,£2.65,£1.66 per 100g,,free-from
Morrisons Free From Digestive Biscuits,Morrisons Free From Digestive Biscuits160g,£1.69,£1.06 per 100g,,free-from
Morrisons Free From Dinosaurs Pasta,Morrisons Free From Dinosaurs Pasta250g,£1.19,£4.76 per kg,,free-from
Morrisons Free From Double Chocolate Cookies,Morrisons Free From Double Chocolate Cookies150g,£1.69,£1.13 per 100g,,free-from
Morrisons Free From Flapjack,Morrisons Free From Flapjack150g,£2.39,£1.59 per 100g,,free-from
Morrisons Free From Fruit Muesli,Morrisons Free From Fruit Muesli450g,£2.20,48.9p per 100g,,free-from
Morrisons Free From Fruity Almond Slices ,Morrisons Free From Fruity Almond Slices 4 per pack,£2.29,57.3p each,,free-from
Morrisons Free From Fruity Granola Cereal Bars,Morrisons Free From Fruity Granola Cereal Bars5 x 30g,£2.15,£1.43 per 100g,,free-from
Morrisons Free From Garlic & Herb Soft Cheese ,Morrisons Free From Garlic & Herb Soft Cheese 170g,£2.20,£12.94 per kg,,free-from
Morrisons Free From Gingerbread Person,Morrisons Free From Gingerbread Person50g,£1.39,£2.78 per 100g,,free-from
Morrisons Free From Ginger Snaps,Morrisons Free From Ginger Snaps180g,£1.69,93.9p per 100g,,free-from
Morrisons Free From Gluten Free Margherita Pizza ,Morrisons Free From Gluten...250g,£1.45,£5.80 per kg,,free-from
Morrisons Free From Gluten Free Pepperoni Pizza ,Morrisons Free From Gluten...250g,£2.35,£9.40 per kg,,free-from
Morrisons Free From Golden Syrup Pancakes,Morrisons Free From Golden Syrup Pancakes6 per pack,£2.19,36.5p each,,free-from
Morrisons Free From Golden Syrup Porridge,Morrisons Free From Golden Syrup Porridge55g,89p,£1.62 per 100g,,free-from
Morrisons Free From Grated Mozzarella Style,Morrisons Free From Grated Mozzarella Style200g,£2.65,£13.25 per kg,,free-from
Morrisons Free From Ham & Pineapple Pizza,Morrisons Free From Ham & Pineapple Pizza250g,£2.35,£9.40 per kg,,free-from
Morrisons Free From Homestyle Chips ,Morrisons Free From Homestyle Chips 750g,£1.49,£1.99 per kg,,free-from
Morrisons Free From Honey Hoops Cereal,Morrisons Free From Honey Hoops Cereal300g,£1.75,58.3p per 100g,,free-from
Morrisons Free From Honey Nut Granola ,Morrisons Free From Honey Nut Granola 350g,£2.75,78.6p per 100g,,free-from
Morrisons Free From Ice Cream Strawberry,Morrisons Free From Ice Cream Strawberry480ml,£1.69,35.2p per 100ml,,free-from
Morrisons Free From Ice Cream Vanilla,Morrisons Free From Ice Cream Vanilla480ml,£1.69,35.2p per 100ml,,free-from
Morrisons Free From Jammy Wheels,Morrisons Free From Jammy Wheels142g,£1.69,£1.19 per 100g,,free-from
Morrisons Free From Lasagne Sheets,Morrisons Free From Lasagne Sheets250g,£1.25,£5.00 per kg,,free-from
Morrisons Free From Mac & Cheese,Morrisons Free From Mac & Cheese300g,£2.50,83.3p per 100g,,free-from
Morrisons Free From Macaroni Pasta,Morrisons Free From Macaroni Pasta500g,£1.19,£2.38 per kg,,free-from
Morrisons Free From Mature Cheddar ,Morrisons Free From Mature Cheddar 200g,£2.20,£1.10 per 100g,,free-from
Morrisons Free From Mild Cheddar,Morrisons Free From Mild Cheddar200g,£2.20,£11.00 per kg,,free-from
Morrisons Free From Milk Free Shortbread,Morrisons Free From Milk Free Shortbread160g,£1.69,£1.06 per 100g,,free-from
Morrisons Free From Mini Hash Browns,Morrisons Free From Mini Hash Browns750g,£1.70,£2.27 per kg,,free-from
Morrisons Free From Original Porridge ,Morrisons Free From Original Porridge 55g,89p,£1.62 per 100g,,free-from
Morrisons Free From Pancake Shaker,Morrisons Free From Pancake Shaker155g,£1.50,96.8p per 100g,,free-from
Morrisons Free From Pastry Mix ,Morrisons Free From Pastry Mix 150g,99p,66p per 100g,,free-from
Morrisons Free From Penne ,Morrisons Free From Penne 500g,£1.19,£2.38 per kg,,free-from
Morrisons Free From Pinata Cupcake Kit,Morrisons Free From Pinata Cupcake Kit300g,£2,66.7p per 100g,,free-from
Morrisons Free From Potato Gnocchi ,Morrisons Free From Potato Gnocchi 250g,£1.19,£4.76 per kg,,free-from
Morrisons Free From Raspberry Macaroon Slices,Morrisons Free From Raspb...160g,£1.75,£1.09 per 100g,,free-from
Morrisons Free From Red Berry Granola ,Morrisons Free From Red Berry Granola 350g,£2.75,78.6p per 100g,,free-from
Morrisons Free From Rice Pops ,Morrisons Free From Rice Pops 300g,£1.75,58.3p per 100g,,free-from
Morrisons Free From Scones,Morrisons Free From Scones2 per pack,£2.19,£1.10 each,,free-from
Morrisons Free From Seeded Loaf ,Morrisons Free From Seeded Loaf 535g,£1.89,35.3p per 100g,,free-from
Morrisons Free From Seeded Rolls,Morrisons Free From Seeded Rolls4 per pack,£1.75,43.8p each,,free-from
Morrisons Free From Smoked Cheddar ,Morrisons Free From Smoked Cheddar 200g,£2.20,£1.10 per 100g,,free-from
Morrisons Free From Spaghetti,Morrisons Free From Spaghetti500g,£1.19,£2.38 per kg,,free-from
Morrisons Free From Special Flakes ,Morrisons Free From Special Flakes 300g,£1.75,58.3p per 100g,,free-from
Morrisons Free From Spicy Chicken Pizza,Morrisons Free From Spicy Chicken Pizza250g,£2.35,£9.40 per kg,,free-from
Morrisons Free From Spring Cupcakes Rose,Morrisons Free From Spring Cupcakes Rose,£3.79,,,free-from
Morrisons Free From Strawberry Ice Cream Cones ,Morrisons Free From Straw...4 x 120ml,£2.75,57.3p per 100ml,,free-from
Morrisons Free From Trio Of Hearts,Morrisons Free From Trio Of Hearts75g,£1,£1.33 per 100g,"Offer price £1, was £3.09",free-from
Morrisons Free From Vegetable Gravy Granules,Morrisons Free From Vegetable Gravy Granules170g,£1.49,87.6p per 100g,,free-from
Morrisons Free From White Loaf,Morrisons Free From White Loaf535g,£1.89,35.3p per 100g,,free-from
Morrisons Free From White Rolls,Morrisons Free From White Rolls4 per pack,£1.75,43.8p each,,free-from
Morrisons Gluten Free Fruited Hot Cross Buns ,Morrisons Gluten Free Fruited Hot Cross Buns 280g,£2,71.4p per 100g,,free-from
Morrisons Lactose Free Semi Skimmed Milk,Morrisons Lactose Free Semi Skimmed Milk1L,£1.35,£1.35 per litre,,free-from
Morrisons Lactose Free Skimmed Milk,Morrisons Lactose Free Skimmed Milk1L,£1.35,£1.35 per litre,,free-from
Morrisons Lactose Free Whole Milk ,Morrisons Lactose Free Whole Milk 1L,£1.35,£1.35 per litre,,free-from
Morrisons Oat Milk ,Morrisons Oat Milk 1L,£1.30,£1.30 per litre,,free-from
Morrisons Plant Revolution Vegan Chocolate Cupcakes,Morrisons Plant Revolution Ve...2 per pack,£1.79,89.5p each,"Offer price £1.79, was £1.99",free-from
Morrisons Sweetened Almond Milk,Morrisons Sweetened Almond Milk1L,£1.19,11.9p per 100ml,,free-from
Morrisons The Best 12 Old English Chipolatas ,Morrisons The Best 12 Old English Chipolatas 375g,£3.25,86.7p per 100g,Buy 2 for £5,free-from
Morrisons The Best 6 Hot And Spicy Sausages,Morrisons The Best 6 Hot And Spicy Sausages400g,£3.25,£8.13 per kg,Buy 2 for £5,free-from
Morrisons The Best Cumberland Chipolata Sausages 12 Pack,Morrisons The Best Cumberland C...375g,£3.25,£8.67 per kg,Buy 2 for £5,free-from
Morrisons The Best Free From Chocolate Cake Bars,Morrisons The Best Free From Chocolate Cake Bars120g,£2.65,£2.21 per 100g,,free-from
Morrisons The Best Free From Millionaires ,Morrisons The Best Free From Millionaires 4 per pack,£3.29,82.3p each,,free-from
Morrisons The Best Free From Quad Choc Cookies,Morrisons The Best Free From Quad Choc Cookies150g,£2.25,£1.50 per 100g,,free-from
Morrisons The Best Free From Salted Caramel Honeycomb Egg,Morrisons The Best Free From Salt...150g,£5.99,£3.99 per 100g,,free-from
Morrisons The Best Free From Tagliatelle Corn & Rice,Morrisons The Best Free From...250g,£1.19,£4.76 per kg,,free-from
Morrisons The Best Pork Chipolatas 12 Pack,Morrisons The Best Pork Chipolatas 12 Pack375g,£3.25,£8.67 per kg,Buy 2 for £5,free-from
Morrisons The Best Thick Cumberland Sausages,Morrisons The Best Thick Cumberland Sausages400g,£3.25,£8.13 per kg,Buy 2 for £5,free-from
Morrisons The Best Thick Lincolnshire Sausages,Morrisons The Best Thick Lincolnshire Sausages400g,£3.25,£8.13 per kg,Buy 2 for £5,free-from
Morrisons The Best Thick Old English Sausages,Morrisons The Best Thick Old English Sausages400g,£3.25,£8.13 per kg,Buy 2 for £5,free-from
Morrisons The Best  Thick Pork & Bramley Apple Sausages,Morrisons The Best  Thick Pork...400g,£3.25,£8.13 per kg,Buy 2 for £5,free-from
Morrisons The Best Thick Pork Sausages,Morrisons The Best Thick Pork Sausages400g,£3.25,£8.13 per kg,Buy 2 for £5,free-from
Morrisons V Taste Cheddar Slices ,Morrisons V Taste Cheddar Slices 180g,£2.65,£1.47 per 100g,,free-from
Mrs Crimble's Gluten Free 4 Big Bakewell Slices 200g ,Mrs Crimble's Gluten Free 4 B...4 per pack,£1.59,39.8p each,,free-from
Mrs Crimble's Gluten Free 6 Big Chocolate Macaroons 180g,Mrs Crimble's Gluten Free 6 Big...6 per pack,£1,16.6p each,"Offer price £1, was £1.49",free-from
Nain's Gluten Free Choc Chip Biscuits ,Nain's Gluten Free Choc Chip Biscuits 160g,£1.99,£1.24 per 100g,,free-from
Nairn's Gluten Free Apple & Cinnamon Oats Your Way,Nairn's Gluten Free Apple &...375g,£3.19,85.1p per 100g,,free-from
"Nairn's Gluten Free Biscuit Breaks Chunky Oats, Blueberry & Raspberry",Nairn's Gluten Free Biscuit Breaks Chunky...160g,£1.99,£1.24 per 100g,,free-from
"Nairn's Gluten Free Biscuit Breaks Chunky Oats, Dark Chocolate & Coconut",Nairn's Gluten Free Biscuit Breaks Chunky O...160g,£1.99,£1.24 per 100g,,free-from
Nairn's Gluten Free Cheese Oatcakes,Nairn's Gluten Free Cheese Oatcakes180g,£1.99,£1.11 per 100g,,free-from
Nairn's Gluten Free Cracked Black Pepper Crackers,Nairn's Gluten Free Cracked...137g,£1.99,£1.45 per 100g,,free-from
Nairn's Gluten Free Ginger Biscuit Breaks,Nairn's Gluten Free Ginger Biscuit Breaks160g,£1.99,£1.24 per 100g,,free-from
Nairns Gluten Free Maple Syrup Porridge,Nairns Gluten Free Maple Syrup Porridge400g,£2.80,70p per 100g,,free-from
Nairns Gluten Free Oat Cakes,Nairns Gluten Free Oat Cakes213g,£1.99,93.4p per 100g,,free-from
Nairn's Gluten Free Oat Muesli,Nairn's Gluten Free Oat Muesli450g,£3.19,70.9p per 100g,,free-from
Nairn's Gluten Free Scottish Porridge Oats,Nairn's Gluten Free Scottish Porridge Oats450g,£2.29,50.9p per 100g,,free-from
Nakd Blueberry Muffin 4 Raw Fruit & Nut Bars ,Nakd Blueberry Muffin 4 Raw Fruit & Nut Bars 4 x 35g,£2.99,£2.14 per 100g,,free-from
Nakd Cocoa Orange 4 Raw Fruit & Nut Bars ,Nakd Cocoa Orange 4 Raw Fruit & Nut Bars 4 x 35g,£2.99,£2.14 per 100g,,free-from
Napolina Gluten Free Fusilli,Napolina Gluten Free Fusilli400g,£2.29,£5.73 per kg,,free-from
Napolina Gluten Free Spaghetti,Napolina Gluten Free Spaghetti400g,£2.29,£5.73 per kg,,free-from
Nature's Path Gluten Free Mesa Sunrise Cereal,Nature's Path Gluten Free Mesa Sunrise Cereal355g,£3.49,98.3p per 100g,,free-from
Nestle Go Free Cornflakes Gluten Free Cereal,Nestle Go Free Cornflakes Gluten Free Cereal500g,£2.85,57p per 100g,,free-from
Nestle Go Free Honey Flakes Gluten Free Cereal,Nestle Go Free Honey Flakes Gluten Free Cereal500g,£2.85,57p per 100g,,free-from
Nestle Go Free Rice Pops Gluten Free Cereal,Nestle Go Free Rice Pops Gluten Free Cereal350g,£2.85,81.4p per 100g,,free-from
New York Bakery Co Gluten Free Original Bagels,New York Bakery Co Gluten...4 per pack,£2.69,67.3p each,,free-from
Nomo Caramel & Seasalt Chocolate Giant Buttons,Nomo Caramel & Seasalt Chocolate Giant Buttons110g,£2.20,£2.00 per 100g,"Offer price £2.20, was £2.75",free-from
Nomo Caramel & Sea Salt Vegan & Free From Choc Bar ,Nomo Caramel & Sea Salt Vegan...38g,99p,£2.61 per 100g,,free-from
Nomo Caramel Filled Chocolate Bar,Nomo Caramel Filled Chocolate Bar38g,99p,£2.61 per 100g,,free-from
Nomo Cookie Dough Egg & Bunny,Nomo Cookie Dough Egg & Bunny160g,£6,£3.75 per 100g,,free-from
Nomo Creamy Choc Bar,Nomo Creamy Choc Bar85g,£1.80,£2.12 per 100g,"Offer price £1.80, was £2.25",free-from
Nomo Fruit & Crunch Bar ,Nomo Fruit & Crunch Bar 32g,99p,£3.09 per 100g,,free-from
Nomo Monsters Crispie Egg & Lolly,Nomo Monsters Crispie Egg & Lolly92g,£3.25,£3.53 per 100g,,free-from
Nurishh Gran Vegiano Grated Vegan Parmesan Flavour,Nurishh Gran Vegiano Grated...150g,£3.50,£2.33 per 100g,,free-from
Nutribrex Gluten Free Cereal,Nutribrex Gluten Free Cereal375g,£4.35,£1.16 per 100g,,free-from
Oat-Ly Chocolate Oat Drink,Oat-Ly Chocolate Oat Drink1L,£2.19,£2.19 per litre,,free-from
Oatly! The Original Creamy Oat Fraiche,Oatly! The Original Creamy Oat Fraiche200ml,£1.70,85p per 100ml,,free-from
Oatly Chilled Organic Oat Drink,Oatly Chilled Organic Oat Drink1L,£2.09,20.9p per 100ml,,free-from
Oatly Oat Drink Barista Edition,Oatly Oat Drink Barista Edition500ml,£1.25,25p per 100ml,,free-from
Oatly Oat Drink Chilled No Sugars,Oatly Oat Drink Chilled No Sugars1L,£1.70,£1.70 per litre,"Offer price £1.70, was £2.20",free-from
Oatly The Original Oat Drink Semi,Oatly The Original Oat Drink Semi1L,£1.70,£1.70 per litre,"Offer price £1.70, was £2.09",free-from
Oatly The Original Oat Drink Skinny,Oatly The Original Oat Drink Skinny1L,£1.70,£1.70 per litre,"Offer price £1.70, was £2.09",free-from
Oatly The Original Oat Drink Whole,Oatly The Original Oat Drink Whole1L,£1.70,£1.70 per litre,"Offer price £1.70, was £2.09",free-from
Old El Paso Gluten Free Smoky BBQ Fajita Kit,Old El Paso Gluten Free Smoky BBQ Fajita Kit,£4.50,,,free-from
Old El Paso Gluten Free Tortilla Wraps,Old El Paso Gluten Free Tortilla Wraps216g,£3,£1.39 per 100g,,free-from
Over The Spoon Lemon Cheesecake,Over The Spoon Lemon Cheesecake2 x 90g,£2,£1.11 per 100g,,free-from
Paxo Gluten Free Sage & Onion Stuffing Mix ,Paxo Gluten Free Sage & Onion Stuffing Mix 150g,£3.09,£2.06 per 100g,,free-from
Perkier Cacao & Orange Protein Bars,Perkier Cacao & Orange Protein Bars3 x 35g,£2,£1.90 per 100g,,free-from
Perkier Crunchy Peanut Protein Bars,Perkier Crunchy Peanut Protein Bars3 x 35g,£2,£1.90 per 100g,,free-from
Perkier Madagascan Vanilla & Dark Chocolate Bars ,Perkier Madagascan Vanilla...3 x 37g,£2.75,£2.48 per 100g,,free-from
Perkier Nutty Toffee & Dark Choc Vitamin Bars,Perkier Nutty Toffee & Dark Choc Vitamin Bars3 x 37g,£2.75,£2.48 per 100g,,free-from
Perkier Salted Caramel & Dark Chocolate Vitamin Bars,Perkier Salted Caramel & Dark...3 x 37g,£2.75,£2.48 per 100g,,free-from
Philadelphia Lactose Free Soft Cheese,Philadelphia Lactose Free Soft Cheese150g,£1.25,83.5p per 100g,"Offer price £1.25, was £2.20",free-from
Popworks Sweet & Salt Pop Crisps,Popworks Sweet & Salt Pop Crisps85g,£1.25,£1.47 per 100g,"Offer price £1.25, was £2",free-from
Popworks Sweet & Salty Crisps,Popworks Sweet & Salty Crisps28g,95p,£3.39 per 100g,,free-from
Popworks Sweet Chipotle Chilli,Popworks Sweet Chipotle Chilli85g,£1.25,£1.47 per 100g,"Offer price £1.25, was £2",free-from
Popworks Sweet Chipotle Chilli,Popworks Sweet Chipotle Chilli28g,95p,£3.39 per 100g,,free-from
Primula Perfectly Plant ,Primula Perfectly Plant 140g,£1.99,£14.21 per kg,,free-from
Properchips Barbecue Lentil Chips,Properchips Barbecue Lentil Chips85g,£2,£2.35 per 100g,,free-from
Properchips BBQ Lentil Chips ,Properchips BBQ Lentil Chips 5 x 14g,£1.80,£2.57 per 100g,,free-from
Properchips Salt And Vinegar Lentil Chips,Properchips Salt And Vinegar Lentil Chips5 x 14g,£1.80,£2.57 per 100g,,free-from
Propercorn Salted Caramel Popcorn ,Propercorn Salted Caramel Popcorn 90g,£1.35,£1.50 per 100g,"Offer price £1.35, was £1.60",free-from
Pure Vegan Dairy Free Olive Spread,Pure Vegan Dairy Free Olive Spread500g,£1.99,£3.98 per kg,,free-from
Quaker Oat So Simple Gluten Free Porridge Sachets ,Quaker Oat So Simple Gluten...10 x 35g,£4.50,£1.29 per 100g,,free-from
Rude Health Long Life Organic Coconut Milk Alternative,Rude Health Long Life Organic C...1L,£1.80,£1.80 per litre,"Offer price £1.80, was £2.29",free-from
Rude Health Organic Almond Drink,Rude Health Organic Almond Drink1L,£1.80,£1.80 per litre,"Offer price £1.80, was £2.29",free-from
Sacla Vegan Basil Pesto,Sacla Vegan Basil Pesto190g,£3.29,£1.73 per 100g,,free-from
Sacla Vegan Tomato Pesto (Allergen Update),Sacla Vegan Tomato Pesto (Allergen Update)190g,£3.29,£1.73 per 100g,,free-from
San Miguel Gluten Free Lager Beer,San Miguel Gluten Free Lager Beer4 x 330ml,£6.25,£4.73 per litre,,free-from
Schar Bonta D'Italia Gluten Free Pizza Margherita Lactose Free ,Schar Bonta D'Italia Gluten Free Pizz...300g,£3.49,£11.63 per kg,,free-from
Schar Curvies Bbq ,Schar Curvies Bbq 170g,£2.69,£1.58 per 100g,,free-from
Schar Gluten-Free 3 Panini Rolls,Schar Gluten-Free 3 Panini Rolls225g,£2.39,£1.06 per 100g,,free-from
Schar Gluten-Free Brown Ciabatta Rolls,Schar Gluten-Free Brown Ciabatta Rolls200g,£2.39,£1.20 per 100g,,free-from
Schar Gluten-Free Mini Baguette ,Schar Gluten-Free Mini Baguette 2 x 75g,£2.29,£1.53 per 100g,,free-from
Schar Gluten-Free Pizza Base with Sourdough,Schar Gluten-Free Pizza Base with Sourdough300g,£3.29,£1.10 per 100g,,free-from
Schar Gluten-Free White Ciabatta Rolls,Schar Gluten-Free White Ciabatta Rolls200g,£2.39,£1.20 per 100g,,free-from
Schar Gluten Free Chocolate Fingers,Schar Gluten Free Chocolate Fingers150g,£2.15,£1.43 per 100g,,free-from
Schar Gluten Free Crispbread,Schar Gluten Free Crispbread220g,£1.59,72.3p per 100g,,free-from
Schar Gluten Free Crispbreads,Schar Gluten Free Crispbreads150g,£1.65,£1.10 per 100g,,free-from
Schar Gluten Free Curvies Original Crisps,Schar Gluten Free Curvies Original Crisps170g,£2.69,£1.58 per 100g,,free-from
Schar Gluten Free Custard Creams,Schar Gluten Free Custard Creams125g,£1.59,£1.27 per 100g,,free-from
Schar Gluten Free Digestive Biscuits,Schar Gluten Free Digestive Biscuits150g,£1.59,£1.06 per 100g,,free-from
Schar Gluten Free Grissini,Schar Gluten Free Grissini150g,£2.69,£1.79 per 100g,,free-from
Schar Gluten Free Jaffa Cakes ,Schar Gluten Free Jaffa Cakes 150g,£1.39,92.7p per 100g,,free-from
Schar Gluten Free Melto,Schar Gluten Free Melto30g,£1.05,£3.50 per 100g,,free-from
Schar Gluten Free Pizza Veggie Vegan,Schar Gluten Free Pizza Veggie Vegan390g,£3.19,£8.18 per kg,,free-from
Schar Gluten Free Pretzels,Schar Gluten Free Pretzels60g,£1.09,£1.82 per 100g,,free-from
Schar Gluten Free Rich Tea Biscuits,Schar Gluten Free Rich Tea Biscuits125g,£1.59,£1.27 per 100g,,free-from
Schar Gluten Free Wholesome Seeded Loaf,Schar Gluten Free Wholesome Seeded Loaf300g,£2.95,98.3p per 100g,,free-from
Schar Gluten Free Wholesome White Loaf,Schar Gluten Free Wholesome White Loaf300g,£2.95,98.3p per 100g,,free-from
Sheese Jalapeno And Chilli Bake,Sheese Jalapeno And Chilli Bake150g,£3.75,£2.50 per 100g,,free-from
Sheese Melting Sheesy Bake Spring Onion & Garlic,Sheese Melting Sheesy Bake...150g,£3.75,£2.50 per 100g,,free-from
Skinny Brands Lager,Skinny Brands Lager12 x 330ml,£15,£3.79 per litre,,free-from
Soulful One Pot Sweet Potato Tikka With Cauliflower & Brown Rice,Soulful One Pot Sweet Potato Tikka Wi...380g,£2.50,65.8p per 100g,,free-from
Swedish Glace Dairy Free Smooth Vanilla Vegan Ice Cream Tub,Swedish Glace Dairy Free Smooth V...750ml,£3.30,44p per 100ml,"Offer price £3.30, was £3.59",free-from
Sweet Freedom Choc Pot Chocolate Spread,Sweet Freedom Choc Pot Chocolate Spread250g,£3,£1.20 per 100g,,free-from
Sweet Freedom Choc Shot,Sweet Freedom Choc Shot320g,£3.50,£1.09 per 100g,,free-from
The Coconut Collaborative Chocolate Orange Cups,The Coconut Collaborative Chocolate Orange Cups2 x 100g,£2.75,£1.38 per 100g,,free-from
The Coconut Collaborative Little Choc Pots,The Coconut Collaborative Little Choc Pots4 x 45g,£2.75,£1.53 per 100g,,free-from
The Coconut Collaborative Salted Caramel Choc Pots ,The Coconut Collaborative Salted Caramel Choc Pots 4 x 45g,£2.75,£1.53 per 100g,,free-from
The Real Yorkshire Pudding Company Gluten Free Yorkshire Puddings,The Real Yorkshire Pudding Company Gl...180g,£2.49,£1.38 per 100g,,free-from
Violife Creamy Original Flavour Vegan Alternative to Cheese ,Violife Creamy Original Flavour Veg...200g,£2.75,£1.38 per 100g,,free-from
Violife Epic Mature Cheddar Flavour Block ,Violife Epic Mature Cheddar Flavour Block 200g,£2.75,£13.75 per kg,,free-from
Violife Greek White Block Vegan Alternative to Cheese,Violife Greek White Block Veg...230g,£2.99,£13.00 per kg,,free-from
Violife Mozzarella 12 Flavour Slices ,Violife Mozzarella 12 Flavour Slices 160g,£2.75,£1.72 per 100g,,free-from
Violife Original Flavour Grated Vegan Alternative to Cheese,Violife Original Flavour Grated V...200g,£2.75,£13.75 per kg,,free-from
Violife Original Flavour Slices Vegan Alternative to Cheese ,Violife Original Flavour Slices Veg...200g,£2.75,£13.75 per kg,,free-from
Vitalite Dairy Free Spread,Vitalite Dairy Free Spread500g,£2,£4.00 per kg,"Offer price £2, was £2.25",free-from
Warburtons Gluten Free Artisan White Sourdough Cob,Warburtons Gluten Free Arti...400g,£3.49,87.3p per 100g,,free-from
Warburtons Gluten Free High Protein Seeded Wraps,Warburtons Gluten Free High...,£2.59,,,free-from
Warburtons Gluten Free Multiseed Loaf,Warburtons Gluten Free Multiseed Loaf300g,£2.15,71.7p per 100g,,free-from
Warburtons Gluten Free  Soft Cinnamon & Raisin Fruity Buns,Warburtons Gluten Free  Soft Cinn...4 per pack,£2.89,72.3p each,,free-from
Warburtons Gluten Free Super Soft Sliced Square Rolls,Warburtons Gluten Free Super...4 per pack,£2.30,57.5p each,"Offer price £2.30, was £2.69",free-from
Warburtons Gluten Free Tiger Bloomer,Warburtons Gluten Free Tiger Bloomer400g,£3.49,87.3p per 100g,,free-from
Warburtons Gluten Free White Loaf,Warburtons Gluten Free White Loaf300g,£2.15,71.7p per 100g,,free-from
Warburtons Gluten Free White Sandwich Thins,Warburtons Gluten Free White Sandwich Thins,£2.69,,,free-from
Warburtons Gluten Free White Wraps,Warburtons Gluten Free White Wraps,£2.69,,,free-from
We Love Cake Rip Roaring Raspberry Ripple Slices,We Love Cake Rip Roaring Raspberry Ripple Slices4 per pack,£1.99,49.8p each,,free-from
We Love Cake Totally Toffee Sticky Toffee Slices ,We Love Cake Totally Toffee Sticky Toffee Slices 4 per pack,£1.99,49.8p each,,free-from
Whitby Seafoods Gluten Free Scampi,Whitby Seafoods Gluten Free Scampi200g,£3.75,£1.88 per 100g,,free-from
White Rabbit Sourdough Doughballs With Garlic & Herb Dip,White Rabbit Sourdough Doughbal...12 per pack,£3.75,31.3p each,,free-from
Whole Earth Organic Corn Flakes,Whole Earth Organic Corn Flakes375g,£1.75,46.7p per 100g,,free-from
"Zest Tomato, Basil & Oregano Pasta Sauce","Zest Tomato, Basil & Oregano Pasta Sauce340g",£2.25,66.2p per 100g,,free-from
Zest Vegan Basil Pesto ,Zest Vegan Basil Pesto 165g,£2.25,£1.36 per 100g,,free-from
Zest Vegan Mushroom & Riccota Sauce,Zest Vegan Mushroom & Riccota Sauce340g,£2.50,73.5p per 100g,,free-from
Zest Vegan Red Pesto ,Zest Vegan Red Pesto 165g,£2.50,£1.52 per 100g,,free-from
Zest Vegan Tomato & Mascarpone Sauce,Zest Vegan Tomato & Mascarpone Sauce340g,£2.50,73.5p per 100g,,free-from
Actimel Strawberry & Blueberry Yogurt Drinks,Actimel Strawberr...12 x 100g,£3.25,27.1p per 100g,,fresh
Petits Filous Dairy Free Raspberry,Petits Filous Dai...4 x 95g,£2.25,59.2p per 100g,"Offer price £2.25, was £2.49",fresh
Alpro Almond No Sugars Chilled Drink,Alpro Almond No Sug...1L,£2.10,£2.10 per litre,,fresh
Petits Filous Big Pots Strawberry & Raspberry Fromage Frais,Petits Filous Big...4 x 85g,£1.25,36.7p per 100g,"Offer price £1.25, was £1.49",fresh
Alpro Oat No Sugars Long Life Drink,Alpro Oat No Suga...1L,£2.15,£2.15 per litre,,fresh
Alpro Oat No Sugars Chilled Drink,Alpro Oat No Suga...1L,£1.95,£1.95 per litre,,fresh
Petits Filous Big Pots Strawberry & Apricot Fromage Frais ,Petits Filous Big...4 x 85g,£1.25,36.7p per 100g,"Offer price £1.25, was £1.49",fresh
Alpro Soya Long Life Drink,Alpro Soya Long Life Drink1L,£2.00,£2.00 per litre,,fresh
The Vegetarian Butcher Vegan Magic Mince,The Vegetarian Butche...200g,£3.00,£1.50 per 100g,,fresh
The Vegetarian Butcher Patty On The Back,The Vegetarian Butche...226g,£3.99,£1.77 per 100g,,fresh
Petits Filous No Added Sugar Strawberry & Banana Fromage Frais ,Petits Filous No Ad...6 x 47g,£1.95,69.1p per 100g,,fresh
Richmond 12 Thick Pork Sausages,Richmond 12 Thi...615g,£2.25,£3.66 per kg,"Offer price £2.25, was £3.25",fresh
Morrisons British Whole Chicken ,Morrisons Briti...1.4kg,£4.25,£3.04 per kg,Buy 3 for £10,fresh
Morrisons Chicken Breast Fillets ,Morrisons Chicken...300g,£2.25,£7.50 per kg,,fresh
Actimel Multifruit Yogurt Drinks,Actimel Multifruit Yogurt Drinks12 x 100g,£3.25,27.1p per 100g,,fresh
Activia Rhubarb Yogurt,Activia Rhubarb Yogurt4 x 115g,£2.49,54.1p per 100g,,fresh
Activia Strawberry Red Fruit 0% Yogurt,Activia Strawberry Red Fruit 0% Yogurt8 x 115g,£3.99,43.4p per 100g,,fresh
Activia Strawberry Yellow Fruit Yogurt,Activia Strawberry Yellow Fruit Yogurt8 x 115g,£4,43.5p per 100g,,fresh
Fridge Raiders Slow Roasted Chicken Snack Bites,Fridge Raiders Slow Roast...6 x 22.5g,£2.25,£1.67 per 100g,"Offer price £2.25, was £2.79",fresh
Frubes 9 X Strawberry Flavour,Frubes 9 X Strawberry Flavour9 x 37g,£1.50,45p per 100g,"Offer price £1.50, was £2.50",fresh
Abra Ca Debora Buttermilk Pancakes,Abra Ca Debora Buttermilk Pancakes6 per pack,£2.40,40p each,,fresh
Actimel 0% Fat Original Yogurt Drinks,Actimel 0% Fat Original Yogurt Drinks8 x 100g,£3.49,43.6p per 100g,,fresh
Actimel 0% Fat Original Yogurt Drinks,Actimel 0% Fat Original Yogurt Drinks12 x 100g,£3.25,27.1p per 100g,,fresh
Actimel 0% Fat Raspberry Yogurt Drinks,Actimel 0% Fat Raspberry Yogurt Drinks8 x 100g,£3.75,46.9p per 100g,,fresh
Actimel 0% Fat Strawberry Yogurt Drinks,Actimel 0% Fat Strawberry Yogurt Drinks8 x 100g,£3.75,46.9p per 100g,,fresh
Actimel Blueberry Dairy Free Yogurt Drink,Actimel Blueberry Dairy Free Yogurt Drink6 x 100g,£3.49,58.2p per 100g,,fresh
Actimel Blueberry Yogurt Drinks,Actimel Blueberry Yogurt Drinks8 x 100g,£3.75,46.9p per 100g,,fresh
Actimel Coconut Yogurt Drinks,Actimel Coconut Yogurt Drinks8 per pack,£3.75,46.9p each,,fresh
Actimel Kids Peach Yogurt Drinks ,Actimel Kids Peach Yogurt Drinks 4 x 100g,£1.75,43.8p per 100g,,fresh
Actimel Kids Strawberry & Banana Yogurt Drinks,Actimel Kids Strawberry & Banana Yogurt Drinks4 x 100g,£1.75,43.8p per 100g,,fresh
Actimel Mango Passionfruit Dairy Free Yogurt Drinks,Actimel Mango Passionfruit Da...6 x 100g,£3.49,58.2p per 100g,,fresh
Actimel Multifruit Yogurt Drinks,Actimel Multifruit Yogurt Drinks12 x 100g,£3.25,27.1p per 100g,,fresh
Actimel Strawberry & Blueberry Yogurt Drinks,Actimel Strawberry & Blueberry Yogurt Drinks12 x 100g,£3.25,27.1p per 100g,,fresh
Actimel Strawberry Dairy Free Yogurt Drink,Actimel Strawberry Dairy Free Yogurt Drink6 x 100g,£3.49,58.2p per 100g,,fresh
Actimel Strawberry Yogurt Drinks,Actimel Strawberry Yogurt Drinks12 x 100g,£3.25,27.1p per 100g,,fresh
Actimel Strawberry Yogurt Drinks,Actimel Strawberry Yogurt Drinks8 x 100g,£3.75,46.9p per 100g,,fresh
Actimel Superfruits Cranberry Redcurrant Rosehip Yogurt Drinks,Actimel Superfruits Cranberry Redcu...12 x 100g,£4.50,37.5p per 100g,,fresh
"Actimel Superfruits Mango, Goji Berry & Turmeric","Actimel Superfruits Mango, Goji Berry & Turmeric8 x 100g",£3.49,43.6p per 100g,,fresh
Actimel Vanilla Yogurt Drinks,Actimel Vanilla Yogurt Drinks8 x 100g,£3.75,46.9p per 100g,,fresh
Activia Cherry 0% Fat Yogurt,Activia Cherry 0% Fat Yogurt4 x 115g,£2.49,54.1p per 100g,,fresh
Activia Fusion Blueberry Gut Health Yogurt,Activia Fusion Blueberry Gut Health Yogurt4 x 120g,£2.35,49p per 100g,,fresh
Activia Fusion Prune Yogurt,Activia Fusion Prune Yogurt4 x 120g,£2,41.7p per 100g,"Offer price £2, was £2.75",fresh
Activia Grains & Nuts Walnut & Oats Yogurts,Activia Grains & Nuts Walnut & Oats Yogurts480g,£2,41.7p per 100g,"Offer price £2, was £2.75",fresh
Activia Intensely Creamy Blueberry Yogurts,Activia Intensely Creamy Blueberry Yogurts4 x 110g,£2.49,56.6p per 100g,,fresh
Activia Intensely Creamy Cherry Yogurts,Activia Intensely Creamy Cherry Yogurts4 x 110g,£2.49,56.6p per 100g,,fresh
Activia Intensely Creamy Peach Yogurts,Activia Intensely Creamy Peach Yogurts4 x 110g,£2.49,56.6p per 100g,,fresh
Activia Intensely Creamy Strawberry Yogurts,Activia Intensely Creamy Strawberry Yogurts4 x 110g,£2.49,56.6p per 100g,,fresh
Activia Intensely Creamy Toffee Yogurt,Activia Intensely Creamy Toffee Yogurt4 x 110g,£2.49,56.6p per 100g,,fresh
Activia Intensely Creamy Vanilla Yogurts,Activia Intensely Creamy Vanilla Yogurts4 x 110g,£2.49,56.6p per 100g,,fresh
Activia Limited Edition Tropical Coconut,Activia Limited Edition Tropical Coconut4 x 115g,£2.49,54.1p per 100g,,fresh
Activia Low Fat Yogurt Raspberry & Chia Seed Muesli ,Activia Low Fat Yogurt Raspbe...165g,£1.85,£1.12 per 100g,Buy 3 for £2.50,fresh
Activia Peach 0% Fat Yogurt,Activia Peach 0% Fat Yogurt4 x 115g,£2.49,54.1p per 100g,,fresh
Activia Rhubarb Mixed Fruit Yogurt,Activia Rhubarb Mixed Fruit Yogurt8 x 115g,£3.99,43.4p per 100g,,fresh
Activia Rhubarb Yogurt,Activia Rhubarb Yogurt4 x 115g,£2.49,54.1p per 100g,,fresh
Activia Strawberry Mixed Fruit Yogurt,Activia Strawberry Mixed Fruit Yogurt8 x 115g,£3.99,43.4p per 100g,,fresh
Activia Strawberry Red Fruit 0% Yogurt,Activia Strawberry Red Fruit 0% Yogurt8 x 115g,£3.99,43.4p per 100g,,fresh
Activia Strawberry Yellow Fruit Yogurt,Activia Strawberry Yellow Fruit Yogurt8 x 115g,£4,43.5p per 100g,,fresh
Activia Strawberry Yogurt,Activia Strawberry Yogurt4 x 115g,£2.49,54.1p per 100g,,fresh
Activia Vanilla 0% Fat Yogurt,Activia Vanilla 0% Fat Yogurt4 x 115g,£2.49,54.1p per 100g,,fresh
Activia Vanilla Yogurt With Granola,Activia Vanilla Yogurt With Granola165g,£1.85,£1.12 per 100g,Buy 3 for £2.50,fresh
Aero Chocolate Mousse,Aero Chocolate Mousse4 x 59g,£1.99,84.3p per 100g,,fresh
Agour Ossau Iraty,Agour Ossau Iraty180g,£3.75,£20.83 per kg,,fresh
Alf Turner 1 Chilli Scotch Egg,Alf Turner 1 Chilli Scotch Egg120g,£1.80,£1.50 per 100g,,fresh
Alpro Almond Chilled Drink,Alpro Almond Chilled Drink1L,£2.10,£2.10 per litre,,fresh
Alpro Almond Long Life Drink,Alpro Almond Long Life Drink1L,£2,£2.00 per litre,,fresh
Alpro Almond No Sugars Chilled Drink,Alpro Almond No Sugars Chilled Drink1L,£2.10,£2.10 per litre,,fresh
Alpro Almond No Sugars Long Life Drink ,Alpro Almond No Sugars Long Life Drink 1L,£1.50,£1.50 per litre,"Offer price £1.50, was £2",fresh
Alpro Barista Almond ,Alpro Barista Almond 1L,£2.30,£2.30 per litre,,fresh
Alpro Barista Oat ,Alpro Barista Oat 1L,£2.30,£2.30 per litre,,fresh
Alpro Barista Oat Chilled Drink,Alpro Barista Oat Chilled Drink750ml,£1.50,£2.00 per litre,"Offer price £1.50, was £2",fresh
Alpro Blueberry & Cherry Yoghurt Alternative ,Alpro Blueberry & Cherry Yoghurt Alternative 4 x 125g,£1.79,35.8p per 100g,"Offer price £1.79, was £2",fresh
Alpro Chocolate-Hazelnut Dessert ,Alpro Chocolate-Hazelnut Dessert 2 x 113g,£1.75,77.4p per 100g,,fresh
Alpro Coconut Almond Chilled Drink,Alpro Coconut Almond Chilled Drink1L,£2.10,£2.10 per litre,,fresh
Alpro Coconut Chilled Drink,Alpro Coconut Chilled Drink1L,£2.10,£2.10 per litre,,fresh
Alpro Coconut Long Life Drink ,Alpro Coconut Long Life Drink 1L,£1.50,£1.50 per litre,"Offer price £1.50, was £2",fresh
Alpro Coconut No Sugars Chilled Drink,Alpro Coconut No Sugars Chilled Drink1L,£2.10,£2.10 per litre,,fresh
Alpro Coconut No Sugars Long Life Drink,Alpro Coconut No Sugars Long Life Drink1L,£2,£2.00 per litre,,fresh
Alpro Dark Chocolate Dessert,Alpro Dark Chocolate Dessert4 x 125g,£2,40p per 100g,,fresh
Alpro Double Chocolate Almond Mousse & Ganache ,Alpro Double Chocolate Al...2 x 70g,£2.20,£1.57 per 100g,,fresh
Alpro Greek Style Plain Yoghurt Alternative ,Alpro Greek Style Plain Yoghurt Alternative 400g,£1.95,48.8p per 100g,,fresh
Alpro Growing Up Oat Drink 1 - 3 Years+ ,Alpro Growing Up Oat Drink 1 - 3 Years+ 1L,£1.50,£1.50 per litre,"Offer price £1.50, was £2",fresh
Alpro Hazelnut Chilled Drink,Alpro Hazelnut Chilled Drink1L,£2.10,£2.10 per litre,,fresh
Alpro Hazelnut Long Life Drink,Alpro Hazelnut Long Life Drink1L,£1.50,£1.50 per litre,"Offer price £1.50, was £2.05",fresh
Alpro More Fruit No Added Sugars Mango Yoghurt Alternative ,Alpro More Fruit No Added Sugars...400g,£1.85,46.3p per 100g,,fresh
Alpro My Cuppa Soya Chilled Drink ,Alpro My Cuppa Soya Chilled Drink 750ml,£1.50,£2.00 per litre,"Offer price £1.50, was £1.85",fresh
Alpro Oat Chilled Drink,Alpro Oat Chilled Drink1L,£1.95,£1.95 per litre,,fresh
Alpro Oat Long Life Drink,Alpro Oat Long Life Drink1L,£1.50,£1.50 per litre,"Offer price £1.50, was £2.10",fresh
Alpro Oat No Sugars Chilled Drink,Alpro Oat No Sugars Chilled Drink1L,£1.95,£1.95 per litre,,fresh
Alpro Oat No Sugars Long Life Drink,Alpro Oat No Sugars Long Life Drink1L,£2.15,£2.15 per litre,,fresh
Alpro Plain No Sugars Yoghurt Alternative ,Alpro Plain No Sugars Yoghurt Alternative 500g,£1.95,39p per 100g,,fresh
Alpro Plain with Coconut Yoghurt Alternative ,Alpro Plain with Coconut Yoghurt Alternative 500g,£1.95,39p per 100g,,fresh
Alpro Plain Yoghurt Alternative ,Alpro Plain Yoghurt Alternative 500g,£1.95,39p per 100g,,fresh
Alpro Rice Long Life Drink,Alpro Rice Long Life Drink1L,£1.95,£1.95 per litre,,fresh
Alpro Soya Chilled Alternative to Single Cream,Alpro Soya Chilled Altern...250ml,£1.40,56p per 100ml,,fresh
Alpro Soya Chilled Drink,Alpro Soya Chilled Drink1L,£1.95,£1.95 per litre,,fresh
Alpro Soya Chocolate Chilled Drink,Alpro Soya Chocolate Chilled Drink1L,£2.05,£2.05 per litre,,fresh
Alpro Soya Chocolate Long Life Drink,Alpro Soya Chocolate Long Life Drink1L,£2,£2.00 per litre,,fresh
Alpro Soya Growing Up Long Life Drink,Alpro Soya Growing Up Long Life Drink1L,£1.95,£1.95 per litre,,fresh
Alpro Soya High Protein Chocolate Long Life Drink,Alpro Soya High Protein Chocolate Long Life Drink1L,£2.30,£2.30 per litre,,fresh
Alpro Soya High Protein Long Life Drink,Alpro Soya High Protein Long Life Drink1L,£2.30,£2.30 per litre,,fresh
Alpro Soya Light Chilled Drink,Alpro Soya Light Chilled Drink1L,£1.95,£1.95 per litre,,fresh
Alpro Soya Light Long Life Drink,Alpro Soya Light Long Life Drink1L,£1.89,£1.89 per litre,,fresh
Alpro Soya Long Life Drink,Alpro Soya Long Life Drink1L,£2,£2.00 per litre,,fresh
Alpro Soya No Sugars Chilled Drink,Alpro Soya No Sugars Chilled Drink1L,£1.95,£1.95 per litre,,fresh
Alpro Soya Strawberry Long Life Drink,Alpro Soya Strawberry Long Life Drink3 x 250ml,£1.95,£2.60 per litre,,fresh
Alpro Soya Unsweetened Long Life Drink,Alpro Soya Unsweetened Long Life Drink1L,£1.50,£1.50 per litre,"Offer price £1.50, was £2",fresh
Alpro Strawberry-Banana & Peach-Pear Yoghurt Alternative ,Alpro Strawberry-Banana & Peach-P...4 x 125g,£1.79,35.8p per 100g,"Offer price £1.79, was £2",fresh
Alpro Strawberry Yoghurt Alternative ,Alpro Strawberry Yoghurt Alternative 500g,£1.95,39p per 100g,,fresh
Alpro This Is Not Milk Semi,Alpro This Is Not Milk Semi1L,£2,£2.00 per litre,,fresh
Alpro This Is Not Milk Whole,Alpro This Is Not Milk Whole1L,£2,£2.00 per litre,,fresh
Alpro Vanilla Custard,Alpro Vanilla Custard525g,£1.40,26.7p per 100g,,fresh
Alpro Vanilla Yoghurt Alternative ,Alpro Vanilla Yoghurt Alternative 500g,£1.95,39p per 100g,,fresh
Alpro Velvet Vanilla Dessert,Alpro Velvet Vanilla Dessert4 x 125g,£2,40p per 100g,,fresh
Ambrosia Belgian Chocolate Mousse Pots,Ambrosia Belgian Chocolate Mousse Pots2 x 60g,£1.60,£1.33 per 100g,,fresh
Ambrosia Dessert Pot Chocolate & Salted Caramel,Ambrosia Dessert Pot Choc...220g,£1,45.5p per 100g,,fresh
Anchor Block Butter,Anchor Block Butter250g,£2.49,£9.96 per kg,,fresh
Anchor Lighter Spreadable,Anchor Lighter Spreadable500g,£4.75,£9.50 per kg,,fresh
Anchor Spreadable,Anchor Spreadable250g,£2.75,£11.00 per kg,,fresh
Anchor Spreadable,Anchor Spreadable500g,£4.75,95p per 100g,,fresh
Anchor Spreadable Big Pack ,Anchor Spreadable Big Pack 750g,£5.25,70p per 100g,"Offer price £5.25, was £6.75",fresh
Anchor Unsalted Block Butter,Anchor Unsalted Block Butter250g,£2.49,£9.96 per kg,,fresh
Angel Delight Butterscotch & Chocolate Pot ,Angel Delight Buttersco...100g,75p,75p per 100g,"Offer price 75p, was £1",fresh
Angel Delight Butterscotch Pot ,Angel Delight Butterscotch Pot 4 x 70g,£2.99,£1.07 per 100g,,fresh
Angel Delight Chocolate & Salted Caramel Pot,Angel Delight Chocolate & Salted Caramel Pot100g,75p,75p per 100g,"Offer price 75p, was £1",fresh
Angel Delight Strawberry Pot ,Angel Delight Strawberry Pot 4 x 65g,£2.99,£1.15 per 100g,,fresh
Apetina Paneer Cheese,Apetina Paneer Cheese225g,£1.99,£8.84 per kg,,fresh
Applewood Cheese Slices,Applewood Cheese Slices160g,£2.40,£15.00 per kg,,fresh
Applewood Smoked Cheddar    ,Applewood Smoked Cheddar    5 x 15g,£1.49,£19.87 per kg,,fresh
Applewood Smoke Flavoured Cheddar,Applewood Smoke Flavoured Cheddar200g,£2.25,£11.25 per kg,,fresh
Arctic Cafe Latte,Arctic Cafe Latte330ml,£1,£3.03 per litre,"Offer price £1, was £1.15",fresh
Arctic Coffee Caramel Latte,Arctic Coffee Caramel Latte330ml,£1,£3.03 per litre,"Offer price £1, was £1.15",fresh
Arctic Coffee Intenso,Arctic Coffee Intenso1L,£2.19,21.9p per 100ml,,fresh
Arctic Coffee Skinny Latte,Arctic Coffee Skinny Latte330ml,£1,£3.03 per litre,"Offer price £1, was £1.15",fresh
Arctic Coffee White Chocolate,Arctic Coffee White Chocolate330ml,£1,£3.03 per litre,"Offer price £1, was £1.15",fresh
Arla Best of Both Milk,Arla Best of Both Milk2L,£2.69,£1.35 per litre,Buy 2 for £4,fresh
Arla Big Whole Milk,Arla Big Whole Milk2L,£2.69,£1.35 per litre,Buy 2 for £4,fresh
Arla B.O.B Semi Skimmed Milk,Arla B.O.B Semi Skimmed Milk2L,£2,£1.00 per litre,,fresh
Arla Lactofree Blueberry Yogurt,Arla Lactofree Blueberry Yogurt150g,£1.15,76.7p per 100g,,fresh
Arla Lactofree Mango Yogurt,Arla Lactofree Mango Yogurt150g,£1.15,76.7p per 100g,,fresh
Arla Lactofree Vanilla Yogurt,Arla Lactofree Vanilla Yogurt150g,£1.15,76.7p per 100g,,fresh
Arla Protein Blueberry Yogurt ,Arla Protein Blueberry Yogurt 200g,£1.45,72.5p per 100g,Buy 4 for £3,fresh
Arla Protein Chocolate Pudding,Arla Protein Chocolate Pudding200g,£1,50p per 100g,"Offer price £1, was £1.75",fresh
Arla Protein Salted Caramel Pudding,Arla Protein Salted Caramel Pudding200g,£1,50p per 100g,"Offer price £1, was £1.75",fresh
Arla Protein Strawberry Yogurt,Arla Protein Strawberry Yogurt200g,£1.45,72.5p per 100g,Buy 4 for £3,fresh
Arla Protein Yogurt Mango,Arla Protein Yogurt Mango200g,£1.45,72.5p per 100g,,fresh
Arla Protein Yogurt Strawberry,Arla Protein Yogurt Strawberry200g,£1.45,72.5p per 100g,,fresh
Arla Skyr Creamy 5% Fat Natural Yogurt ,Arla Skyr Creamy 5% Fat Natural Yogurt 450g,£1.99,44.2p per 100g,Buy 2 for £2.50,fresh
Arla skyr Fat Free Natural Yogurt,Arla skyr Fat Free Natural Yogurt450g,£2.09,46.4p per 100g,Buy 2 for £2.50,fresh
Arla skyr Fat Free Strawberry Yogurt,Arla skyr Fat Free Strawberry Yogurt450g,£2.09,46.4p per 100g,Buy 2 for £2.50,fresh
Arla Skyr Icelandic Style Yogurt Mixed With Vanilla,Arla Skyr Icelandic Style Yogurt Mixed With Vanilla450g,£2.09,46.4p per 100g,Buy 2 for £2.50,fresh
Attack A Snak Chicken And Cheese BBQ Wrap Kit,Attack A Snak Chicken And Cheese BBQ Wrap Kit86g,£1.49,£1.73 per 100g,,fresh
Attack A Snak Chicken And Cheese Wrap Kit,Attack A Snak Chicken And Cheese Wrap Kit86g,£1.49,£1.73 per 100g,,fresh
Attack A Snak Ham And Cheese Wrap Kit,Attack A Snak Ham And Cheese Wrap Kit86g,£1.49,£1.73 per 100g,,fresh
Attack A Snak Pepperoni And Cheese Wrap Kit,Attack A Snak Pepperoni And Cheese Wrap Kit83g,£1.49,£1.80 per 100g,,fresh
Avalade Rose Lemonade,Avalade Rose Lemonade250ml,£1,40p per 100ml,,fresh
Avalade Sparkling Apple Juice,Avalade Sparkling Apple Juice250ml,£1,40p per 100ml,,fresh
Belton Farm Red Leicester ,Belton Farm Red Leicester 200g,£2.99,£1.50 per 100g,,fresh
Benecol Blueberry Smooth Yogurt Drinks,Benecol Blueberry Smooth Yogurt Drinks6 x 67.5g,£3.70,91.4p per 100g,"Offer price £3.70, was £4.29",fresh
Benecol Original No Added Sugar Yogurt Drink,Benecol Original No Added Sugar Yogurt Drink6 x 67.5g,£3.70,91.4p per 100g,"Offer price £3.70, was £4.29",fresh
Benecol Peach & Apricot No Added Sugar Yogurt Drink,Benecol Peach & Apricot No Ad...6 x 67.5g,£3.70,91.4p per 100g,"Offer price £3.70, was £4.29",fresh
Benecol Raspberry & Peach Yogurts ,Benecol Raspberry & Peach Yogurts 4 x 120g,£3,62.5p per 100g,Buy 2 for £4.50,fresh
Benecol Raspberry No Added Sugar Yogurt Drink ,Benecol Raspberry No Added Sugar Yogurt Drink 6 x 67.5g,£3.70,91.4p per 100g,"Offer price £3.70, was £4.29",fresh
Benecol Strawberry Yogurt Drink,Benecol Strawberry Yogurt Drink6 x 67.5g,£3.70,91.4p per 100g,"Offer price £3.70, was £4.29",fresh
Bernard Matthews Chicken Breast Chunks,Bernard Matthews Chicken Breast Chunks80g,£1.19,£1.49 per 100g,,fresh
Bernard Matthews Chicken Breast Slices,Bernard Matthews Chicken Breast Slices80g,£1.50,£1.88 per 100g,,fresh
Bernard Matthews Farms Turkey Breast Roast,Bernard Matthews Farms Turkey Breast Roast450g,£2.75,£6.11 per kg,,fresh
Bernard Matthews Turkey Breast Chunks,Bernard Matthews Turkey Breast Chunks80g,£1.19,£1.49 per 100g,,fresh
Bernard Matthews Turkey Breast Slices,Bernard Matthews Turkey Breast Slices80g,£1.50,£1.88 per 100g,,fresh
Bernard Matthews Wafer Thin Turkey Ham,Bernard Matthews Wafer Thin Turkey Ham100g,£1.50,£1.50 per 100g,,fresh
Bertolli Olive Oil Light Spread,Bertolli Olive Oil Light Spread450g,£2.50,£5.55 per kg,"Offer price £2.50, was £2.85",fresh
 Bertolli Olive Oil Spread, Bertolli Olive Oil Spread450g,£2.50,£5.55 per kg,"Offer price £2.50, was £2.85",fresh
Bertolli Spread,Bertolli Spread250g,£1.50,60p per 100g,,fresh
Big n Free Large Free Range Eggs 10 pack,Big n Free Large Free Range Eggs 10 pack10 per pack,£2.79,27.9p each,,fresh
Billy Bear Pork Sausage Cured and Cooked Slices,Billy Bear Pork Sausage Cured and Cooked Slices100g,£1.29,£1.29 per 100g,,fresh
Billy Bear Slices,Billy Bear Slices90g,£1.29,£1.43 per 100g,,fresh
Biotiful Kefir Cultured Dairy Drink Vanilla ,Biotiful Kefir Cultured Dairy Drink Vanilla 500ml,£2.59,51.8p per 100ml,,fresh
Biotiful Kefir Mango,Biotiful Kefir Mango500ml,£2.59,51.8p per 100ml,,fresh
Biotiful Kefir Original,Biotiful Kefir Original500ml,£2.59,51.8p per 100ml,,fresh
Biotiful Kefir Original,Biotiful Kefir Original1L,£2.75,27.5p per 100ml,,fresh
Biotiful Kefir Strawberry,Biotiful Kefir Strawberry500ml,£2.59,51.8p per 100ml,,fresh
Biotiful Kefir Strawberry,Biotiful Kefir Strawberry1L,£3.50,£3.50 per litre,,fresh
Biotiful Kefir Yogurt Original,Biotiful Kefir Yogurt Original350g,£1.25,35.7p per 100g,,fresh
Biotiful Kefir Yogurt Rubie Raspberry,Biotiful Kefir Yogurt Rubie Raspberry350g,£1.25,35.7p per 100g,,fresh
Bol One Pot Meal Creamy Coconut Turmeric Daal ,Bol One Pot Meal Creamy Coconut Turmeric Daal 450g,£3.25,£7.22 per kg,Buy 2 for £5,fresh
Bol One Pot Meal Spanish Smoky Butter Bean Stew,Bol One Pot Meal Spanish Smoky Butter Bean Stew450g,£3.25,72.2p per 100g,Buy 2 for £5,fresh
Bol Sweet Potato Katsu Curry One Pot Meal,Bol Sweet Potato Katsu Curry One Pot Meal450g,£3.25,72.2p per 100g,Buy 2 for £5,fresh
Bonne Maman Baba Au Rum,Bonne Maman Baba Au Rum2 x 140g,£2.90,£1.04 per 100g,,fresh
Bonne Maman Cherry And Chocolate Mousse,Bonne Maman Cherry And Chocolate Mousse2 x 95g,£2.59,£1.36 per 100g,,fresh
Bonne Maman Chocolate Mousse,Bonne Maman Chocolate Mousse2 x 70g,£2.19,£1.56 per 100g,,fresh
Bonne Maman Clementine Mousse,Bonne Maman Clementine Mousse2 x 70g,£2.19,£1.56 per 100g,,fresh
Bonne Maman Creme Brulee,Bonne Maman Creme Brulee2 x 100g,£2.60,£1.30 per 100g,,fresh
Bonne Maman Creme Caramel,Bonne Maman Creme Caramel4 x 100g,£2.90,72.5p per 100g,,fresh
Bonne Maman Pear And Chocolate Mousse,Bonne Maman Pear And Chocolate Mousse2 x 95g,£2.59,£1.36 per 100g,,fresh
Bonne Maman Salted Caramel Creme ,Bonne Maman Salted Caramel Creme 2 x 90g,£2.19,£1.22 per 100g,,fresh
Bonne Maman Strawberry Mousse,Bonne Maman Strawberry Mousse2 x 70g,£2.19,£1.56 per 100g,,fresh
Boursin Cheese with Garlic & Herbs,Boursin Cheese with Garlic & Herbs150g,£2,£13.34 per kg,"Offer price £2, was £2.95",fresh
Boursin Garlic & Herbs,Boursin Garlic & Herbs6 x 16g,£2.25,£23.44 per kg,,fresh
Buxton Still Water Sports Cap,Buxton Still Water Sports Cap1L,95p,95p per litre,Food To Go Meal Deal for £3.50,fresh
Cadbury Buttons Dessert,Cadbury Buttons Dessert75g,99p,£1.32 per 100g,,fresh
Cadbury Dairy Milk Pots Of Joy Caramel Chocolate,Cadbury Dairy Milk Pots Of Joy Caramel Chocolate4 x 60g,£2.50,£1.04 per 100g,Buy 2 for £3.50,fresh
Cadbury Dairy Milk Pots Of Joy Chocolate,Cadbury Dairy Milk Pots Of Joy Chocolate4 x 60g,£2.50,£1.04 per 100g,Buy 2 for £3.50,fresh
Cadbury Dairy Milk Pots of Joy Limited Edition,Cadbury Dairy Milk Pots of Joy Limited Edition4 x 60g,£2.50,£1.04 per 100g,Buy 2 for £3.50,fresh
Cadbury Flake Dessert,Cadbury Flake Dessert75g,99p,£1.32 per 100g,,fresh
Cadbury Layers of Joy Chocolate Trifle,Cadbury Layers of Joy Chocolate Trifle2 x 90g,£1.75,97.2p per 100g,,fresh
Cadbury Limited Edition Dessert,Cadbury Limited Edition Dessert75g,99p,£1.32 per 100g,,fresh
Cadbury Pots of Joy Chocolate Orange ,Cadbury Pots of Joy Chocolate Orange 350g,£3,85.7p per 100g,,fresh
Cadbury Pots of Joy Dairy Milk,Cadbury Pots of Joy Dairy Milk350g,£3,85.7p per 100g,,fresh
Cadbury Twin Pots Daim,Cadbury Twin Pots Daim75g,99p,£1.32 per 100g,,fresh
Cadbury Wispa Chocolate Mousse,Cadbury Wispa Chocolate Mousse4 x 45g,£1.85,£1.03 per 100g,Buy 2 for £3.50,fresh
Califia Farms Cold Brew Caramel Oat Coffee,Califia Farms Cold Brew Caramel Oat Coffee,£2.95,,,fresh
Califia Farms Mocha Cold Brew Coffee With Almond,Califia Farms Mocha Cold Brew Coffee With Almond750ml,£2.95,39.3p per 100ml,,fresh
Califia Farms Oat Barista Chilled,Califia Farms Oat Barista Chilled1L,£1.50,15p per 100ml,"Offer price £1.50, was £2",fresh
Califia Farms Oat Milk Barista Blend,Califia Farms Oat Milk Barista Blend1L,£2.09,£2.09 per litre,,fresh
Campina Minions Cheese Bites ,Campina Minions Cheese Bites 5 x 20g,£1.60,£16.00 per kg,,fresh
Capricorn Goats Cheese ,Capricorn Goats Cheese 100g,£2,£20.00 per kg,,fresh
Castello Creamy Blue ,Castello Creamy Blue 150g,£2.50,£16.67 per kg,"Offer price £2.50, was £2.79",fresh
Castello Danish Blue,Castello Danish Blue150g,£2.50,£16.67 per kg,"Offer price £2.50, was £2.79",fresh
Castello Extra Creamy Brie ,Castello Extra Creamy Brie 200g,£2.50,£12.50 per kg,"Offer price £2.50, was £2.79",fresh
Castello Taste Hawaii Pineapple & Almond Cream Cheese Ring,Castello Taste Hawaii Pineapple &...125g,£1.75,£14.00 per kg,"Offer price £1.75, was £2.29",fresh
Castle Maclellan Oven Roasted Mushroom Pate,Castle Maclellan Oven Roasted Mushroom Pate100g,£1.75,£1.75 per 100g,,fresh
Castle Maclellan Smoked Salmon Pate,Castle Maclellan Smoked Salmon Pate100g,£1.75,£1.75 per 100g,,fresh
Cathedral City 6 Slices Lighter Cheese,Cathedral City 6 Slices Lighter Cheese150g,£2.39,£15.93 per kg,Buy 2 for £4,fresh
Cathedral City 6 Slices Mature Cheese,Cathedral City 6 Slices Mature Cheese150g,£2.39,£15.93 per kg,Buy 2 for £4,fresh
Cathedral City Dairy Free,Cathedral City Dairy Free280g,£3.59,£1.28 per 100g,,fresh
Cathedral City Dairy Free Grated,Cathedral City Dairy Free Grated150g,£2.49,£1.66 per 100g,,fresh
Cathedral City Dairy Free Sliced,Cathedral City Dairy Free Sliced150g,£2.49,£1.66 per 100g,,fresh
Cathedral City Extra Mature Cheese,Cathedral City Extra Mature Cheese350g,£3.99,£11.40 per kg,,fresh
Cathedral City Extra Mature Cheese,Cathedral City Extra Mature Cheese550g,£4.50,£8.18 per kg,,fresh
Cathedral City Grated Lighter Cheese,Cathedral City Grated Lighter Cheese180g,£2.39,£13.28 per kg,Buy 2 for £4,fresh
Cathedral City Grated Mature Cheese,Cathedral City Grated Mature Cheese180g,£2.39,£13.28 per kg,Buy 2 for £4,fresh
Cathedral City Kids Snack Nibbles Mild Lighter Cheese,Cathedral City Kids Snack Nib...5 x 16g,£1.99,£24.88 per kg,,fresh
Cathedral City Lactose Free Mature Cheddar Cheese ,Cathedral City Lactose Free...200g,£2.25,£11.25 per kg,"Offer price £2.25, was £2.65",fresh
Cathedral City Lighter Cheese,Cathedral City Lighter Cheese550g,£4.50,£8.18 per kg,,fresh
Cathedral City Lighter Extra Mature,Cathedral City Lighter Extra Mature350g,£3.99,£1.14 per 100g,,fresh
Cathedral City Lighter Mature Cheese,Cathedral City Lighter Mature Cheese350g,£3.99,£11.40 per kg,,fresh
Cathedral City Mature Cheese,Cathedral City Mature Cheese350g,£3.99,£11.40 per kg,,fresh
Cathedral City Mature Cheese,Cathedral City Mature Cheese550g,£4.50,£8.18 per kg,,fresh
Cathedral City Mild Cheese,Cathedral City Mild Cheese350g,£3.99,£11.40 per kg,,fresh
Cathedral City Mini Mature Cheeses,Cathedral City Mini Mature Cheeses6 x 20g,£1.99,£16.58 per kg,,fresh
Cathedral City Minis Lighter Cheeses,Cathedral City Minis Lighter Cheeses6 x 20g,£1.99,£16.58 per kg,,fresh
Cathedral City Vintage Cheese,Cathedral City Vintage Cheese300g,£3.99,£13.30 per kg,,fresh
Cauldron Falafel Bites With Harissa Centre ,Cauldron Falafel Bites With Harissa Centre 300g,£3.75,£12.50 per kg,,fresh
Cauldron Vegan Lincolnshire Sausages,Cauldron Vegan Lincolnshire Sausages276g,£2.75,99.6p per 100g,,fresh
Cauldron Vegan Middle Eastern Falafels,Cauldron Vegan Middle Eastern Falafels200g,£2.49,£12.45 per kg,,fresh
Cauldron Vegan Organic Marinated Tofu,Cauldron Vegan Organic Marinated Tofu160g,£2.75,£17.19 per kg,,fresh
Cauldron Vegan Organic Tofu,Cauldron Vegan Organic Tofu396g,£2.75,£6.94 per kg,,fresh
Cawston Press Terrific Tomato,Cawston Press Terrific Tomato1L,£2.90,£2.90 per litre,,fresh
Charlie Bigham's Chicken Jalfrezi & Pilau Rice,Charlie Bigham's Chicken Jalfrezi & Pilau Rice845g,£9.49,£1.12 per 100g,,fresh
Charlie Bighams Chicken Tikka Masala,Charlie Bighams Chicken Tikka Masala805g,£9.49,£1.18 per 100g,,fresh
Charlie Bigham's Chilli Con Carne & Mexican Rice,Charlie Bigham's Chilli Con Carne & Mexican Rice840g,£9.49,£11.30 per kg,,fresh
Charlie Bighams Fish Pie,Charlie Bighams Fish Pie340g,£5.99,£1.76 per 100g,,fresh
Charlie Bigham's Fish Pie,Charlie Bigham's Fish Pie655g,£9.49,£1.45 per 100g,,fresh
Charlie Bighams Lasagne,Charlie Bighams Lasagne355g,£5.99,£1.69 per 100g,,fresh
Charlie Bighams Lasagne,Charlie Bighams Lasagne690g,£8.95,£1.30 per 100g,,fresh
Charlie Bighams Macaroni Cheese,Charlie Bighams Macaroni Cheese340g,£5.99,£1.76 per 100g,,fresh
Charlie Bigham's Macaroni Cheese,Charlie Bigham's Macaroni Cheese670g,£9.49,£1.42 per 100g,,fresh
Charlie Bigham's Meatballs Al Forno,Charlie Bigham's Meatballs Al Forno650g,£9.49,£14.60 per kg,,fresh
Charlie Bigham's Spanish Chicken & Potato,Charlie Bigham's Spanish Chicken & Potato775g,£9.49,£1.22 per 100g,,fresh
Charlie Bigham's Thai Green Chicken Curry with Rice,Charlie Bigham's Thai Green C...805g,£9.49,£1.18 per 100g,,fresh
Charlie Bighams Thai Red Chicken Curry,Charlie Bighams Thai Red Chicken Curry835g,£9.49,£1.14 per 100g,,fresh
Chocomel ,Chocomel 250ml,£1.70,£6.80 per litre,,fresh
Chocomel Chocolate Milk ,Chocomel Chocolate Milk 1L,£2.25,£2.25 per litre,"Offer price £2.25, was £2.99",fresh
Chovi Allioli Garlic Dip,Chovi Allioli Garlic Dip180ml,£1.50,83.3p per 100ml,,fresh
Chuckle Large Free Range Eggs For Farmers,Chuckle Large Free Range Eggs For Farmers12 per pack,£2.99,24.9p each,,fresh
Clarence Court Assorted Cotswold Legbar Eggs 6 pack,Clarence Court Assorted Cotsw...6 per pack,£2.69,44.8p each,,fresh
Clarence Court Braddock Whites Free Range Duck Eggs 6 pack,Clarence Court Braddock Whites Fr...6 per pack,£3,50p each,,fresh
Clarence Court Burford Browns Free range Eggs 10 pack ,Clarence Court Burford Browns F...10 per pack,£4.50,45p each,,fresh
Clarence Court Burford Browns Large Free Range Eggs 6 pack,Clarence Court Burford Browns Lar...6 per pack,£3.50,58.3p each,,fresh
Clover Light Spread,Clover Light Spread500g,£1.80,£3.60 per kg,"Offer price £1.80, was £2.39",fresh
Clover Spread,Clover Spread500g,£1.80,£3.60 per kg,"Offer price £1.80, was £2.39",fresh
Clover Spread,Clover Spread1kg,£3.99,£3.99 per kg,,fresh
Coco Cabana Pure Coconut Water,Coco Cabana Pure Coconut Water1L,£2,20p per 100ml,,fresh
Collective Peach & Apricot Suckies Yogurt Pouches,Collective Peach & Apricot Suckies Yogurt Pouches6 x 90g,£3.89,72p per 100g,,fresh
Copella Apple & Elderflower Juice ,Copella Apple & Elderflower Juice 1.35L,£3.75,27.8p per 100ml,,fresh
Copella Cloudy Apple Juice,Copella Cloudy Apple Juice1.35L,£3.75,27.8p per 100ml,,fresh
Country Life British  Lighter Spreadable,Country Life British  Lighter Spreadable500g,£3.49,£6.98 per kg,,fresh
Country Life British Salted Butter,Country Life British Salted Butter250g,£2,£8.00 per kg,,fresh
Country Life British Spreadable,Country Life British Spreadable500g,£3.49,£6.98 per kg,,fresh
Country Life British Spreadable ,Country Life British Spreadable 750g,£4.99,£6.65 per kg,,fresh
Country Life Unsalted British Butter,Country Life Unsalted British Butter250g,£2,£8.00 per kg,"Offer price £2, was £2.49",fresh
Covent Garden Carrot And Coriander,Covent Garden Carrot And Coriander560g,£2.20,39.3p per 100g,,fresh
Covent Garden Clas/Chicken,Covent Garden Clas/Chicken560g,£2.20,39.3p per 100g,,fresh
Covent Garden Lentil And Bacon,Covent Garden Lentil And Bacon560g,£2.20,39.3p per 100g,,fresh
Covent Garden Potato & Leek Soup,Covent Garden Potato & Leek Soup560g,£2.20,£3.93 per kg,,fresh
Covent Garden Spinach  & Butternut Squash Soup,Covent Garden Spinach  & Butternut Squash Soup560g,£2.20,£3.93 per kg,,fresh
Covent Garden Tomato And Basil Soup,Covent Garden Tomato And Basil Soup560g,£2.20,39.3p per 100g,,fresh
Covent Garden Vegetable ,Covent Garden Vegetable 560g,£2.20,39.3p per 100g,,fresh
Cravendale Semi Skimmed Milk,Cravendale Semi Skimmed Milk2L,£2.69,£1.35 per litre,Buy 2 for £4,fresh
Cravendale Semi Skimmed Milk,Cravendale Semi Skimmed Milk1L,£1.99,£1.99 per litre,,fresh
Cravendale Skimmed Milk,Cravendale Skimmed Milk2L,£2.69,£1.35 per litre,Buy 2 for £4,fresh
Cravendale Whole Milk,Cravendale Whole Milk2L,£2.69,£1.35 per litre,Buy 2 for £4,fresh
Cravendale Whole Milk,Cravendale Whole Milk1L,£1.99,£1.99 per litre,,fresh
Crisp 'N' Dry Solid White Vegetable  Oil,Crisp 'N' Dry Solid White Vegetable  Oil250g,£1.39,£5.56 per kg,,fresh
Crosta & Mollica Buffalo Mozzarella & Tomato Mini Pizza,Crosta & Mollica Buffalo Mozzar...154g,£2.30,£14.94 per kg,,fresh
Crosta & Mollica Ready To Top Pizza Base With Tomato Sauce,Crosta & Mollica Ready To Top Piz...270g,£2.35,£8.70 per kg,,fresh
Crosta & Mollica Spianata Salami  Tomato & Mozzarella Mini Pizza,Crosta & Mollica Spianata Salami  Tom...160g,£2.30,£14.38 per kg,,fresh
Crusha Strawberry No Added Sugar Milkshake Mix,Crusha Strawberry No Adde...500ml,£1.79,35.8p per 100ml,,fresh
Cully & Sully Chicken And Vegetable Soup ,Cully & Sully Chicken And Vegetable Soup 400g,£1.99,49.8p per 100g,,fresh
Cully & Sully Creamy Tomato & Basil Soup ,Cully & Sully Creamy Tomato & Basil Soup 400g,£1.99,49.8p per 100g,,fresh
Cully & Sully Smoked Salmon & Haddock Chowder,Cully & Sully Smoked Salm...400g,£1.99,49.8p per 100g,,fresh
Cypriot Halloumi,Cypriot Halloumi200g,£2.69,£1.35 per 100g,,fresh
Daim Cheesecakes,Daim Cheesecakes2 x 85g,£3.30,£1.94 per 100g,,fresh
Dairylea Cheese 16 Triangles,Dairylea Cheese 16 Triangles250g,£2.69,£10.76 per kg,,fresh
Dairylea Cheese 8 Triangles ,Dairylea Cheese 8 Triangles 125g,£1.25,£10.00 per kg,"Offer price £1.25, was £1.65",fresh
Dairylea Cheese Spread,Dairylea Cheese Spread270g,£2.15,£7.96 per kg,,fresh
Dairylea Dunkers Bbq Cheese Snack,Dairylea Dunkers Bbq Cheese Snack4 x 41g,£1.75,£10.67 per kg,,fresh
Dairylea Dunkers Breadsticks Cheese Snack,Dairylea Dunkers Breadsticks Cheese Snack4 x 43g,£1.75,£10.17 per kg,,fresh
Dairylea Dunkers Jumbo Tubes Cheese Snack,Dairylea Dunkers Jumbo Tubes Cheese Snack4 x 41g,£1.75,£10.67 per kg,,fresh
Dairylea Dunkers Jumbo Tubes Cheese Snack,Dairylea Dunkers Jumbo Tubes Cheese Snack6 x 41g,£3.29,£13.37 per kg,,fresh
Dairylea Dunkers Nachos Cheese Snack,Dairylea Dunkers Nachos Cheese Snack4 x 43g,£1.75,£10.17 per kg,,fresh
Dairylea Dunkers Nachos Cheese Snack,Dairylea Dunkers Nachos Cheese Snack6 x 43g,£3.29,£12.75 per kg,,fresh
Dairylea Dunkers Ritz Cheese Snack,Dairylea Dunkers Ritz Cheese Snack4 x 43g,£1.75,£10.17 per kg,,fresh
Dairylea Dunkers Ritz Cheese Snack,Dairylea Dunkers Ritz Cheese Snack6 x 43g,£3.29,£12.75 per kg,,fresh
Dairylea Filled Crackers,Dairylea Filled Crackers5 x 19.28g,£2.29,£2.38 per 100g,,fresh
Dairylea Light Cheese 8 Triangles ,Dairylea Light Cheese 8 Triangles 125g,£1.25,£10.00 per kg,"Offer price £1.25, was £1.65",fresh
Dairylea Lunchables Chicken 'N' Cheese,Dairylea Lunchables Chicken 'N' Cheese68.3g,£1.25,£18.30 per kg,,fresh
Dairylea Lunchables Ham 'N' Cheese,Dairylea Lunchables Ham 'N' Cheese74.1g,£1.25,£16.87 per kg,,fresh
Dairylea Slices 18's Regular,Dairylea Slices 18's Regular369g,£2.79,75.6p per 100g,,fresh
Dairylea Slices 8's Light,Dairylea Slices 8's Light164g,£1.25,76.3p per 100g,"Offer price £1.25, was £1.49",fresh
Dairylea Slices 8's Regular,Dairylea Slices 8's Regular164g,£1.25,76.3p per 100g,"Offer price £1.25, was £1.49",fresh
Dairylea Snackers With Cadbury Dairy Milk Giant Buttons,Dairylea Snackers With Cadbury...64.2g,£1.25,£19.47 per kg,,fresh
Dairylea Snackers With Cadbury Mini Fingers,Dairylea Snackers With Cadbury Mini Fingers67.5g,£1.25,£18.52 per kg,,fresh
Dairylea Snackers With Mini Oreos,Dairylea Snackers With Mini Oreos66.1g,£1.25,£18.91 per kg,,fresh
Dairylea Spread Regular,Dairylea Spread Regular145g,£1.25,86.4p per 100g,"Offer price £1.25, was £1.65",fresh
Dairylea Strip Cheese ,Dairylea Strip Cheese 8 x 21g,£2.25,£13.39 per kg,,fresh
Davidstow Classic Cornish Mature Cheese,Davidstow Classic Cornish Mature Cheese350g,£3.75,£10.71 per kg,"Offer price £3.75, was £4.39",fresh
Davidstow Crackler Cornish Extra Mature Cheese,Davidstow Crackler Cornis...320g,£3.75,£11.72 per kg,"Offer price £3.75, was £4.39",fresh
Delamere Dairy Sterilised Semi Skimmed Milk,Delamere Dairy Sterilised Semi Skimmed Milk1L,£1.19,£1.19 per litre,,fresh
Delamere Dairy Sterilised Skimmed Milk,Delamere Dairy Sterilised Skimmed Milk1L,£1.19,£1.19 per litre,,fresh
Delamere Dairy Sterilised Whole Milk,Delamere Dairy Sterilised Whole Milk1L,£1.19,£1.19 per litre,,fresh
Delamere Goats Butter,Delamere Goats Butter250g,£2,£8.00 per kg,,fresh
Delamere Plain Goat's Yogurt,Delamere Plain Goat's Yogurt450g,£2,44.4p per 100g,,fresh
Deli Italia Ricotta & Spinach Tortelloni Gluten Free,Deli Italia Ricotta & Spinach...250g,£3.90,£15.60 per kg,,fresh
Del Monte Mango Chunks,Del Monte Mango Chunks90g,£1.25,£1.39 per 100g,Food To Go Meal Deal for £3.50,fresh
Del Monte Melon & Grape,Del Monte Melon & Grape110g,£1.25,£1.14 per 100g,Food To Go Meal Deal for £3.50,fresh
Del Monte Pineapple Chunks,Del Monte Pineapple Chunks110g,£1.25,£1.14 per 100g,Food To Go Meal Deal for £3.50,fresh
Dessert Company Chocolate Eclairs,Dessert Company Chocolate Eclairs2 per pack,£2,£1.00 each,,fresh
Dessert Company Strawberry Eclairs,Dessert Company Strawberry Eclairs2 per pack,£2,£1.00 each,,fresh
Dickinson & Morris Mini 4 Pork Pies ,Dickinson & Morris Mini 4 Pork Pies 200g,£2.99,£1.50 per 100g,,fresh
Diet Coke,Diet Coke330ml,95p,28.8p per 100ml,Food To Go Meal Deal for £3.50,fresh
Don Simon Lemon & Raspberry Juice Drink,Don Simon Lemon & Raspberry Juice Drink1.5L,£1.25,8.3p per 100ml,,fresh
Don Simon Mango & Passion Fruit,Don Simon Mango & Passion Fruit1.5L,£1.25,83.3p per litre,,fresh
Don Simon Pineapple & Coconut,Don Simon Pineapple & Coconut1.5L,£1.25,83.3p per litre,,fresh
Dragonfly Marinated Organic Tofu,Dragonfly Marinated Organic Tofu200g,£2.50,£1.25 per 100g,,fresh
Dragonfly Super Firm Fresh Organic Tofu,Dragonfly Super Firm Fresh Organic Tofu300g,£1.25,41.7p per 100g,"Offer price £1.25, was £2",fresh
Eatlean Cheese ,Eatlean Cheese 200g,£2.75,£13.75 per kg,,fresh
Eatlean Grated Cheese ,Eatlean Grated Cheese 180g,£2,£11.11 per kg,,fresh
Elmlea Double Alternative To Cream,Elmlea Double Alternative To Cream270ml,£1.25,46.3p per 100ml,"Offer price £1.25, was £1.65",fresh
Elmlea Double Light Alternative To Cream,Elmlea Double Light Alternative To Cream270ml,£1.25,46.3p per 100ml,"Offer price £1.25, was £1.65",fresh
Elmlea Plant Alternative To Dairy Cream Double,Elmlea Plant Alternative To Dairy Cream Double250ml,£1.49,59.6p per 100ml,,fresh
Elmlea Single Alternative To Cream,Elmlea Single Alternative To Cream270ml,£1.25,46.3p per 100ml,"Offer price £1.25, was £1.65",fresh
Elmlea Single Light Alternative To Cream,Elmlea Single Light Alternative To Cream270ml,£1.25,46.3p per 100ml,"Offer price £1.25, was £1.65",fresh
Elpozo Chorizo ,Elpozo Chorizo 70g,£1.25,£1.79 per 100g,,fresh
Elpozo Chorizo Ring,Elpozo Chorizo Ring200g,£2.99,£1.50 per 100g,,fresh
Elpozo Continental Meat Platter,Elpozo Continental Meat Platter240g,£4,£1.67 per 100g,,fresh
Elpozo Iberico Selection,Elpozo Iberico Selection75g,£2.50,£3.33 per 100g,,fresh
Elpozo Spanish Selection,Elpozo Spanish Selection100g,£2.25,£2.25 per 100g,,fresh
Elpozo Spanish Tapas Platter With Cheese,Elpozo Spanish Tapas Platter With Cheese160g,£3.50,£2.19 per 100g,,fresh
Elpozo Spicy Chorizo Ring,Elpozo Spicy Chorizo Ring200g,£2.99,£1.50 per 100g,,fresh
Emmi Caffe Latte Cappuccino,Emmi Caffe Latte Cappuccino230ml,£1.25,£5.43 per litre,"Offer price £1.25, was £1.85",fresh
Emmi Caffe Latte Skinny,Emmi Caffe Latte Skinny230ml,£1.25,£5.43 per litre,"Offer price £1.25, was £1.85",fresh
English Cheesecake Company Lemon & Mascarpone Cheesecake,English Cheesecake Company Lemo...214g,£3.50,£1.64 per 100g,,fresh
English Cheesecake Company Lotus Biscoff Cheesecake,English Cheesecake Company Lo...214g,£3.50,£1.64 per 100g,,fresh
English Cheesecake Company Salted Caramel & Blondie Cheesecake,English Cheesecake Company Salted C...214g,£3.50,£1.64 per 100g,,fresh
Fage Fruits Mango & Passion Fruit Thick & Smooth Yoghurt,Fage Fruits Mango & Passion Fru...380g,£2.50,65.8p per 100g,,fresh
Fage Fruits Strawberry Thick & Smooth Yoghurt,Fage Fruits Strawberry Thick & Smooth Yoghurt380g,£2.50,65.8p per 100g,,fresh
Fage Total 0% Fat Split Pot Honey Strained Yoghurt ,Fage Total 0% Fat Split Pot H...150g,£1.35,90p per 100g,Buy 3 for £2.50,fresh
Fage Total 0% Fat Split Pot Strawberry Strained Yoghurt,Fage Total 0% Fat Split Pot Str...150g,£1.35,90p per 100g,Buy 3 for £2.50,fresh
Fage Total 0% Fat Strained Yoghurt,Fage Total 0% Fat Strained Yoghurt150g,£1.49,99.3p per 100g,,fresh
Fage Total 0% Fat Strained Yoghurt ,Fage Total 0% Fat Strained Yoghurt 450g,£3.49,77.6p per 100g,,fresh
Fage Total 0% Fat Strained Yoghurt,Fage Total 0% Fat Strained Yoghurt950g,£4.50,47.4p per 100g,"Offer price £4.50, was £5.49",fresh
Fage Total 5% Fat Strained Yoghurt ,Fage Total 5% Fat Strained Yoghurt 450g,£3.49,77.6p per 100g,,fresh
Fage Total 5% Fat Strained Yoghurt ,Fage Total 5% Fat Strained Yoghurt 950g,£4.50,47.4p per 100g,"Offer price £4.50, was £5.49",fresh
Flora 100% Natural Dairy Free Spread,Flora 100% Natural Dairy Free Spread1kg,£3.50,£3.50 per kg,,fresh
Flora 100% Natural Dairy Free Spread,Flora 100% Natural Dairy Free Spread450g,£2.25,£5.00 per kg,,fresh
Flora Buttery,Flora Buttery250g,£1,40p per 100g,"Offer price £1, was £1.50",fresh
Flora Buttery Spread,Flora Buttery Spread1kg,£3.50,£3.50 per kg,,fresh
Flora Buttery Spread,Flora Buttery Spread2kg,£5.50,£2.75 per kg,,fresh
Flora Buttery Spread,Flora Buttery Spread450g,£2.25,£5.00 per kg,,fresh
Flora Lighter,Flora Lighter250g,£1,£4.00 per kg,"Offer price £1, was £1.65",fresh
Flora Lighter Vegan Spread,Flora Lighter Vegan Spread1kg,£3.50,£3.50 per kg,,fresh
Flora Lighter Vegan Spread ,Flora Lighter Vegan Spread 450g,£2.25,£5.00 per kg,,fresh
Flora Plant B+tter Salted Vegan Alternative to Butter,Flora Plant B+tter Salted Veg...250g,£1,£4.00 per kg,"Offer price £1, was £1.99",fresh
Flora Plant B+tter Unsalted Vegan Alternative to Butter,Flora Plant B+tter Unsalted Veg...250g,£1,£4.00 per kg,"Offer price £1, was £1.99",fresh
Flora Plant Butter Spreadable Vegan Butter Alternative,Flora Plant Butter Spreadable V...450g,£2,44.5p per 100g,"Offer price £2, was £3.49",fresh
Flora ProActiv Buttery Spread,Flora ProActiv Buttery Spread450g,£3.50,£7.78 per kg,,fresh
Flora Proactiv Buttery Taste Spread,Flora Proactiv Buttery Taste Spread250g,£1.99,79.6p per 100g,,fresh
Flora ProActiv Light Spread,Flora ProActiv Light Spread250g,£1.99,£7.96 per kg,,fresh
Flora ProActiv Light Spread,Flora ProActiv Light Spread450g,£3.50,£7.78 per kg,,fresh
Flora Proactiv Milk    ,Flora Proactiv Milk    1L,£1.69,£1.69 per litre,,fresh
Flora ProActiv Olive Oil Spread,Flora ProActiv Olive Oil Spread450g,£3.50,£7.78 per kg,,fresh
For Goodness Shakes Chocolate Protein Drink,For Goodness Shakes Chocolate Protein Drink475ml,£2.29,£4.82 per litre,,fresh
For Goodness Shakes Chocolate Recovery Drink,For Goodness Shakes Chocolate Recovery Drink475ml,£2,£4.21 per litre,,fresh
For Goodness Shakes Salted Caramel Protein Shake ,For Goodness Shakes Salted...475ml,£2.29,£4.82 per litre,,fresh
For Goodness Shakes Strawberry Protein Drink,For Goodness Shakes Strawberry Protein Drink475ml,£2.29,£4.82 per litre,,fresh
Fridge Raider Hot & Spicy Multipack,Fridge Raider Hot & Spicy Multipack4 x 40g,£2.50,15.6p per 10g,,fresh
Fridge Raider Meat Free Slow Roast,Fridge Raider Meat Free Slow Roast45g,£1.25,£2.78 per 100g,Food To Go Meal Deal for £3.50,fresh
Fridge Raiders Slow Roast,Fridge Raiders Slow Roast70g,£1.25,£1.79 per 100g,,fresh
Fridge Raiders Slow Roasted Chicken Snack Bites,Fridge Raiders Slow Roast...6 x 22.5g,£2.25,£1.67 per 100g,"Offer price £2.25, was £2.79",fresh
Fridge Raiders Slow Roasted Chicken Snack Bites Grazing Pack,Fridge Raiders Slow Roasted Chicken...165g,£2.50,£1.52 per 100g,,fresh
Fridge Raiders Slow Roast Meal Deal,Fridge Raiders Slow Roast Meal Deal45g,£1,£2.22 per 100g,Food To Go Meal Deal for £3.50,fresh
Fridge Raiders Southern Style,Fridge Raiders Southern Style60g,£1,£1.67 per 100g,,fresh
Fridge Raiders Southern Style Chicken Snack Bites,Fridge Raiders Southern Style Chicken Snack Bites6 x 22.5g,£2.25,£1.67 per 100g,"Offer price £2.25, was £2.79",fresh
Fridge Raiders Southern Style Meal Deal,Fridge Raiders Southern Style Meal Deal45g,£1,£2.22 per 100g,Food To Go Meal Deal for £3.50,fresh
Frubes 9 X Strawberry Flavour,Frubes 9 X Strawberry Flavour9 x 37g,£1.50,45p per 100g,"Offer price £1.50, was £2.50",fresh
"Frubes Strawberry, Peach & Red Berry","Frubes Strawberry, Peach & Red Berry9 x 37g",£1.50,45p per 100g,"Offer price £1.50, was £2.50",fresh
Galaxy Smooth Milk Drink No Added Sugar,Galaxy Smooth Milk Drink No Added Sugar400ml,£1.50,£3.75 per litre,,fresh
Garden Gourmet  Sensational Mini Fillets,Garden Gourmet  Sensational Mini Fillets190g,£2.75,£1.45 per 100g,,fresh
Garden Gourmet Sensational Vegan Burger,Garden Gourmet Sensational Vegan Burger226g,£3,£13.27 per kg,,fresh
Garden Gourmet Sensational Vegan Cumberland Sausage,Garden Gourmet Sensational Ve...240g,£2.75,£11.46 per kg,,fresh
Geo Adams  Mini Scotch Eggs,Geo Adams  Mini Scotch Eggs12 x 216g,£2.39,9.2p per 100g,Buy 2 for £3.50,fresh
Geo Adams Scotch Eggs,Geo Adams Scotch Eggs4 x 452g,£2.99,16.5p per 100g,,fresh
Ginsters Cajun Chicken Bake,Ginsters Cajun Chicken Bake117g,£1.49,£1.27 per 100g,,fresh
Ginsters Cheddar & Onion Slice,Ginsters Cheddar & Onion Slice170g,£1.25,73.5p per 100g,"Offer price £1.25, was £1.70",fresh
Ginsters Chicken & Bacon Pasty,Ginsters Chicken & Bacon Pasty180g,£1.95,£1.08 per 100g,,fresh
Ginsters Chicken & Mushroom Slice,Ginsters Chicken & Mushroom Slice170g,£1.25,73.5p per 100g,"Offer price £1.25, was £1.99",fresh
Ginsters Chicken Tikka Slice ,Ginsters Chicken Tikka Slice 170g,£1.25,73.5p per 100g,"Offer price £1.25, was £1.99",fresh
Ginsters Large Sausage Roll,Ginsters Large Sausage Roll130g,£1.49,£1.15 per 100g,Buy 2 for £2,fresh
Ginsters Limited Edition Slice,Ginsters Limited Edition Slice170g,£1.85,£1.09 per 100g,,fresh
Ginsters Mac & Cheese Bake,Ginsters Mac & Cheese Bake117g,£1.49,£1.27 per 100g,,fresh
Ginsters Original Cornish Pasty   ,Ginsters Original Cornish Pasty   227g,£1.95,85.9p per 100g,,fresh
Ginsters Peppered Steak Slice,Ginsters Peppered Steak Slice170g,£1.25,73.5p per 100g,"Offer price £1.25, was £1.99",fresh
Ginsters Philly Cheese Steak Bake,Ginsters Philly Cheese Steak Bake117g,£1.49,£1.27 per 100g,,fresh
Ginsters Vegan Bombay Potato Pasty,Ginsters Vegan Bombay Potato Pasty180g,£1.95,£1.08 per 100g,,fresh
Glebe Farm Pureoaty Barista Style Oat Milk,Glebe Farm Pureoaty Barista Style Oat Milk1L,£1.50,£1.50 per litre,"Offer price £1.50, was £1.80",fresh
Glebe Farm Pureoaty Rich And Creamy Oat Milk,Glebe Farm Pureoaty Rich And Creamy Oat Milk1L,£1.50,£1.50 per litre,"Offer price £1.50, was £1.85",fresh
Glorious! Tomato & Red Pepper ,Glorious! Tomato & Red Pepper 560g,£2,35.8p per 100g,"Offer price £2, was £2.59",fresh
Glorious Sweet Potato & Coconut Daal ,Glorious Sweet Potato & Coconut Daal 560g,£2,35.8p per 100g,"Offer price £2, was £2.59",fresh
Glorious Thai Carrot Soup ,Glorious Thai Carrot Soup 560g,£2,35.8p per 100g,"Offer price £2, was £2.59",fresh
Glorious Tuscan Chicken Tomato & Grains Soup ,Glorious Tuscan Chicken Tomato & Grains Soup 560g,£2,35.8p per 100g,"Offer price £2, was £2.59",fresh
Godminster Mature Organic Cheddar,Godminster Mature Organic Cheddar200g,£3.25,£1.63 per 100g,,fresh
Godminster Mature Organic Cheddar With Black Pepper,Godminster Mature Organic Che...200g,£3.25,£1.63 per 100g,,fresh
Gosh! Mediterranean Falafel With Chickpeas & A Hint Of Basil,Gosh! Mediterranean Falafel With Ch...171g,£1.70,99.4p per 100g,,fresh
Gosh! Moroccan Spiced Falafel With Red Pepper & Apricot,Gosh! Moroccan Spiced Falafel W...171g,£1.70,99.4p per 100g,,fresh
Grahams Gold Smooth,Grahams Gold Smooth1L,£1.65,£1.65 per litre,,fresh
Grahams Natural Full Fat Cottage Cheese,Grahams Natural Full Fat Cottage Cheese300g,£1.60,53.3p per 100g,"Offer price £1.60, was £1.85",fresh
Grahams Quark ,Grahams Quark 250g,£1.09,£4.36 per kg,,fresh
Granarolo Burrata,Granarolo Burrata125g,£2.59,£2.07 per 100g,"Offer price £2.59, was £2.99",fresh
Granarolo Italian Mozzarella,Granarolo Italian Mozzarella125g,£1.49,£1.19 per 100g,,fresh
Granarolo Italian Mozzarella Maxi,Granarolo Italian Mozzarella Maxi250g,£2.79,£1.12 per 100g,,fresh
Granarolo Italian Mozzarella Mini,Granarolo Italian Mozzarella Mini125g,£1.49,£1.19 per 100g,,fresh
Gu Chocolate & Vanilla Cheesecake Vegan & Gluten Free,Gu Chocolate & Vanilla Cheese...2 x 82g,£2.50,£1.53 per 100g,"Offer price £2.50, was £4",fresh
Gu Dark Chocolate Mousses with Salted Caramel Desserts,Gu Dark Chocolate Mousses with...2 x 70g,£2.50,£1.78 per 100g,"Offer price £2.50, was £3.59",fresh
Gu Double Caramel Creme ,Gu Double Caramel Creme 2 x 82g,£2.50,£1.53 per 100g,"Offer price £2.50, was £3.75",fresh
Gu Double Chocolate & Vanilla Cheesecake Desserts,Gu Double Chocolate & Vanil...2 x 82g,£2.75,£1.68 per 100g,"Offer price £2.75, was £3.75",fresh
Gu Hot Chocolate Brownie Desserts,Gu Hot Chocolate Brownie Desserts2 x 78g,£2.50,£1.60 per 100g,"Offer price £2.50, was £3.75",fresh
Gu Hot Chocolate Melting Middle Desserts,Gu Hot Chocolate Melting Middle Desserts2 x 100g,£2.50,£1.25 per 100g,"Offer price £2.50, was £3.75",fresh
Gu Inspirations Brookies ,Gu Inspirations Brookies 2 x 80g,£3.75,£2.34 per 100g,Buy 2 for £5,fresh
Gu Inspirations Chocolate & Honeycomb Desserts,Gu Inspirations Chocolate & Honeycomb Desserts2 x 86.5g,£3.75,£2.17 per 100g,Buy 2 for £5,fresh
Gu Inspirations Cookies & Cream Desserts,Gu Inspirations Cookies & Cream Desserts2 x 85g,£3.75,£2.21 per 100g,Buy 2 for £5,fresh
Gu Inspirations Red Velvet Desserts,Gu Inspirations Red Velvet Desserts2 x 82g,£3.75,£2.29 per 100g,Buy 2 for £5,fresh
Gu Inspirations Salted Caramel Cookies & Cream,Gu Inspirations Salted Caramel Cookies & Cream2 x 85g,£3.75,£2.21 per 100g,Buy 2 for £5,fresh
Gu Milk Chocolate Mousses with Ganache Desserts,Gu Milk Chocolate Mousses...2 x 70g,£2.50,£1.78 per 100g,"Offer price £2.50, was £3.59",fresh
Gu Panna Cotta,Gu Panna Cotta2 x 90g,£2.50,£1.39 per 100g,"Offer price £2.50, was £3.75",fresh
Gu Peruvian Lime Cheesecake Desserts,Gu Peruvian Lime Cheesecake Desserts2 x 78g,£3.75,£2.40 per 100g,Buy 2 for £5,fresh
Gu Plant Zillionaire Cheesecake Dessert,Gu Plant Zillionaire Cheesecake Dessert,£3.95,,,fresh
Gu Salted Caramel Cheesecake Desserts,Gu Salted Caramel Cheesecake Desserts2 x 92g,£2.75,£1.50 per 100g,"Offer price £2.75, was £3.75",fresh
Gu Salted Caramel Cheesecake Vegan & Gluten Free,Gu Salted Caramel Cheesecak...2 x 83g,£2.50,£1.51 per 100g,"Offer price £2.50, was £4",fresh
Gu Spanish Lemon Cheesecake Desserts,Gu Spanish Lemon Cheesecake Desserts2 x 90g,£3.75,£2.08 per 100g,Buy 2 for £5,fresh
Gu Spanish Lemon Cheesecake Vegan & Gluten Free,Gu Spanish Lemon Cheeseca...2 x 92g,£2.50,£1.36 per 100g,"Offer price £2.50, was £3.85",fresh
Gu Sticky Toffee,Gu Sticky Toffee2 x 85g,£2.50,£1.47 per 100g,"Offer price £2.50, was £3.75",fresh
Gu Tiramisu ,Gu Tiramisu 2 x 85g,£3.75,£2.21 per 100g,Buy 2 for £5,fresh
Gu Zillionaires' Chocolate & Salted Caramel Cheesecake Desserts,Gu Zillionaires' Chocolate & Salted C...2 x 91.5g,£2.75,£1.50 per 100g,"Offer price £2.75, was £3.59",fresh
Happy Egg Co. Large Free Range Eggs 12 pack,Happy Egg Co. Large Free Range Eggs 12 pack12 per pack,£4.20,35p each,,fresh
Happy Egg Co. Large Free Range Eggs 6 pack,Happy Egg Co. Large Free Range Eggs 6 pack6 per pack,£2.75,45.8p each,,fresh
Happy Egg Co. Mixed Free Range Eggs 15 pack,Happy Egg Co. Mixed Free Range Eggs 15 pack15 per pack,£3.49,23.3p each,,fresh
Hazlemere Goose Fat Blend,Hazlemere Goose Fat Blend360ml,£3,83.3p per 100ml,,fresh
Herta Chicken Frankfurter 10 Pack,Herta Chicken Frankfurter 10 Pack350g,£2.59,74p per 100g,,fresh
Herta Classic Frankfurter 10 Pack,Herta Classic Frankfurter 10 Pack350g,£2.59,74p per 100g,,fresh
Highgrove Beef Dripping,Highgrove Beef Dripping250g,£1.10,44p per 100g,"Offer price £1.10, was £1.25",fresh
Highgrove Lard,Highgrove Lard200g,49p,24.5p per 100g,,fresh
Holy Cow! Amristsar Chole,Holy Cow! Amristsar Chole400g,£2.50,62.5p per 100g,"Offer price £2.50, was £2.99",fresh
Holy Cow! Delhi Tikka Masala,Holy Cow! Delhi Tikka Masala250g,£2.39,95.6p per 100g,,fresh
Holy Cow! Mangalore Malabar,Holy Cow! Mangalore Malabar250g,£2.39,95.6p per 100g,,fresh
Holy Cow! Punjabi Tarka Daal Kit,Holy Cow! Punjabi Tarka Daal Kit400g,£2.50,62.5p per 100g,"Offer price £2.50, was £2.99",fresh
Holy Moly Original Guacamole,Holy Moly Original Guacamole150g,£1.75,£1.17 per 100g,"Offer price £1.75, was £2.20",fresh
Holy Moly Smashed Avocado,Holy Moly Smashed Avocado150g,£1.75,£1.17 per 100g,"Offer price £1.75, was £2.20",fresh
I Can't Believe It's Not Butter Light Spread,I Can't Believe It's Not Butter Light Spread450g,£1.50,33.3p per 100g,,fresh
I Can't Believe It's Not Butter Original Spread,I Can't Believe It's Not Butter Original Spread900g,£2.80,31.1p per 100g,,fresh
I Can't Believe It's Not Butter Original Spread,I Can't Believe It's Not Butter Original Spread450g,£1.50,33.3p per 100g,,fresh
Ilchester Snacking Cheese Selection,Ilchester Snacking Cheese Selection230g,£3.69,£16.04 per kg,,fresh
Innocent Apple Juice,Innocent Apple Juice900ml,£1.75,19.4p per 100ml,"Offer price £1.75, was £2.99",fresh
Innocent Apple Juice,Innocent Apple Juice1.35L,£4.10,30.4p per 100ml,,fresh
Innocent Berry Set Go,Innocent Berry Set Go330ml,£2,60.6p per 100ml,Food To Go Meal Deal for £3.50,fresh
Innocent Blue Spark Super Smoothie ,Innocent Blue Spark Super Smoothie 750ml,£4.50,60p per 100ml,,fresh
Innocent Bolt From The Blue ,Innocent Bolt From The Blue 330ml,£2,60.6p per 100ml,Food To Go Meal Deal for £3.50,fresh
"Innocent Bubbles Lemon, Lime & Apple","Innocent Bubbles Lemon, Lime & Apple330ml",£1.55,47p per 100ml,Food To Go Meal Deal for £3.50,fresh
Innocent Bubbles Sparkling Apple & Berry ,Innocent Bubbles Sparkling Apple & Berry 330ml,£1.55,47p per 100ml,Food To Go Meal Deal for £3.50,fresh
Innocent Coconut Water,Innocent Coconut Water1L,£3,30p per 100ml,"Offer price £3, was £4.30",fresh
Innocent Energise Super Smoothie ,Innocent Energise Super Smoothie 750ml,£4.50,60p per 100ml,,fresh
Innocent Invigorate Super Smoothie ,Innocent Invigorate Super Smoothie 750ml,£4.50,60p per 100ml,,fresh
"Innocent Kids Smoothies Orange, Mango & Pineapple",Innocent Kids Smoothies Ora...10 x 150ml,£5,33.4p per 100ml,"Offer price £5, was £7",fresh
Innocent Mango & Passion Fruit Smoothie,Innocent Mango & Passion Fruit Smoothie750ml,£3.50,46.7p per 100ml,,fresh
Innocent Mango & Passionfruit Smoothie,Innocent Mango & Passionfruit Smoothie250ml,£2,80p per 100ml,,fresh
Innocent Orange Juice with Bits,Innocent Orange Juice with Bits900ml,£1.75,19.4p per 100ml,"Offer price £1.75, was £2.99",fresh
Innocent Orange Juice with Bits,Innocent Orange Juice with Bits1.35L,£4.10,30.4p per 100ml,,fresh
"Innocent plus apple, pear, cucumber juice","Innocent plus apple, pear, cucumber juice750ml",£3.80,50.7p per 100ml,,fresh
"Innocent plus guava, lime, apple juice","Innocent plus guava, lime, apple juice750ml",£3.80,50.7p per 100ml,,fresh
Innocent Plus Inner Winner Dragon Fruit & Lychee Juice,Innocent Plus Inner Winner Drag...750ml,£3.80,50.7p per 100ml,,fresh
"Innocent plus orange, carrot, mandarin juice","Innocent plus orange, carrot, mandarin juice750ml",£3.80,50.7p per 100ml,,fresh
"Innocent plus raspberry, cherry, goji juice","Innocent plus raspberry, cherry, goji juice750ml",£3.80,50.7p per 100ml,,fresh
Innocent Recharge Super Smoothie ,Innocent Recharge Super Smoothie 750ml,£4.50,60p per 100ml,,fresh
Innocent Smoothie Blueberries Peaches & Apples,Innocent Smoothie Blueber...750ml,£3.50,46.7p per 100ml,,fresh
"Innocent Smoothie Guava, Pineapples & Apples","Innocent Smoothie Guava, Pineapples & Apples750ml",£2,26.7p per 100ml,"Offer price £2, was £3.50",fresh
Innocent Smoothies Just For Kids Apple & Blackcurrant ,Innocent Smoothies Just For Kid...4 x 150ml,£3.60,60p per 100ml,,fresh
Innocent Smoothies Just For Kids Cherry & Strawberry ,Innocent Smoothies Just For K...4 x 150ml,£3.60,60p per 100ml,,fresh
"Innocent Smoothies Just For Kids Orange, Mango & Pineapple ",Innocent Smoothies Just For Kids...4 x 150ml,£3.60,60p per 100ml,,fresh
Innocent Smoothies Just For Kids Peach & Passion Fruit ,Innocent Smoothies Just For Kid...4 x 150ml,£3.60,60p per 100ml,,fresh
"Innocent Smoothies Just For Kids Pineapple, Apple & Carrot ",Innocent Smoothies Just For Kids...4 x 150ml,£3.60,60p per 100ml,,fresh
"Innocent Smoothies Kids Strawberry, Blackberry & Raspberry ",Innocent Smoothies Kids Strawberr...4 x 150ml,£3.60,60p per 100ml,,fresh
"Innocent Smoothies Strawberry, Blackberry & Raspberry ",Innocent Smoothies Strawberry...10 x 150ml,£5,33.4p per 100ml,"Offer price £5, was £7",fresh
"Innocent Smoothie Strawberries, Pineapples & Apples",Innocent Smoothie Strawberrie...750ml,£2,26.7p per 100ml,"Offer price £2, was £3.50",fresh
Innocent Smooth Orange Juice,Innocent Smooth Orange Juice900ml,£1.75,19.4p per 100ml,"Offer price £1.75, was £2.99",fresh
Innocent Smooth Orange Juice,Innocent Smooth Orange Juice1.35L,£4.10,30.4p per 100ml,,fresh
Innocent Strawberry & Banana Smoothie,Innocent Strawberry & Banana Smoothie750ml,£3.50,46.7p per 100ml,,fresh
Innocent Strawberry & Banana Smoothie ,Innocent Strawberry & Banana Smoothie 250ml,£2,80p per 100ml,Food To Go Meal Deal for £3.50,fresh
Innocent Summer Fruits Family Size Juice,Innocent Summer Fruits Family Size Juice1.35L,£4.10,30.4p per 100ml,,fresh
Innocent Super Smoothie Berry Light ,Innocent Super Smoothie Berry Light 750ml,£4.50,60p per 100ml,,fresh
Innocent Super Smoothie Berry Protein,Innocent Super Smoothie Berry Protein750ml,£4.50,60p per 100ml,,fresh
Innocent Super Smoothie Energise ,Innocent Super Smoothie Energise 300ml,£2.25,75p per 100ml,,fresh
Innocent Super Smoothie Mango Fandango ,Innocent Super Smoothie Mango Fandango 4 x 150ml,£3,50p per 100ml,"Offer price £3, was £4.10",fresh
Innocent Super Smoothie Strawberry Burst ,Innocent Super Smoothie Strawberry Burst 4 x 150ml,£3,50p per 100ml,"Offer price £3, was £4.10",fresh
Innocent Super Smoothie Tropical Defence,Innocent Super Smoothie Tropical Defence750ml,£4.50,60p per 100ml,,fresh
Innocent Super Smoothie Tropical Light ,Innocent Super Smoothie Tropical Light 750ml,£4.50,60p per 100ml,,fresh
innocent totally tropical smoothie,innocent totally tropical smoothie750ml,£3.50,46.7p per 100ml,,fresh
Innocent Tropical Juice,Innocent Tropical Juice1.35L,£4.10,30.4p per 100ml,,fresh
Innocent Twist Mango Passionfruit & Vanilla Juice,Innocent Twist Mango Passionfruit & Vanilla Juice750ml,£2.50,33.4p per 100ml,"Offer price £2.50, was £3.20",fresh
Innocent Twist Strawberry Watermelon & Mint Juice,Innocent Twist Strawberry Watermelon & Mint Juice750ml,£2.50,33.4p per 100ml,"Offer price £2.50, was £3.20",fresh
Isigny Ste Mere Petit Camembert ,Isigny Ste Mere Petit Camembert 150g,£2,£13.33 per kg,,fresh
Island Delight Chilli Beef Jamaican Pattie,Island Delight Chilli Beef Jamaican Pattie140g,99p,70.7p per 100g,,fresh
Island Delight Curried Lamb Jamaican Pattie ,Island Delight Curried Lamb Jamaican Pattie 140g,99p,70.7p per 100g,,fresh
Island Delight Jerk Chicken Pattie,Island Delight Jerk Chicken Pattie140g,99p,70.7p per 100g,,fresh
Island Delight Spicy Vegetable Jamaican Pattie,Island Delight Spicy Vegetable Jamaican Pattie140g,99p,70.7p per 100g,,fresh
Jack Link's  Original Beef Jerky     ,Jack Link's  Original Beef Jerky     25g,£1.25,£5.00 per 100g,"Offer price £1.25, was £1.69",fresh
Jack Link's Original Beef Jerky,Jack Link's Original Beef Jerky70g,£3.20,£45.71 per kg,,fresh
Jack Link's Original Biltong,Jack Link's Original Biltong25g,£1.25,£50.00 per kg,"Offer price £1.25, was £1.69",fresh
Jack Link's Original Biltong ,Jack Link's Original Biltong 70g,£3.20,£45.71 per kg,,fresh
Jack Link's Sweet & Hot Beef Jerky,Jack Link's Sweet & Hot Beef Jerky25g,£1.25,£50.00 per kg,"Offer price £1.25, was £1.69",fresh
Jack Link's Sweet & Hot Beef Jerky,Jack Link's Sweet & Hot Beef Jerky70g,£3.20,£45.71 per kg,,fresh
Jack Link's Teriyaki Beef Jerky,Jack Link's Teriyaki Beef Jerky25g,£1.25,£50.00 per kg,"Offer price £1.25, was £1.69",fresh
James White British Carrot Classic Vegetable Juice ,James White British Carrot Classic Vegetable Juice 1L,£2.75,27.5p per 100ml,,fresh
Jimmy's Iced Coffee Original,Jimmy's Iced Coffee Original250ml,£1,40p per 100ml,"Offer price £1, was £1.70",fresh
John West Fridge Pot No Drain Tuna Steak in Brine,John West Fridge Pot No Drain Tuna Steak in Brine110g,£1.79,£1.63 per 100g,,fresh
John West Fridge Pot No Drain Tuna Steak In Brine ,John West Fridge Pot No Drain Tuna Steak In Brine 3 x 110g,£4,£1.21 per 100g,,fresh
John West Fridge Pot No Drain Tuna Steak In Spring Water,John West Fridge Pot No Drain T...3 x 110g,£4,£1.21 per 100g,,fresh
John West Fridge Pot No Drain Tuna Steak In Sunflower Oil,John West Fridge Pot No Drain Tun...3 x 110g,£4,£1.21 per 100g,,fresh
John West Fridge Pot Tuna Steak with a little Sunflower Oil,John West Fridge Pot Tuna Steak w...110g,£1.79,£1.63 per 100g,,fresh
John West Light Lunch Italian Style Tuna Salad,John West Light Lunch Italian Style Tuna Salad220g,£2,91.1p per 100g,"Offer price £2, was £3.25",fresh
John West Light Lunch Mexican Style Tuna Salad,John West Light Lunch Mexican Style Tuna Salad220g,£2,91.1p per 100g,"Offer price £2, was £3.25",fresh
John West Light Lunch Mild Curry Tuna Rice Salad ,John West Light Lunch Mild...220g,£2,91.1p per 100g,"Offer price £2, was £3.25",fresh
John West On The Go Basil Super Tuna Salad,John West On The Go Basil Super Tuna Salad220g,£3.25,£1.48 per 100g,,fresh
John West On The Go Harissa Super Tuna Salad ,John West On The Go Harissa Super Tuna Salad 220g,£3.25,£1.48 per 100g,,fresh
John West On The Go Honey & Ginger Super Tuna Salad ,John West On The Go Honey & G...220g,£3.25,£1.48 per 100g,,fresh
John West On The Go Indian Super Tuna Salad,John West On The Go Indian Super Tuna Salad220g,£3.25,£1.48 per 100g,,fresh
John West On The Go Mediterranean Tuna Couscous Pot,John West On The Go Mediterra...220g,£1.99,90.5p per 100g,,fresh
John West On The Go Moroccan Tuna Bulgar Wheat Salad,John West On The Go Moroccan...220g,£3.25,£1.48 per 100g,,fresh
John West On The Go Tuna Indian Rice Pot Biryani Curry,John West On The Go Tuna Indian...120g,£1.99,£1.66 per 100g,,fresh
John West On The Go Tuna Italian Pasta Tomato & Herb,John West On The Go Tuna Ital...120g,£1.99,£1.66 per 100g,,fresh
John West On The Go Tuna Thai Noodle Pot Green Curry,John West On The Go Tuna Thai...120g,£1.99,£1.66 per 100g,,fresh
John West Tuna Light Lunch French Style,John West Tuna Light Lunch French Style220g,£2,91.1p per 100g,"Offer price £2, was £3.25",fresh
John West Tuna Light Lunch Mediterranean,John West Tuna Light Lunch Mediterranean220g,£2,91.1p per 100g,"Offer price £2, was £3.25",fresh
Jord Organic Oat Vanilla Drink,Jord Organic Oat Vanilla Drink1L,£1.89,18.9p per 100ml,,fresh
Juiceburst Apple ,Juiceburst Apple 500ml,£1.65,33p per 100ml,Buy 2 for £2.50,fresh
Juiceburst Orange ,Juiceburst Orange 500ml,£1.65,33p per 100ml,Buy 2 for £2.50,fresh
Jus-Rol 6 Cinnamon Swirls Dough x6,Jus-Rol 6 Cinnamon Swirls Dough x6270g,£2.29,£8.48 per kg,Buy 2 for £3.50,fresh
Jus-Rol Gluten Free Puff Pastry Ready Rolled Sheet,Jus-Rol Gluten Free Puff Pastry Ready Rolled Sheet280g,£2.25,£8.04 per kg,,fresh
Jus-Rol Puff Pastry Block,Jus-Rol Puff Pastry Block500g,£1.59,£3.18 per kg,,fresh
Jus Rol Croissants Dough x6,Jus Rol Croissants Dough x6350g,£2.29,£6.54 per kg,Buy 2 for £3.50,fresh
Jus Rol Puff Pastry Ready Rolled Sheet,Jus Rol Puff Pastry Ready Rolled Sheet320g,£1.25,£3.91 per kg,"Offer price £1.25, was £1.75",fresh
Jus Rol Shortcrust Pastry Block,Jus Rol Shortcrust Pastry Block500g,£1.59,£3.18 per kg,,fresh
Jus Rol Shortcrust Pastry Ready Rolled Sheet,Jus Rol Shortcrust Pastry Ready Rolled Sheet320g,£1.25,£3.91 per kg,"Offer price £1.25, was £1.75",fresh
Just Add Slow Cook Classic Ale Sauce,Just Add Slow Cook Classic Ale Sauce360g,£1.99,55.3p per 100g,Just Add - Buy Meat & Slow Cooker Sauce for £6,fresh
Just Add Slow Cook Italian Ragu Sauce,Just Add Slow Cook Italian Ragu Sauce360g,£1.99,55.3p per 100g,Just Add - Buy Meat & Slow Cooker Sauce for £6,fresh
Kerrygold Irish Butter,Kerrygold Irish Butter250g,£2.39,£9.56 per kg,,fresh
Kerrymaid Garlic Spreadable Butter,Kerrymaid Garlic Spreadable Butter4 x 20g,99p,£12.38 per kg,,fresh
Koko Dairy Free Greek Style Yogurt,Koko Dairy Free Greek Style Yogurt450g,£2,44.4p per 100g,,fresh
Koko Fresh Original Plus Calcium Milk Alternative,Koko Fresh Original Plus Calcium Milk Alternative1L,£1.45,£1.45 per litre,"Offer price £1.45, was £1.85",fresh
Koko Long Life Dairy Free Unsweetened ,Koko Long Life Dairy Free Unsweetened 1L,£1.79,£1.79 per litre,,fresh
Koko Long Life Original Plus Calcium Milk Alternative,Koko Long Life Original Plus...1L,£1.79,£1.79 per litre,,fresh
Krakus Krakowska,Krakus Krakowska320g,£4.30,£1.34 per 100g,"Offer price £4.30, was £5",fresh
Krakus Zywiecka Polish Cooked And Dried Pork Sausage,Krakus Zywiecka Polish Cooked...286g,£3,£1.05 per 100g,,fresh
Lactofree Fresh Semi Skimmed,Lactofree Fresh Semi Skimmed1L,£1.50,£1.50 per litre,"Offer price £1.50, was £1.99",fresh
Lactofree Fresh Skimmed Milk,Lactofree Fresh Skimmed Milk1L,£1.50,£1.50 per litre,"Offer price £1.50, was £1.99",fresh
Lactofree Fresh Whole,Lactofree Fresh Whole1L,£1.50,£1.50 per litre,"Offer price £1.50, was £1.99",fresh
Lactofree Long Life Semi Skimmed Milk,Lactofree Long Life Semi Skimmed Milk1L,£1.90,£1.90 per litre,,fresh
Lactofree Mature Cheddar,Lactofree Mature Cheddar200g,£2.49,£12.45 per kg,,fresh
Lactofree        Spreadable       ,Lactofree        Spreadable       250g,£2.25,£9.00 per kg,,fresh
La Famiglia Rana Aubergine Parmigiana Tortelloni ,La Famiglia Rana Aubergine...250g,£2,£8.00 per kg,"Offer price £2, was £2.99",fresh
La Famiglia Rana Beef Lasagne Serves 2 Kit ,La Famiglia Rana Beef Lasagne Serves 2 Kit 700g,£6.99,99.9p per 100g,,fresh
La Famiglia Rana Bolognese Tortelloni,La Famiglia Rana Bolognese Tortelloni250g,£2,80p per 100g,,fresh
La Famiglia Rana Chicken & Pancetta Tortelloni ,La Famiglia Rana Chicken & Pancetta Tortelloni 250g,£2,£8.00 per kg,"Offer price £2, was £2.99",fresh
La Famiglia Rana Classic Italian Recipe Kit Tagliatelle Bolognese ,La Famiglia Rana Classic Italian Recipe...408g,£3.99,£9.78 per kg,,fresh
La Famiglia Rana Classic Italian Recipe Kit Tagliatelle Carbonara ,La Famiglia Rana Classic Italian Recipe...408g,£3.99,£9.78 per kg,,fresh
La Famiglia Rana Mushroom & Mascarpone Tortelloni ,La Famiglia Rana Mushroom &...250g,£2,£8.00 per kg,"Offer price £2, was £2.99",fresh
La Famiglia Rana Mushroom Linguine ,La Famiglia Rana Mushroom Linguine 407g,£3.99,98p per 100g,,fresh
La Famiglia Rana Mushroom Risotto Kit,La Famiglia Rana Mushroom Risotto Kit,£3.99,,,fresh
La Famiglia Rana Prosciutto & Mozzarella Tortelloni ,La Famiglia Rana Prosciutto &...250g,£2,£8.00 per kg,"Offer price £2, was £2.99",fresh
La Famiglia Rana Spinach & Ricotta Tortelloni ,La Famiglia Rana Spinach & Ricotta Tortelloni 250g,£2,£8.00 per kg,"Offer price £2, was £2.99",fresh
Lake District 8 Mature Cheddar Slices,Lake District 8 Mature Cheddar Slices160g,£2.25,£14.06 per kg,,fresh
Lake District Extra Mature Cheddar,Lake District Extra Mature Cheddar830g,£5,£6.02 per kg,,fresh
Lake District Extra Mature Cheese,Lake District Extra Mature Cheese350g,£3.75,£10.71 per kg,,fresh
Lake District Mature Cheddar,Lake District Mature Cheddar830g,£5,£6.02 per kg,,fresh
Lake District Mature Cheese,Lake District Mature Cheese350g,£3.75,£10.71 per kg,,fresh
Lancashire Farm Fat Free Natural Yogurt,Lancashire Farm Fat Free Natural Yogurt1kg,£2.15,21.5p per 100g,,fresh
Lancashire Farm Greek Style Natural Yogurt ,Lancashire Farm Greek Style Natural Yogurt 1kg,£2.50,25p per 100g,"Offer price £2.50, was £2.75",fresh
Lancashire Farm Natural Bio Yogurt,Lancashire Farm Natural Bio Yogurt1kg,£2.15,21.5p per 100g,,fresh
Landana Extra Mature Gouda ,Landana Extra Mature Gouda 180g,£3.75,£2.08 per 100g,,fresh
Leerdammer Light Cheese 8 Slices,Leerdammer Light Cheese 8 Slices160g,£2.35,£14.69 per kg,,fresh
Leerdammer Original Cheese 8 Slices,Leerdammer Original Cheese 8 Slices160g,£2.35,£14.69 per kg,,fresh
Light & Free Blueberry Yogurt,Light & Free Blueberry Yogurt4 x 115g,£1.75,38p per 100g,,fresh
Light & Free Cherry Yogurt,Light & Free Cherry Yogurt4 x 115g,£1.75,38p per 100g,,fresh
Light & Free Greek Style Millionaire Shortbread Flavour Yogurt,Light & Free Greek Style Millionair...4 x 115g,£2.29,49.8p per 100g,,fresh
Light & Free Greek Style Yogurt White Chocolate Flavour,Light & Free Greek Style Yogurt...4 x 115g,£1.75,38p per 100g,,fresh
Light & Free Peach & Passion fruit Yogurt ,Light & Free Peach & Passion fruit Yogurt 4 x 115g,£1.75,38p per 100g,,fresh
Light & Free Strawberry Yogurt,Light & Free Strawberry Yogurt4 x 115g,£1.75,38p per 100g,,fresh
Lindahls Kvarg Coconut,Lindahls Kvarg Coconut150g,£1.25,83.3p per 100g,Buy 3 for £2.50,fresh
Lindahls Kvarg Peach And Passion Fruit,Lindahls Kvarg Peach And Passion Fruit150g,£1.25,83.3p per 100g,Buy 3 for £2.50,fresh
Lindahls Kvarg Raspberry,Lindahls Kvarg Raspberry150g,£1.25,83.3p per 100g,Buy 3 for £2.50,fresh
Lindahls Kvarg Vanilla,Lindahls Kvarg Vanilla150g,£1.25,83.3p per 100g,Buy 3 for £2.50,fresh
Lindahls Kvarg White Chocolate,Lindahls Kvarg White Chocolate150g,£1.25,83.3p per 100g,Buy 3 for £2.50,fresh
Lindahls Pro+ Banoffee Pie,Lindahls Pro+ Banoffee Pie150g,£1.25,83.3p per 100g,Buy 3 for £2.50,fresh
Lindahls Pro+ Kvarg Lemon Cheesecake ,Lindahls Pro+ Kvarg Lemon Cheesecake 150g,£1.25,83.3p per 100g,Buy 3 for £2.50,fresh
Lindahls Stracciatella,Lindahls Stracciatella150g,£1.25,83.3p per 100g,Buy 3 for £2.50,fresh
Linda McCartney's Vegetarian Cocktail Sausages,Linda McCartney's Vegetar...175g,£1.25,£7.14 per kg,,fresh
Linda Mccartney's Vegetarian Hoisin Duck Bites ,Linda Mccartney's Vegetar...160g,£1.99,£12.44 per kg,,fresh
Linda Mccartney's Vegetarian Mini Pulled Pork Rolls ,Linda Mccartney's Vegetarian...168g,£1.75,£10.42 per kg,,fresh
Linda Mccartney's Vegetarian Mini Sausage Rolls,Linda Mccartney's Vegetar...168g,£1.75,£10.42 per kg,,fresh
Linda Mccartney Vegetarian Katsu Chicken Bites,Linda Mccartney Vegetaria...160g,£1.99,£12.44 per kg,,fresh
Little Dish Chicken & Veg Pie Kids Meal,Little Dish Chicken & Veg Pie Kids Meal200g,£2.75,£13.75 per kg,,fresh
Little Dish Classic Fish Pie Kids Meal,Little Dish Classic Fish Pie Kids Meal200g,£2.75,£13.75 per kg,,fresh
Little Dish Cottage Pie Kids Meal,Little Dish Cottage Pie Kids Meal200g,£2.75,£13.75 per kg,,fresh
Little Dish Mild Chicken Korma Kids Meal,Little Dish Mild Chicken Korma Kids Meal200g,£2.75,£13.75 per kg,,fresh
Little Dish Mild Chicken Tikka Kids Meal,Little Dish Mild Chicken Tikka Kids Meal200g,£2.75,£13.75 per kg,,fresh
Little Dish Pasta Bolognese Kids Meal,Little Dish Pasta Bolognese Kids Meal200g,£2.75,£13.75 per kg,,fresh
Little Dish Spaghetti & Meatballs Kids Meal,Little Dish Spaghetti & Meatballs Kids Meal200g,£2.75,£13.75 per kg,,fresh
Longley Farm Banana Yogurt,Longley Farm Banana Yogurt150g,50p,33.3p per 100g,"Offer price 50p, was 65p",fresh
Longley Farm Black Cherry Yogurt,Longley Farm Black Cherry Yogurt150g,65p,43.3p per 100g,,fresh
Longley Farm Blackcurrant Yogurt,Longley Farm Blackcurrant Yogurt150g,50p,33.3p per 100g,"Offer price 50p, was 65p",fresh
Longley Farm Blueberry Yogurt,Longley Farm Blueberry Yogurt150g,50p,33.3p per 100g,"Offer price 50p, was 65p",fresh
Longley Farm Caramel Yogurt,Longley Farm Caramel Yogurt150g,65p,43.3p per 100g,,fresh
Longley Farm Fat Free Natural Yogurt,Longley Farm Fat Free Natural Yogurt450g,£1.35,30p per 100g,,fresh
Longley Farm Gooseberry Yogurt ,Longley Farm Gooseberry Yogurt 150g,65p,43.3p per 100g,,fresh
Longley Farm Greek Style Yogurt Honey,Longley Farm Greek Style Yogurt Honey450g,£1.35,30p per 100g,,fresh
Longley Farm Hazelnut Yogurt,Longley Farm Hazelnut Yogurt150g,50p,33.3p per 100g,"Offer price 50p, was 65p",fresh
Longley Farm Lemon Yogurt ,Longley Farm Lemon Yogurt 150g,65p,43.3p per 100g,,fresh
Longley Farm Mandarin Yogurt,Longley Farm Mandarin Yogurt150g,50p,33.3p per 100g,"Offer price 50p, was 65p",fresh
Longley Farm Natural Cottage Cheese,Longley Farm Natural Cottage Cheese250g,£1.49,£5.96 per kg,,fresh
Longley Farm Natural Yogurt,Longley Farm Natural Yogurt150g,65p,43.3p per 100g,,fresh
Longley Farm Peach Melba Yogurt,Longley Farm Peach Melba Yogurt150g,65p,43.3p per 100g,,fresh
Longley Farm Pineapple Cottage Cheese,Longley Farm Pineapple Cottage Cheese250g,£1.49,£5.96 per kg,,fresh
Longley Farm Raspberry Yogurt,Longley Farm Raspberry Yogurt150g,50p,33.3p per 100g,"Offer price 50p, was 65p",fresh
Longley Farm Rhubarb Yogurt,Longley Farm Rhubarb Yogurt150g,50p,33.3p per 100g,"Offer price 50p, was 65p",fresh
Longley Farm Strawberry Yogurt,Longley Farm Strawberry Yogurt150g,50p,33.3p per 100g,"Offer price 50p, was 65p",fresh
Longley Farm Vanilla Yogurt,Longley Farm Vanilla Yogurt150g,59p,39.3p per 100g,,fresh
Longley Farm Virtually Fat Free Cottage Cheese,Longley Farm Virtually Fat Free Cottage Cheese250g,£1.49,£5.96 per kg,,fresh
Longley Farm Virtually Fat Free Cottage Cheese Chives,Longley Farm Virtually Fat Fr...250g,£1.49,£5.96 per kg,,fresh
Lucozade Orange,Lucozade Orange,£1.70,,Buy 2 for £2.70,fresh
Lucozade Original,Lucozade Original,£1.70,,Buy 2 for £2.70,fresh
Lurpak Butter Lighter Salted ,Lurpak Butter Lighter Salted 250g,£2.40,£9.60 per kg,"Offer price £2.40, was £2.69",fresh
Lurpak Butter Slightly Salted In A Reclosable Box ,Lurpak Butter Slightly Salt...225g,£2.40,£1.07 per 100g,"Offer price £2.40, was £2.69",fresh
Lurpak Lighter Slightly Salted Spreadable,Lurpak Lighter Slightly Salted Spreadable500g,£4,£8.00 per kg,"Offer price £4, was £4.99",fresh
Lurpak Lighter Slightly Salted Spreadable,Lurpak Lighter Slightly Salted Spreadable250g,£2.99,£11.96 per kg,,fresh
Lurpak Lighter Spreadable Blend Of Butter And Rapeseed Oil ,Lurpak Lighter Spreadable Blend O...750g,£7.49,£9.99 per kg,,fresh
Lurpak Slightly Salted Block Butter,Lurpak Slightly Salted Block Butter250g,£2.40,£9.60 per kg,"Offer price £2.40, was £2.69",fresh
Lurpak Slightly Salted Spreadable,Lurpak Slightly Salted Spreadable250g,£2.99,£11.96 per kg,,fresh
Lurpak Slightly Salted Spreadable,Lurpak Slightly Salted Spreadable500g,£4,£8.00 per kg,"Offer price £4, was £4.99",fresh
Lurpak Spread ,Lurpak Spread 750g,£7.49,£9.99 per kg,,fresh
Lurpak Spreadable Softest,Lurpak Spreadable Softest500g,£4,£8.00 per kg,"Offer price £4, was £4.99",fresh
Lurpak Unsalted Block Butter,Lurpak Unsalted Block Butter250g,£2.40,£9.60 per kg,"Offer price £2.40, was £2.69",fresh
Lurpak Unsalted Spreadable,Lurpak Unsalted Spreadable500g,£4,£8.00 per kg,"Offer price £4, was £4.99",fresh
M 100%Fruit Apple/Mango 1L,M 100%Fruit Apple/Mango 1L1L,£1.69,16.9p per 100ml,,fresh
Maltesers Milk Drink,Maltesers Milk Drink400ml,£1.50,37.5p per 100ml,,fresh
Market Street Ardennes Pate ,Market Street Ardennes Pate 50g,75p,£1.50 per 100g,,fresh
Market Street Chocolate Cheesecake Wedges,Market Street Chocolate Cheesecake Wedges2 per pack,£2.59,£1.30 each,,fresh
Market Street Chocolate Eclairs ,Market Street Chocolate Eclairs 4 per pack,£1.89,47.3p each,,fresh
Market Street Deli Breaded Ham,Market Street Deli Breaded Ham125g,£2,£1.60 per 100g,,fresh
Market Street Deli British Topside Of Beef,Market Street Deli British Topside Of Beef80g,£2,£2.50 per 100g,,fresh
Market Street Deli Cheese & Onion Quiche ,Market Street Deli Cheese & Onion Quiche 200g,£2,£1.00 per 100g,,fresh
Market Street Deli Cooked Ham,Market Street Deli Cooked Ham125g,£2,£1.60 per 100g,,fresh
Market Street Deli Ham Hock Pea Quiche ,Market Street Deli Ham Hock Pea Quiche 200g,£2,£1.00 per 100g,,fresh
Market Street Deli Honey Roast Ham,Market Street Deli Honey Roast Ham125g,£2,£1.60 per 100g,,fresh
Market Street Deli Quiche Lorraine,Market Street Deli Quiche Lorraine,£2,,,fresh
Market Street Deli s Cheese & Onion Quiche ,Market Street Deli s Cheese & Onion Quiche 900g,£5,55.6p per 100g,,fresh
"Market Street Deli Sunblushed Tomato, Feta & Caramelised Onion Quiche ",Market Street Deli Sunblushed...200g,£2,£1.00 per 100g,,fresh
Market Street Deli Thickly Sliced Roast Pork,Market Street Deli Thickly Sliced Roast Pork125g,£2,£1.60 per 100g,,fresh
Market Street Deli Thickly Sliced Wiltshire Ham,Market Street Deli Thickly Sliced Wiltshire Ham125g,£2,£1.60 per 100g,,fresh
Market Street Deli Thickly Sliced Yorkshire Ham,Market Street Deli Thickly Sliced Yorkshire Ham125g,£2,£1.60 per 100g,,fresh
Market Street Egg Custard Tarts ,Market Street Egg Custard Tarts 2 per pack,95p,47.5p each,Buy 2 for £1.40,fresh
Market Street Large Chocolate Eclairs ,Market Street Large Chocolate Eclairs 2 per pack,£1.99,99.5p each,Buy 2 for £3.50,fresh
Market Street Lemon Cheesecake,Market Street Lemon Cheesecake500g,£3.59,71.8p per 100g,"Offer price £3.59, was £3.89",fresh
Market Street Plain Tortilla,Market Street Plain Tortilla500g,£2.75,55p per 100g,,fresh
Market Street Raspberry Cheesecake Wedges,Market Street Raspberry Cheesecake Wedges2 per pack,£2.59,£1.30 each,,fresh
Market Street The Best Halkidiki Pimento Stuffed Olives With Iberico Cheese,Market Street The Best Halkidiki Pimento Stuf...130g,£2,£1.54 per 100g,,fresh
Market Street The Best Nocellara Olives,Market Street The Best Nocellara Olives130g,£2,£1.54 per 100g,,fresh
Market Street Tortilla With Chorizo,Market Street Tortilla With Chorizo450g,£2.75,61.1p per 100g,,fresh
Market Street Tortilla With Onion,Market Street Tortilla With Onion500g,£2.75,55p per 100g,,fresh
Market Street Vanilla Cheesecake,Market Street Vanilla Cheesecake500g,£3.59,71.8p per 100g,"Offer price £3.59, was £3.89",fresh
Market Street Vanilla Cheesecake Wedges,Market Street Vanilla Cheesecake Wedges2 per pack,£2.59,£1.30 each,,fresh
Mars Milk No Added Sugar,Mars Milk No Added Sugar400ml,£1.50,£3.75 per litre,,fresh
Mash Direct Beer Battered Chips,Mash Direct Beer Battered Chips400g,£2.15,£5.38 per kg,,fresh
Mash Direct Beer Battered Onion Rings,Mash Direct Beer Battered Onion Rings200g,£2.15,£10.75 per kg,,fresh
Mash Direct Bubble & Squeak,Mash Direct Bubble & Squeak400g,£1.15,£2.88 per kg,"Offer price £1.15, was £1.65",fresh
Mash Direct Carrot & Parsnip,Mash Direct Carrot & Parsnip400g,£1.15,£2.88 per kg,"Offer price £1.15, was £1.65",fresh
Mash Direct Cheese and Onion Croquettes ,Mash Direct Cheese and Onion Croquettes 300g,£2.15,£7.17 per kg,,fresh
Mash Direct Chilly Baby Bakes,Mash Direct Chilly Baby Bakes370g,£2.15,£5.81 per kg,,fresh
Mash Direct Crispy Vegetable Bakes ,Mash Direct Crispy Vegetable Bakes 250g,£1.29,£5.16 per kg,"Offer price £1.29, was £1.79",fresh
Mash Direct Curry Chips,Mash Direct Curry Chips400g,£2.15,£5.38 per kg,,fresh
Mash Direct Mashed Swede ,Mash Direct Mashed Swede 400g,£1.15,28.8p per 100g,"Offer price £1.15, was £1.65",fresh
Mash Direct Red Cabbage & Beetroot,Mash Direct Red Cabbage & Beetroot350g,£1.65,£4.71 per kg,"Offer price £1.65, was £2.15",fresh
Mash Direct Salt & Chilli Wedges ,Mash Direct Salt & Chilli Wedges 350g,£2.15,61.4p per 100g,,fresh
Mattessons Smoked Pork Sausage Garlic ,Mattessons Smoked Pork Sausage Garlic 160g,£2,£1.25 per 100g,,fresh
Mattessons Smoked Pork Sausage Original ,Mattessons Smoked Pork Sausage Original 160g,£2,£1.25 per 100g,,fresh
Mattessons Smoked Pork Sausage Original,Mattessons Smoked Pork Sausage Original260g,£2.50,£9.61 per kg,"Offer price £2.50, was £2.85",fresh
Mattessons Smoked Pork Sausage Reduced Fat ,Mattessons Smoked Pork Sausage Reduced Fat 160g,£2,£1.25 per 100g,,fresh
McCain Shake Shake Sea Salt & Cracked Black Pepper Fries ,McCain Shake Shake Sea Salt & Cra...300g,£1.50,£5.00 per kg,"Offer price £1.50, was £2.25",fresh
McCain Shake Shake Spanish Smoked Paprika Fries ,McCain Shake Shake Spanish...300g,£1.50,£5.00 per kg,"Offer price £1.50, was £2.25",fresh
Meatless Farm Mince ,Meatless Farm Mince 350g,£2.50,71.4p per 100g,"Offer price £2.50, was £3",fresh
Meatless Farm Plant-Based Burgers ,Meatless Farm Plant-Based Burgers 227g,£2,£8.81 per kg,"Offer price £2, was £2.50",fresh
Meatless Farm Plant-Based Chicken Breasts,Meatless Farm Plant-Based Chicken Breasts210g,£3,£14.29 per kg,"Offer price £3, was £3.50",fresh
Meatless Farm Plant Based 4 Burgers,Meatless Farm Plant Based 4 Burgers400g,£3.50,£8.75 per kg,,fresh
Meatless Farm Plant Based 4 Chicken Burgers,Meatless Farm Plant Based 4 Chicken Burgers360g,£3.50,£9.72 per kg,,fresh
Meatless Farm Plant Based 8 Sausages ,Meatless Farm Plant Based 8 Sausages 320g,£3,£9.38 per kg,,fresh
Meatless Farm Plant Based Chilli Non Carne,Meatless Farm Plant Based Chilli Non Carne400g,£3,£7.50 per kg,,fresh
Meatless Farm Plant Based Korean Chicken,Meatless Farm Plant Based Korean Chicken400g,£3,£7.50 per kg,,fresh
Meatless Farm Plant Based Meatballs,Meatless Farm Plant Based Meatballs270g,£3,£11.11 per kg,,fresh
Meatless Farm Plant Based Mighty Meatball Marinara,Meatless Farm Plant Based M...400g,£3,£7.50 per kg,,fresh
Meatless Farm Plant Based Mince,Meatless Farm Plant Based Mince400g,£3,£7.50 per kg,,fresh
Mexicana Original Hot Cheddar Slices,Mexicana Original Hot Cheddar Slices160g,£2.40,£15.00 per kg,,fresh
Milkybar Desserts ,Milkybar Desserts 4 x 65g,£1.75,67.3p per 100g,,fresh
Milkybar Little Treats ,Milkybar Little Treats 6 x 55g,£1.39,42.1p per 100g,,fresh
Milkybar Milk Slice,Milkybar Milk Slice4 x 26g,£1.39,£1.34 per 100g,,fresh
Milkybar White Chocolate Mousse,Milkybar White Chocolate Mousse4 x 55g,£1.99,90.5p per 100g,,fresh
Mini Babybel Light ,Mini Babybel Light 6 x 20g,£2.45,£20.42 per kg,,fresh
Mini Babybel Light Family Pack,Mini Babybel Light Family Pack12 x 20g,£3.55,£14.79 per kg,,fresh
Mini Babybel Original ,Mini Babybel Original 6 x 20g,£2.45,£20.42 per kg,,fresh
Mini Babybel Original Family Pack,Mini Babybel Original Family Pack12 x 20g,£3.55,£14.79 per kg,,fresh
Minor Figures Barista Organic Oat,Minor Figures Barista Organic Oat1L,£1.99,£1.99 per litre,,fresh
Minor Figures Everyday Light Oat Milk,Minor Figures Everyday Light Oat Milk1L,£1.99,£1.99 per litre,,fresh
Minor Figures Everyday Oat Milk,Minor Figures Everyday Oat Milk1L,£1.99,£1.99 per litre,,fresh
Minor Figures Oat Milk Barista (Light),Minor Figures Oat Milk Barista (Light)1000ml,£1.85,£1.85 per litre,,fresh
Minor Figures Oat Milk Barista Standard ,Minor Figures Oat Milk Barista Standard 1L,£1.89,£1.89 per litre,,fresh
Minor Figures Oat Mocha,Minor Figures Oat Mocha200ml,£1.79,£8.95 per litre,,fresh
Mlekovita Sokol Cheese,Mlekovita Sokol Cheese150g,£1.49,£9.93 per kg,,fresh
Mockingbird Raw Boost Smoothie,Mockingbird Raw Boost Smoothie750ml,£2.95,39.3p per 100ml,"Offer price £2.95, was £4.50",fresh
Mockingbird Raw Defence Smoothie,Mockingbird Raw Defence Smoothie750ml,£2.95,39.3p per 100ml,"Offer price £2.95, was £4.50",fresh
Mockingbird Raw Greens Smoothie,Mockingbird Raw Greens Smoothie750ml,£2.95,39.3p per 100ml,"Offer price £2.95, was £4.50",fresh
Moma Barista Oat Drink,Moma Barista Oat Drink1L,£2.10,£2.10 per litre,,fresh
Moma Oat Drink Semi ,Moma Oat Drink Semi 1L,£2.10,£2.10 per litre,,fresh
Moma Oat Drink Whole,Moma Oat Drink Whole1L,£2.10,£2.10 per litre,,fresh
Moma Original Oat Drink,Moma Original Oat Drink1L,£1.80,£1.80 per litre,,fresh
M Organic British Semi Skimmed Milk 2 Pints,M Organic British Semi Skimmed Milk 2 Pints1.14L,£1.65,£1.45 per litre,,fresh
M Organic British Semi Skimmed Milk 4 Pints,M Organic British Semi Skimmed Milk 4 Pints2.27L,£2.15,94.7p per litre,,fresh
M Organic British Skimmed Milk 2 Pints,M Organic British Skimmed Milk 2 Pints1.136L,£1.65,£1.45 per litre,,fresh
 M Organic British Whole Milk 2 Pints  , M Organic British Whole Milk 2 Pints  1.136L,£1.65,£1.45 per litre,,fresh
Morliny Frankfurters,Morliny Frankfurters350g,£2.49,71.1p per 100g,,fresh
Morliny Krakowska,Morliny Krakowska80g,£1.29,£1.61 per 100g,,fresh
Morliny Polish Berlinki Z Kurczat,Morliny Polish Berlinki Z Kurczat250g,£1.59,63.6p per 100g,,fresh
Morliny Polish Roast Chicken Fillet,Morliny Polish Roast Chicken Fillet100g,£1.29,£1.29 per 100g,,fresh
Morliny Polish Smoked Farmer's Sausage Wiejska,Morliny Polish Smoked Farmer's Sausage Wiejska100g,£1.29,£1.29 per 100g,,fresh
Morliny Sliced Zywiecka Sausage ,Morliny Sliced Zywiecka Sausage 90g,£1.29,£1.43 per 100g,,fresh
Morrison Coronation Chicken Sandwich,Morrison Coronation Chicken Sandwich200g,£1.89,94.5p per 100g,,fresh
Morrison Immune Support Strawberry Yogurt Drinks,Morrison Immune Support Strawberry Yogurt Drinks8 x 100g,£1.65,20.6p per 100g,"Offer price £1.65, was £1.85",fresh
Morrison Polony           ,Morrison Polony           150g,£1.09,72.7p per 100g,,fresh
Morrisons 0% Fat Greek Style Yogurt Coconut & Vanilla,Morrisons 0% Fat Greek Style...4 x 125g,£1.30,26p per 100g,"Offer price £1.30, was £1.45",fresh
Morrisons 0% Fat Greek Style Yogurt Strawberry ,Morrisons 0% Fat Greek Style Yogurt Strawberry 4 x 125g,£1.30,26p per 100g,"Offer price £1.30, was £1.45",fresh
Morrisons 100% Cloudy Apple Juice,Morrisons 100% Cloudy Apple Juice1L,£1.69,16.9p per 100ml,,fresh
Morrisons 100% Fruit Apple & Elderflower Juice,Morrisons 100% Fruit Apple & Elderflower Juice1L,£1.69,16.9p per 100ml,,fresh
Morrisons 100% Fruit Apple & Mango Juice ,Morrisons 100% Fruit Apple & Mango Juice 1.5L,£2.29,15.3p per 100ml,,fresh
Morrisons 100% Fruit Clementine Juice,Morrisons 100% Fruit Clementine Juice1L,£1.69,16.9p per 100ml,,fresh
Morrisons 100% Fruit Smooth Orange Juice,Morrisons 100% Fruit Smooth Orange Juice1L,£1.69,16.9p per 100ml,,fresh
Morrisons 100% Fruit Tropical Juice,Morrisons 100% Fruit Tropical Juice1L,£1.69,16.9p per 100ml,,fresh
Morrisons 100% Orange Juice with Bits,Morrisons 100% Orange Juice with Bits1L,£1.69,16.9p per 100ml,,fresh
Morrisons 100% Orange Juice With Bits,Morrisons 100% Orange Juice With Bits1.5L,£2.29,15.3p per 100ml,,fresh
Morrisons 100% Pineapple Juice  ,Morrisons 100% Pineapple Juice  1L,£1.69,16.9p per 100ml,,fresh
Morrisons 100%  Smooth Orange Fruit Juice ,Morrisons 100%  Smooth Orange Fruit Juice 1.5L,£2.29,15.3p per 100ml,,fresh
Morrisons 10 BBQ Chicken Skewers  ,Morrisons 10 BBQ Chicken Skewers  100g,£2.39,£2.39 per 100g,Buy 2 for £3.50,fresh
"Morrisons 10"" Italian Style Chicken Pizza","Morrisons 10"" Italian Style Chicken Pizza265g",£3.49,£1.32 per 100g,Buy 2 for £6,fresh
"Morrisons 10"" Mediterranean Style Vegetable Pizza","Morrisons 10"" Mediterranean...260g",£3.49,£1.34 per 100g,Buy 2 for £6,fresh
Morrisons 10 Mini Beef Pasties,Morrisons 10 Mini Beef Pasties300g,£2.39,79.7p per 100g,Buy 2 for £3.50,fresh
Morrisons 10 Sweet Chilli Chicken Satays ,Morrisons 10 Sweet Chilli Chicken Satays 100g,£2.39,£2.39 per 100g,Buy 2 for £3.50,fresh
Morrisons 10 White Cheesy Slices 200G,Morrisons 10 White Cheesy Slices 200G200g,£1.19,£5.95 per kg,,fresh
Morrisons 20 Mini Cheese & Onion Rolls ,Morrisons 20 Mini Cheese & Onion Rolls 200g,£2.39,£1.20 per 100g,Buy 2 for £3.50,fresh
Morrisons 20 Mini Pork Sausage Rolls,Morrisons 20 Mini Pork Sausage Rolls200g,£2.39,£1.20 per 100g,Buy 2 for £3.50,fresh
Morrisons 20 Southern Fried Chicken Bites ,Morrisons 20 Southern Fried Chicken Bites 100g,£2.39,£2.39 per 100g,Buy 2 for £3.50,fresh
Morrisons 2 Baked Potatoes with Cheddar,Morrisons 2 Baked Potatoes with Cheddar450g,£2.49,£5.53 per kg,,fresh
Morrisons 2 Bramley Apple Crumbles,Morrisons 2 Bramley Apple Crumbles135g,£2.25,£1.67 per 100g,,fresh
Morrisons 2 Cheese & Onion Bakes,Morrisons 2 Cheese & Onion Bakes280g,£1.49,£5.32 per kg,Buy 3 for £4,fresh
Morrisons 2 Cheese & Onion Bakes,Morrisons 2 Cheese & Onion Bakes290g,£2.25,77.6p per 100g,,fresh
Morrisons 2 Creamy Chicken Bakes ,Morrisons 2 Creamy Chicken Bakes 290g,£2.25,77.6p per 100g,,fresh
Morrisons 2 Fresh Bake Pork Sausage Rolls,Morrisons 2 Fresh Bake Pork Sausage Rolls148g,99p,£6.69 per kg,,fresh
Morrisons 2 Sausage Bean & Cheese Bakes,Morrisons 2 Sausage Bean & Cheese Bakes290g,£2.25,77.6p per 100g,,fresh
Morrisons 2 Steak Bakes,Morrisons 2 Steak Bakes290g,£2.25,77.6p per 100g,,fresh
Morrisons 30% Lighter Italian Mozarella,Morrisons 30% Lighter Italian Mozarella125g,£1.19,£9.52 per kg,,fresh
Morrisons 30% Lighter Mature Cheddar Cheese,Morrisons 30% Lighter Mature Cheddar Cheese350g,£2.99,£8.54 per kg,,fresh
Morrisons 30% Lighter Mature Cheese,Morrisons 30% Lighter Mature Cheese240g,£2.69,£11.21 per kg,,fresh
Morrisons 30% Lighter Mature Cheese Slices,Morrisons 30% Lighter Mature Cheese Slices200g,£2.65,£13.25 per kg,Buy 2 for £4.50,fresh
Morrisons 30% Lighter Mature Grated Cheese,Morrisons 30% Lighter Mature Grated Cheese200g,£2.65,£13.25 per kg,Buy 2 for £4.50,fresh
Morrisons 30% Reduced Fat Houmous,Morrisons 30% Reduced Fat Houmous200g,£1.35,67.5p per 100g,Buy 2 for £2,fresh
Morrisons 30% Reduced Fat Red Pepper Houmous ,Morrisons 30% Reduced Fat Red Pepper Houmous 200g,£1.35,67.5p per 100g,Buy 2 for £2,fresh
Morrisons 30 Chicken Cocktail Sausages ,Morrisons 30 Chicken Cocktail Sausages 246g,£2.39,97.2p per 100g,Buy 2 for £3.50,fresh
Morrisons 3 Cheese & Onion Sandwich Filler,Morrisons 3 Cheese & Onion Sandwich Filler400g,£2.50,62.5p per 100g,,fresh
Morrisons 3 Cheese & Onion Sandwich Filler,Morrisons 3 Cheese & Onion Sandwich Filler200g,£1.89,94.5p per 100g,,fresh
Morrisons 40 Pork Cocktail Sausages,Morrisons 40 Pork Cocktail Sausages328g,£2.75,83.8p per 100g,,fresh
Morrisons 50% Less Fat Creme Fraiche,Morrisons 50% Less Fat Creme Fraiche300ml,£1.20,40p per 100ml,,fresh
Morrisons 50% Lighter Mature White Cheddar,Morrisons 50% Lighter Mature White Cheddar240g,£2.69,£11.21 per kg,,fresh
Morrisons 50% Reduced Fat Black Pepper Soft Cheese,Morrisons 50% Reduced Fat B...200g,£1.19,59.5p per 100g,Buy 2 for £2,fresh
Morrisons 50% Reduced Fat Garlic & Herb Soft Cheese,Morrisons 50% Reduced Fat Gar...200g,£1.19,59.5p per 100g,Buy 2 for £2,fresh
Morrisons 50% Reduced Fat Mature Grated Cheddar,Morrisons 50% Reduced Fat...200g,£2.65,£13.25 per kg,Buy 2 for £4.50,fresh
Morrisons 50% Reduced Fat Onion & Chive Soft Cheese,Morrisons 50% Reduced Fat Oni...200g,£1.19,59.5p per 100g,Buy 2 for £2,fresh
Morrisons 50% Reduced Fat Plain Soft Cheese,Morrisons 50% Reduced Fat Plain Soft Cheese200g,£1.19,59.5p per 100g,Buy 2 for £2,fresh
Morrisons 55% Reduced Fat Coleslaw,Morrisons 55% Reduced Fat Coleslaw300g,£1.05,35p per 100g,,fresh
Morrisons 55% Reduced Fat Coleslaw,Morrisons 55% Reduced Fat Coleslaw500g,£1.39,27.8p per 100g,,fresh
Morrisons 55% Reduced Fat Coleslaw,Morrisons 55% Reduced Fat Coleslaw180g,79p,43.9p per 100g,,fresh
Morrisons 6 Fresh Bake Cheese & Onion Rolls,Morrisons 6 Fresh Bake Cheese & Onion Rolls444g,£2.39,£5.38 per kg,,fresh
Morrisons 6 Fresh Bake Pork Sausage Rolls,Morrisons 6 Fresh Bake Pork Sausage Rolls444g,£2.39,£5.38 per kg,,fresh
Morrisons 8 Garlic Bread Slices ,Morrisons 8 Garlic Bread Slices 230g,£1.89,£8.22 per kg,,fresh
Morrisons All Day Breakfast,Morrisons All Day Breakfast400g,£3.75,£9.38 per kg,,fresh
Morrisons Almond Uht ,Morrisons Almond Uht 1L,£1.19,£1.19 per litre,,fresh
Morrisons Almond Unsweetened Uht,Morrisons Almond Unsweetened Uht1L,£1.19,£1.19 per litre,,fresh
Morrisons Anchovies,Morrisons Anchovies145g,£2.75,£1.90 per 100g,,fresh
Morrisons  Antipasti Platter Express,Morrisons  Antipasti Platter Express,£4,,,fresh
Morrisons Apple Juice from Concentrate,Morrisons Apple Juice from Concentrate1L,£1.20,12p per 100ml,,fresh
Morrisons Apple Turnover,Morrisons Apple Turnover2 per pack,£1.99,99.5p each,Buy 2 for £3.50,fresh
Morrisons Austrian Smoked Cheese ,Morrisons Austrian Smoked Cheese 125g,£1.75,£14.00 per kg,,fresh
Morrisons Bacon & Leek Quiche    ,Morrisons Bacon & Leek Quiche    400g,£2.75,68.8p per 100g,,fresh
Morrisons Baking Block ,Morrisons Baking Block 250g,95p,38p per 100g,,fresh
Morrisons Banana Flavoured Fresh Milk,Morrisons Banana Flavoured Fresh Milk1L,£1.10,£1.10 per litre,"Offer price £1.10, was £1.25",fresh
Morrisons Banana Fruited Yogurt,Morrisons Banana Fruited Yogurt150g,50p,33.3p per 100g,,fresh
Morrisons Basil & Garlic Olives ,Morrisons Basil & Garlic Olives 150g,£2.15,£1.43 per 100g,"Offer price £2.15, was £2.39",fresh
Morrisons BBQ Chicken Pasta,Morrisons BBQ Chicken Pasta250g,£2.69,£1.08 per 100g,Buy 2 for £4,fresh
Morrisons BBQ Cooked Chicken Slices ,Morrisons BBQ Cooked Chicken Slices 160g,£2.99,£1.87 per 100g,,fresh
Morrisons Beef Barolo Pappardelle,Morrisons Beef Barolo Pappardelle400g,£4.49,£1.12 per 100g,Buy 2 for £8,fresh
Morrisons Beef Cannelloni  ,Morrisons Beef Cannelloni  400g,£3.49,£8.73 per kg,Buy 2 for £6,fresh
Morrisons Beef Casserole & Dumplings,Morrisons Beef Casserole & Dumplings400g,£3.49,87.3p per 100g,,fresh
Morrisons Beef Lasagne ,Morrisons Beef Lasagne 400g,£3.49,£8.73 per kg,Buy 2 for £6,fresh
Morrisons Beef Lasagne,Morrisons Beef Lasagne1.5kg,£6.95,£4.63 per kg,Italian Meal Deal For £8,fresh
Morrisons Berry-Licious Smoothie,Morrisons Berry-Licious Smoothie750ml,£1.80,24p per 100ml,,fresh
Morrisons Big Organic Eggs,Morrisons Big Organic Eggs10 per pack,£3.50,35p each,,fresh
Morrisons Black & Green Olives,Morrisons Black & Green Olives120g,£1.65,£1.38 per 100g,,fresh
Morrisons Blackcurrant Cheesecakes ,Morrisons Blackcurrant Cheesecakes 3 x 100g,£2.25,75p per 100g,,fresh
Morrisons Black Peppered Salami,Morrisons Black Peppered Salami100g,£1.29,£1.29 per 100g,,fresh
Morrisons BLT Sandwich,Morrisons BLT Sandwich,£2.85,,Food To Go Meal Deal for £3.50,fresh
Morrisons Bolognese Pasta  Melt ,Morrisons Bolognese Pasta  Melt 800g,£4.49,£5.61 per kg,,fresh
Morrisons Braised Beef & Mash,Morrisons Braised Beef & Mash400g,£3.49,87.3p per 100g,,fresh
Morrisons Breaded Ham,Morrisons Breaded Ham110g,£1.75,£1.59 per 100g,"Offer price £1.75, was £1.99",fresh
Morrisons Breaded Ham,Morrisons Breaded Ham220g,£2.75,£1.25 per 100g,,fresh
Morrisons British Blue Stilton ,Morrisons British Blue Stilton 200g,£2.45,£12.25 per kg,,fresh
Morrisons British Brie ,Morrisons British Brie 160g,£2.25,£14.06 per kg,,fresh
Morrisons British Goat's Cheese ,Morrisons British Goat's Cheese 100g,£2,£20.00 per kg,"Offer price £2, was £2.29",fresh
Morrisons British Salted Butter,Morrisons British Salted Butter250g,£1.99,£7.96 per kg,,fresh
Morrisons British Semi Skimmed Milk  2 Pints,Morrisons British Semi Skimmed Milk  2 Pints1.136L,£1.30,£1.14 per litre,,fresh
Morrisons British Semi Skimmed Milk 4 Pints,Morrisons British Semi Skimmed Milk 4 Pints2.27L,£1.65,72.7p per litre,,fresh
Morrisons British Semi Skimmed Milk 6 Pints,Morrisons British Semi Skimmed Milk 6 Pints3.408L,£2.35,69p per litre,,fresh
Morrisons British Skimmed Milk 2 Pints,Morrisons British Skimmed Milk 2 Pints1.136L,£1.30,£1.14 per litre,,fresh
Morrisons British Skimmed Milk 4 Pints,Morrisons British Skimmed Milk 4 Pints2.272L,£1.65,72.6p per litre,,fresh
Morrisons British Spreadable,Morrisons British Spreadable450g,£2.49,55.3p per 100g,,fresh
Morrisons British Whole Milk 2 Pint,Morrisons British Whole Milk 2 Pint1.136L,£1.30,£1.14 per litre,,fresh
Morrisons British Whole Milk 4 Pints,Morrisons British Whole Milk 4 Pints2.272L,£1.65,72.6p per litre,,fresh
Morrisons British Whole Milk 6 Pints,Morrisons British Whole Milk 6 Pints3.408L,£2.35,69p per litre,,fresh
Morrisons Broccoli & Stilton Soup,Morrisons Broccoli & Stilton Soup600g,£1.65,27.5p per 100g,,fresh
Morrisons Broccoli & Tomato Quiche,Morrisons Broccoli & Tomato Quiche170g,£1.95,£1.15 per 100g,,fresh
Morrisons Brussels Pate,Morrisons Brussels Pate50g,65p,£1.30 per 100g,,fresh
Morrisons Bubble & Squeak Rosti Cakes ,Morrisons Bubble & Squeak Rosti Cakes 320g,£2.25,£7.03 per kg,,fresh
Morrisons Butter Chicken & Pilau Rice,Morrisons Butter Chicken & Pilau Rice375g,£3.49,93.1p per 100g,,fresh
Morrisons Buttermilk,Morrisons Buttermilk300ml,99p,33p per 100ml,,fresh
Morrisons Butternut & Vegetable Jalfrezi,Morrisons Butternut & Vegetable Jalfrezi350g,£3.99,£1.14 per 100g,,fresh
Morrisons Butternut Sweet Potato & Chilli Soup,Morrisons Butternut Sweet Potato & Chilli Soup600g,£1.99,33.2p per 100g,,fresh
Morrisons Cambozola ,Morrisons Cambozola 175g,£2.69,£15.37 per kg,,fresh
Morrisons Caramelised Onion Houmous,Morrisons Caramelised Onion Houmous200g,£1.35,67.5p per 100g,Buy 2 for £2,fresh
Morrisons Carbonara Sauce ,Morrisons Carbonara Sauce 350g,£1.89,54p per 100g,Buy 2 for £3.50,fresh
Morrisons Caribbean Style Jerk Chicken With Rice & Beans ,Morrisons Caribbean Style Jerk Ch...350g,£3.99,£11.40 per kg,Buy 2 for £6,fresh
"Morrisons Carrot, Potato & Swede Mash","Morrisons Carrot, Potato & Swede Mash450g",£1.50,£3.33 per kg,,fresh
Morrisons Carvery Breaded Ham,Morrisons Carvery Breaded Ham400g,£4.75,£1.19 per 100g,,fresh
Morrisons Carvery Breaded Ham,Morrisons Carvery Breaded Ham120g,£2.25,£1.88 per 100g,Buy 2 for £3.50,fresh
Morrisons Carvery Chicken With Stuffing,Morrisons Carvery Chicken With Stuffing100g,£2.25,£2.25 per 100g,Buy 2 for £3.50,fresh
Morrisons Carvery Corned Beef ,Morrisons Carvery Corned Beef 100g,£2.25,£2.25 per 100g,Buy 2 for £3.50,fresh
Morrisons Carvery Ham On The Bone,Morrisons Carvery Ham On The Bone380g,£4.75,£1.25 per 100g,,fresh
Morrisons Carvery Ham On The Bone ,Morrisons Carvery Ham On The Bone 120g,£2.25,£1.88 per 100g,Buy 2 for £3.50,fresh
Morrisons Carvery Honey Roast Ham,Morrisons Carvery Honey Roast Ham400g,£4.75,£1.19 per 100g,,fresh
Morrisons Carvery Honey Roast Ham ,Morrisons Carvery Honey Roast Ham 120g,£2.25,£1.88 per 100g,Buy 2 for £3.50,fresh
Morrisons Carvery Honey Roast Thinly Sliced Ham,Morrisons Carvery Honey Roast Thinly Sliced Ham380g,£4.75,£1.25 per 100g,,fresh
Morrisons Carvery Pastrami ,Morrisons Carvery Pastrami 100g,£2.25,£2.25 per 100g,Buy 2 for £3.50,fresh
Morrisons Carvery Peppered Beef ,Morrisons Carvery Peppered Beef 100g,£2.25,£2.25 per 100g,Buy 2 for £3.50,fresh
Morrisons Carvery Peppered Ham ,Morrisons Carvery Peppered Ham 120g,£2.25,£1.88 per 100g,Buy 2 for £3.50,fresh
Morrisons Carvery Reduced Fat Oven Cooked Ham,Morrisons Carvery Reduced...120g,£2.25,£1.88 per 100g,Buy 2 for £3.50,fresh
Morrisons Carvery Roast Beef,Morrisons Carvery Roast Beef100g,£2.25,£2.25 per 100g,Buy 2 for £3.50,fresh
Morrisons Carvery Roast Beef,Morrisons Carvery Roast Beef100g,£2.25,£2.25 per 100g,Buy 2 for £3.50,fresh
Morrisons Carvery Roast Beef Slices,Morrisons Carvery Roast Beef Slices300g,£4.75,£1.58 per 100g,,fresh
 Morrisons Carvery Roast Peppered Beef, Morrisons Carvery Roast Peppered Beef100g,£2.25,£2.25 per 100g,Buy 2 for £3.50,fresh
Morrisons Carvery Smoked Ham ,Morrisons Carvery Smoked Ham 120g,£2.25,£1.88 per 100g,Buy 2 for £3.50,fresh
Morrisons Carvery Thinly Sliced Honey Roast Ham,Morrisons Carvery Thinly Sliced Honey Roast Ham120g,£2.25,£1.88 per 100g,Buy 2 for £3.50,fresh
Morrisons Carvery Thin Sliced Beef,Morrisons Carvery Thin Sliced Beef100g,£2.25,£2.25 per 100g,Buy 2 for £3.50,fresh
Morrisons Carvery Turkey,Morrisons Carvery Turkey120g,£2.25,£1.88 per 100g,Buy 2 for £3.50,fresh
Morrisons Cheddar Cheese Croquette Melts ,Morrisons Cheddar Cheese Croquette Melts 240g,£2.25,£9.38 per kg,,fresh
Morrisons Cheddar Cheese Mash,Morrisons Cheddar Cheese Mash400g,£1.25,£3.13 per kg,,fresh
Morrisons Cheese & Garlic Flatbread,Morrisons Cheese & Garlic Flatbread265g,£2.30,86.8p per 100g,,fresh
Morrisons Cheese & Onion Pasties ,Morrisons Cheese & Onion Pasties 4 x 130g,£2.35,45.2p per 100g,,fresh
Morrisons Cheese & Onion Quiche  ,Morrisons Cheese & Onion Quiche  400g,£2.75,68.8p per 100g,,fresh
Morrisons Cheese & Onion Quiche  ,Morrisons Cheese & Onion Quiche  170g,£1.95,£1.15 per 100g,,fresh
Morrisons Cheese & Onion Sandwich,Morrisons Cheese & Onion Sandwich,£1.40,,,fresh
Morrisons Cheese & Tomato Pasta Pot ,Morrisons Cheese & Tomato Pasta Pot 300g,£2,66.7p per 100g,Food To Go Meal Deal for £3.50,fresh
Morrisons Cheese Feast Pasta Melt ,Morrisons Cheese Feast Pasta Melt 800g,£4.49,£5.61 per kg,,fresh
Morrisons Cheese Pasta,Morrisons Cheese Pasta550g,£2.99,£5.44 per kg,Buy 2 for £4,fresh
Morrisons Cheese Savoury Sandwich Filler,Morrisons Cheese Savoury Sandwich Filler200g,£1.89,94.5p per 100g,,fresh
Morrisons Cheese Singles 10 Slices,Morrisons Cheese Singles 10 Slices200g,£1.19,£5.95 per kg,,fresh
Morrisons Chicken & Bacon Parcel,Morrisons Chicken & Bacon Parcel395g,£4.49,£11.37 per kg,Buy 2 for £8,fresh
 Morrisons Chicken & Bacon Pasta, Morrisons Chicken & Bacon Pasta250g,£2.69,£10.76 per kg,Buy 2 for £4,fresh
Morrisons Chicken & Bacon Pasta,Morrisons Chicken & Bacon Pasta300g,£2.25,£7.50 per kg,Food To Go Meal Deal for £3.50,fresh
Morrisons Chicken & Bacon Pasta Bake ,Morrisons Chicken & Bacon Pasta Bake 400g,£3.49,£8.73 per kg,Buy 2 for £6,fresh
Morrisons Chicken & Bacon Pasta Bake Serves 2 ,Morrisons Chicken & Bacon...800g,£4.49,56.1p per 100g,,fresh
Morrisons Chicken & Bacon Sandwich Filler,Morrisons Chicken & Bacon Sandwich Filler200g,£1.89,94.5p per 100g,,fresh
Morrisons Chicken & Bacon Tortelloni,Morrisons Chicken & Bacon Tortelloni300g,£1.89,£6.30 per kg,Buy 2 for £3.50,fresh
Morrisons Chicken & Chorizo Tortelloni,Morrisons Chicken & Chorizo Tortelloni300g,£1.89,£6.30 per kg,Buy 2 for £3.50,fresh
Morrisons Chicken & Mushroom Cumberland Pie,Morrisons Chicken & Mus...400g,£3.49,£8.73 per kg,Buy 2 for £6,fresh
Morrisons Chicken & Mushroom Risotto ,Morrisons Chicken & Mushroom Risotto 350g,£3.49,£9.97 per kg,Buy 2 for £6,fresh
Morrisons Chicken & Stuffing Sandwich,Morrisons Chicken & Stuffing Sandwich,£2.50,,Food To Go Meal Deal for £3.50,fresh
Morrisons Chicken & Sweetcorn Sandwich Filler,Morrisons Chicken & Sweetcorn Sandwich Filler200g,£1.89,94.5p per 100g,,fresh
Morrisons Chicken & Sweetcorn Soup,Morrisons Chicken & Sweetcorn Soup600g,£1.65,27.5p per 100g,,fresh
Morrisons Chicken & Vegetable Soup ,Morrisons Chicken & Vegetable Soup 600g,£1.65,27.5p per 100g,,fresh
Morrisons Chicken Arrabiatta,Morrisons Chicken Arrabiatta400g,£3.49,£8.73 per kg,Buy 2 for £6,fresh
Morrisons Chicken Black Bean & Fried Rice,Morrisons Chicken Black Bean & Fried Rice375g,£3.49,93.1p per 100g,,fresh
"Morrisons Chicken Breast Fillets with Bacon, Stuffing & Gravy",Morrisons Chicken Breast Fillets wi...500g,£4.49,£8.98 per kg,Buy 2 for £8,fresh
Morrisons  Chicken Caesar Wrap,Morrisons  Chicken Caesar Wrap,£2.85,,,fresh
Morrisons Chicken Casserole & Dumplings,Morrisons Chicken Casserole & Dumplings400g,£3.49,£8.73 per kg,,fresh
Morrisons Chicken Chowmein,Morrisons Chicken Chowmein375g,£3.49,93.1p per 100g,,fresh
Morrisons Chicken Enchiladas ,Morrisons Chicken Enchiladas 400g,£3.49,£8.73 per kg,Buy 2 for £6,fresh
Morrisons Chicken Jalfrezi & Rice,Morrisons Chicken Jalfrezi & Rice375g,£3.49,93.1p per 100g,,fresh
Morrisons Chicken Korma & Pilau Rice,Morrisons Chicken Korma & Pilau Rice375g,£3.49,93.1p per 100g,,fresh
Morrisons Chicken Madras & Rice,Morrisons Chicken Madras & Rice375g,£3.49,93.1p per 100g,,fresh
"Morrisons Chicken Mushroom,Thyme And Bacon",Morrisons Chicken Mushr...420g,£4.49,£10.69 per kg,Buy 2 for £8,fresh
Morrisons Chicken Pakoras,Morrisons Chicken Pakoras205g,£3.35,£1.63 per 100g,,fresh
Morrisons Chicken Parmesan Fettuccine,Morrisons Chicken Parmesan Fettuccine400g,£3.49,£8.73 per kg,Buy 2 for £6,fresh
Morrisons Chicken Salad Sandwich,Morrisons Chicken Salad Sandwich,£2.50,,Food To Go Meal Deal for £3.50,fresh
Morrisons  Chicken Satay & Sweet Chilli Dip ,Morrisons  Chicken Satay & Sweet Chilli Dip 55g,£1.50,£2.73 per 100g,Food To Go Meal Deal for £3.50,fresh
Morrisons Chicken Spring Rolls,Morrisons Chicken Spring Rolls200g,£3.25,£1.63 per 100g,,fresh
Morrisons Chicken Tikka Kebabs,Morrisons Chicken Tikka Kebabs64g,£1.75,£2.73 per 100g,Food To Go Meal Deal for £3.50,fresh
Morrisons Chicken Tikka Masala & Pilau Rice,Morrisons Chicken Tikka Masala & Pilau Rice375g,£3.49,93.1p per 100g,,fresh
Morrisons Chicken Tikka Sandwich,Morrisons Chicken Tikka Sandwich172g,£2.85,£1.66 per 100g,,fresh
Morrisons Chicken Tikka Sandwich Filler,Morrisons Chicken Tikka Sandwich Filler200g,£1.89,94.5p per 100g,,fresh
Morrisons Chicken Tikka Slice,Morrisons Chicken Tikka Slice2 per pack,£2.25,£1.13 each,,fresh
Morrisons Chicken Vindaloo ,Morrisons Chicken Vindaloo 350g,£3.99,£1.14 per 100g,,fresh
Morrisons Chilli & Garlic Olives ,Morrisons Chilli & Garlic Olives 150g,£2.15,£1.43 per 100g,"Offer price £2.15, was £2.39",fresh
Morrisons Chilli Beef Burritos ,Morrisons Chilli Beef Burritos 400g,£3.49,£8.73 per kg,Buy 2 for £6,fresh
Morrisons Chilli Cheese Dip,Morrisons Chilli Cheese Dip170g,£1.35,79.4p per 100g,Buy 2 for £2,fresh
Morrisons Chilli Wedge Melt ,Morrisons Chilli Wedge Melt 400g,£3.49,£8.73 per kg,Buy 2 for £6,fresh
Morrisons Chinese Chicken Curry & Egg Fried Rice,Morrisons Chinese Chicken C...375g,£3.49,93.1p per 100g,,fresh
Morrisons Chinese Special Fried Rice,Morrisons Chinese Special Fried Rice350g,£3.99,£11.40 per kg,,fresh
Morrisons Chinese Sweet & Sour Chicken,Morrisons Chinese Sweet & Sour Chicken350g,£3.99,£11.40 per kg,,fresh
Morrisons Chocolate Brownie Bar,Morrisons Chocolate Brownie Bar50g,£1.25,£2.50 per 100g,Food To Go Meal Deal for £3.50,fresh
Morrisons Chocolate Caramel Protein Yoghurt,Morrisons Chocolate Caramel Protein Yoghurt200g,85p,42.5p per 100g,,fresh
Morrisons Chocolate Flavoured Fresh Milk ,Morrisons Chocolate Flavoured Fresh Milk 1L,£1.10,£1.10 per litre,"Offer price £1.10, was £1.25",fresh
Morrisons Chocolate Mousse,Morrisons Chocolate Mousse6 x 60g,£1.25,34.7p per 100g,,fresh
Morrisons Chocolate Mousse Moments ,Morrisons Chocolate Mousse Moments 2 x 95g,£1.79,94.2p per 100g,,fresh
Morrisons Chocolate Supreme Desserts,Morrisons Chocolate Supreme Desserts6 x 90g,£1.35,25p per 100g,,fresh
Morrisons Classic Houmous,Morrisons Classic Houmous200g,£1.35,67.5p per 100g,Buy 2 for £2,fresh
Morrisons Classic Houmous,Morrisons Classic Houmous300g,£1.65,55p per 100g,,fresh
Morrisons Clotted Cream Rice Pudding,Morrisons Clotted Cream Rice Pudding2 x 145g,£2.25,77.6p per 100g,,fresh
Morrisons Cloudy Apple 100% Fruit Juice,Morrisons Cloudy Apple 100% Fruit Juice1.5L,£2.29,15.3p per 100ml,,fresh
Morrisons Coarse Ardennes Pate,Morrisons Coarse Ardennes Pate200g,£1.25,62.5p per 100g,,fresh
Morrisons Coarse Ardennes Pate Tub,Morrisons Coarse Ardennes Pate Tub175g,99p,56.6p per 100g,,fresh
Morrisons Coarse Pork & Mushroom Pate,Morrisons Coarse Pork & Mushroom Pate170g,£1.75,£1.03 per 100g,,fresh
Morrisons Coconut Uht,Morrisons Coconut Uht1L,£1.19,£1.19 per litre,,fresh
Morrisons Cod In Parsley Sauce & Mash,Morrisons Cod In Parsley Sauce & Mash400g,£3.75,£9.38 per kg,,fresh
 Morrisons Coleslaw & Potato Salad Twin Pack, Morrisons Coleslaw & Potato Salad Twin Pack2 x 250g,£1.75,35p per 100g,,fresh
Morrisons Cooked Chicken 10 Slices ,Morrisons Cooked Chicken 10 Slices 125g,£1.69,£1.35 per 100g,,fresh
Morrisons Cookie Dough Pie,Morrisons Cookie Dough Pie304g,£3,98.7p per 100g,,fresh
Morrisons Cookies & Cream Cheesecake,Morrisons Cookies & Cream Cheesecake500g,£3.59,71.8p per 100g,"Offer price £3.59, was £3.89",fresh
Morrisons Cooking Spanish Chorizo,Morrisons Cooking Spanish Chorizo260g,£3.49,£1.34 per 100g,,fresh
Morrisons Cook It Chicken Shawarma,Morrisons Cook It Chicken Shawarma430g,£4.49,£10.44 per kg,Buy 2 for £8,fresh
Morrisons Corned Beef,Morrisons Corned Beef100g,£1.50,£1.50 per 100g,"Offer price £1.50, was £1.79",fresh
Morrisons Corned Beef,Morrisons Corned Beef225g,£2.99,£1.33 per 100g,,fresh
Morrisons Corned Beef Hash,Morrisons Corned Beef Hash400g,£3.49,87.3p per 100g,,fresh
Morrisons Cornish Pasties  ,Morrisons Cornish Pasties  520g,£2.35,45.2p per 100g,,fresh
Morrisons Coronation Chicken Sandwich Filler,Morrisons Coronation Chicken Sandwich Filler400g,£2.50,62.5p per 100g,,fresh
Morrisons Cottage Pie,Morrisons Cottage Pie400g,£3.49,87.3p per 100g,,fresh
Morrisons Cottage Pie,Morrisons Cottage Pie750g,£4.49,59.9p per 100g,,fresh
Morrisons Cottage Pie with Buttery Mashed Potato,Morrisons Cottage Pie with...1200g,£6.69,£5.58 per kg,,fresh
Morrisons Counted Meat Free Chilli Non Carne,Morrisons Counted Meat Free Chilli Non Carne350g,£1.89,54p per 100g,,fresh
Morrisons Cream Of Tomato Soup,Morrisons Cream Of Tomato Soup600g,£1.65,£2.75 per kg,,fresh
Morrisons Creamy Chicken & Leek,Morrisons Creamy Chicken & Leek400g,£3.49,87.3p per 100g,,fresh
 Morrisons Creamy Coleslaw, Morrisons Creamy Coleslaw300g,£1.05,35p per 100g,,fresh
 Morrisons Creamy Coleslaw, Morrisons Creamy Coleslaw180g,79p,43.9p per 100g,,fresh
Morrisons Creamy Greens,Morrisons Creamy Greens250g,£2.25,£9.00 per kg,,fresh
Morrisons Creamy Mash,Morrisons Creamy Mash450g,£1.09,£2.42 per kg,,fresh
Morrisons Creamy Vegetable Soup  ,Morrisons Creamy Vegetable Soup  600g,£1.65,27.5p per 100g,,fresh
Morrisons Crispy Chilli Beef,Morrisons Crispy Chilli Beef250g,£3.99,£15.96 per kg,,fresh
Morrisons Crispy Sweet & Sour Chicken,Morrisons Crispy Sweet & Sour Chicken400g,£3.99,£9.98 per kg,,fresh
Morrisons Crumbly Lancashire,Morrisons Crumbly Lancashire240g,£2.69,£11.21 per kg,,fresh
Morrisons Crustless Quiche Lorraine,Morrisons Crustless Quiche Lorraine340g,£2.75,80.9p per 100g,,fresh
Morrisons CrÃ¨me Caramel,Morrisons CrÃ¨me Caramel2 x 120g,£1.35,56.3p per 100g,"Offer price £1.35, was £1.49",fresh
Morrisons CrÃ¨me FraÃ®che,Morrisons CrÃ¨me FraÃ®che300ml,£1.20,40p per 100ml,,fresh
Morrisons Cumberland Pie,Morrisons Cumberland Pie400g,£3.49,87.3p per 100g,,fresh
Morrisons Cypriot Halloumi Burgers,Morrisons Cypriot Halloumi Burgers4 x 50g,£2.99,£14.95 per kg,,fresh
Morrisons Dairy Spray Cream ,Morrisons Dairy Spray Cream 250g,£1.60,64p per 100g,,fresh
Morrisons Diced Italian Pancetta,Morrisons Diced Italian Pancetta2 x 70g,£2.60,£1.86 per 100g,,fresh
Morrisons Diced Spanish Chorizo,Morrisons Diced Spanish Chorizo140g,£2.69,£1.92 per 100g,,fresh
Morrisons Double Cream,Morrisons Double Cream150ml,£1,66.7p per 100ml,,fresh
Morrisons Double Cream,Morrisons Double Cream300ml,£1.35,45p per 100ml,,fresh
Morrisons Double Cream,Morrisons Double Cream600ml,£2.65,44.2p per 100ml,,fresh
Morrisons Double Gloucester ,Morrisons Double Gloucester 350g,£2.99,£8.54 per kg,,fresh
Morrisons Double Gloucester,Morrisons Double Gloucester240g,£2.69,£11.21 per kg,,fresh
Morrisons Duck & Orange Pate,Morrisons Duck & Orange Pate170g,£1.75,£1.03 per 100g,,fresh
Morrisons Duck Spring Rolls,Morrisons Duck Spring Rolls200g,£2.99,£1.50 per 100g,,fresh
Morrisons Dumpling Topped Minced Beef Pie ,Morrisons Dumpling Topped Minced Beef Pie 550g,£3.95,71.8p per 100g,,fresh
Morrisons Dumpling Topped Steak Pie,Morrisons Dumpling Topped Steak Pie550g,£3.95,71.8p per 100g,,fresh
Morrisons Eat Smart Brussels PÃ¢tÃ©,Morrisons Eat Smart Brussels PÃ¢tÃ©175g,99p,56.6p per 100g,,fresh
Morrisons Eat Smart Fromage Frais,Morrisons Eat Smart Fromage Frais500g,£1.55,31p per 100g,"Offer price £1.55, was £1.75",fresh
Morrisons Edam Slices,Morrisons Edam Slices240g,£2.65,£11.04 per kg,Buy 2 for £4.50,fresh
Morrisons Egg & Bacon Sandwich,Morrisons Egg & Bacon Sandwich200g,£1.89,94.5p per 100g,,fresh
Morrisons Egg & Cress Sandwich,Morrisons Egg & Cress Sandwich,£1.40,,,fresh
Morrisons Egg & Salad Cream Sandwich Filler,Morrisons Egg & Salad Cream Sandwich Filler200g,£1.89,94.5p per 100g,,fresh
Morrisons Egg Mayonnaise Sandwich,Morrisons Egg Mayonnaise Sandwich200g,£1.89,94.5p per 100g,,fresh
Morrisons Egg Mayo Sandwich Filler,Morrisons Egg Mayo Sandwich Filler400g,£2.50,62.5p per 100g,,fresh
Morrisons Emmental Slices,Morrisons Emmental Slices240g,£2.65,£11.04 per kg,Buy 2 for £4.50,fresh
Morrisons Extra Mature Cheddar,Morrisons Extra Mature Cheddar350g,£2.99,£8.54 per kg,,fresh
Morrisons Extra Mature Cheese Slices,Morrisons Extra Mature Cheese Slices200g,£2.65,£13.25 per kg,Buy 2 for £4.50,fresh
Morrisons Extra Mature Grated Cheese,Morrisons Extra Mature Grated Cheese400g,£4.49,£11.23 per kg,,fresh
Morrisons Extra Mature Grated Cheese,Morrisons Extra Mature Grated Cheese200g,£2.65,£13.25 per kg,Buy 2 for £4.50,fresh
Morrisons Extra Mature White Cheddar,Morrisons Extra Mature White Cheddar240g,£2.69,£11.21 per kg,,fresh
Morrisons Extra Thick Double Cream,Morrisons Extra Thick Double Cream300ml,£1.50,50p per 100ml,,fresh
Morrisons Family Apple Crumble,Morrisons Family Apple Crumble500g,£3.49,69.8p per 100g,,fresh
Morrisons Family Clotted Cream Rice Pudding,Morrisons Family Clotted Cream Rice Pudding500g,£3.19,63.8p per 100g,,fresh
Morrisons Fat Free Greek Style Yogurt ,Morrisons Fat Free Greek Style Yogurt 500g,£1.10,22p per 100g,"Offer price £1.10, was £1.25",fresh
Morrisons Fat Free Natural Yogurt,Morrisons Fat Free Natural Yogurt500g,£1.05,21p per 100g,,fresh
Morrisons Fc Apple Juice Chilled Gable Top Carton,Morrisons Fc Apple Juice Chilled Gable Top Carton2L,£1.95,9.8p per 100ml,,fresh
Morrisons Fc Orange Juice Smooth Chilled Gable Top Carton,Morrisons Fc Orange Juice Smooth...2L,£1.95,9.8p per 100ml,,fresh
Morrisons Feta Cubes,Morrisons Feta Cubes175g,£2.89,£16.51 per kg,,fresh
Morrisons Filo Pastry Sheets,Morrisons Filo Pastry Sheets200g,£1.35,£6.75 per kg,,fresh
Morrisons Fisherman's Pie,Morrisons Fisherman's Pie700g,£4.49,£6.41 per kg,,fresh
Morrisons Fishermans Pie,Morrisons Fishermans Pie400g,£3.49,£8.73 per kg,Buy 2 for £6,fresh
Morrisons Fish Sushi Snack Pack,Morrisons Fish Sushi Snack Pack,£1.50,,Food To Go Meal Deal for £3.50,fresh
Morrisons Flamegrilled Chicken Slices ,Morrisons Flamegrilled Chicken Slices 80g,£1.69,£2.11 per 100g,,fresh
Morrisons Flamegrilled Tikka Chicken Pieces,Morrisons Flamegrilled Tikka Chicken Pieces160g,£2.99,£1.87 per 100g,,fresh
 Morrisons Florida Salad, Morrisons Florida Salad280g,£1.49,53.2p per 100g,,fresh
Morrisons For Farmers British Semi Skimmed Milk 2 Pints,Morrisons For Farmers British S...1.136L,£1.40,£1.23 per litre,,fresh
Morrisons For Farmers British Semi Skimmed Milk 4 Pints,Morrisons For Farmers British S...2.27L,£1.85,81.5p per litre,,fresh
Morrisons For Farmers British Whole Milk 2 Pints,Morrisons For Farmers British Whole Milk 2 Pints1.136L,£1.40,£1.23 per litre,,fresh
Morrisons For Farmers British Whole Milk 4 Pint,Morrisons For Farmers British Whole Milk 4 Pint2.27L,£1.85,81.5p per litre,,fresh
Morrisons for Farmers Chuckle Eggs Medium Free Range Eggs ,Morrisons for Farmers Chuckle Egg...12 per pack,£2.40,20p each,,fresh
Morrisons For Farmers Double Cream,Morrisons For Farmers Double Cream300ml,£1.35,45p per 100ml,,fresh
Morrisons For Farmers Extra Mature Cheddar,Morrisons For Farmers Extra Mature Cheddar350g,£3.29,£9.40 per kg,,fresh
Morrisons For Farmers Single Cream,Morrisons For Farmers Single Cream300ml,£1.20,40p per 100ml,,fresh
Morrisons Four Cheese Grated Mix,Morrisons Four Cheese Grated Mix200g,£2.65,£13.25 per kg,Buy 2 for £4.50,fresh
Morrisons Four Cheese Tortelloni,Morrisons Four Cheese Tortelloni300g,£1.89,£6.30 per kg,Buy 2 for £3.50,fresh
Morrisons French Brie ,Morrisons French Brie 200g,£1.95,£9.75 per kg,"Offer price £1.95, was £2.19",fresh
Morrisons French Camembert,Morrisons French Camembert250g,£2.79,£11.16 per kg,,fresh
Morrisons French Fries,Morrisons French Fries225g,£1.59,70.7p per 100g,,fresh
Morrisons French Roule         ,Morrisons French Roule         150g,£2.19,£14.60 per kg,,fresh
Morrisons French Set Yogurts,Morrisons French Set Yogurts6 x 125g,£1.35,18p per 100g,,fresh
Morrisons Fresh Ideas Ready To Cook Chicken Kiev,Morrisons Fresh Ideas Ready...390g,£4.49,£11.51 per kg,Buy 2 for £8,fresh
Morrisons Fresh Semi-Skimmed Milk ,Morrisons Fresh Semi-Skimmed Milk 500ml,95p,£1.90 per litre,,fresh
Morrisons Fresh Semi Skimmed Milk,Morrisons Fresh Semi Skimmed Milk1L,£1.30,£1.30 per litre,,fresh
Morrisons Fresh Semi Skimmed Milk ,Morrisons Fresh Semi Skimmed Milk 2L,£1.65,82.5p per litre,,fresh
Morrisons Fresh Skimmed Milk,Morrisons Fresh Skimmed Milk500ml,95p,£1.90 per litre,,fresh
Morrisons Fresh Skimmed Milk,Morrisons Fresh Skimmed Milk1L,£1.30,£1.30 per litre,,fresh
Morrisons Fresh Skimmed Milk,Morrisons Fresh Skimmed Milk2L,£1.65,82.5p per litre,,fresh
Morrisons Fresh Whole Milk,Morrisons Fresh Whole Milk500ml,95p,£1.90 per litre,,fresh
Morrisons Fresh Whole Milk,Morrisons Fresh Whole Milk1L,£1.30,£1.30 per litre,,fresh
Morrisons Fresh Whole Milk ,Morrisons Fresh Whole Milk 2L,£1.65,82.5p per litre,,fresh
Morrisons Fruit Cocktail Trifles,Morrisons Fruit Cocktail Trifles3 x 135g,£1.99,49.1p per 100g,,fresh
Morrisons Fruit Duo Squares,Morrisons Fruit Duo Squares6 x 126g,£1.95,25.8p per 100g,,fresh
 Morrisons Fruity Couscous, Morrisons Fruity Couscous250g,£2.49,99.6p per 100g,Buy 2 for £4,fresh
Morrisons Full Fat Plain Soft Cheese,Morrisons Full Fat Plain Soft Cheese200g,£1.19,£5.95 per kg,Buy 2 for £2,fresh
Morrisons Garlic Baguette ,Morrisons Garlic Baguette 210g,£1,£4.76 per kg,Italian Meal Deal For £8,fresh
Morrisons Garlic Baguettes Twin Pack ,Morrisons Garlic Baguettes Twin Pack 420g,£1.85,£4.40 per kg,,fresh
Morrisons Garlic Doughballs,Morrisons Garlic Doughballs165g,£1.85,£11.21 per kg,,fresh
Morrisons Garlic Flatbread,Morrisons Garlic Flatbread255g,£2.30,90.2p per 100g,,fresh
Morrisons Garlic Mushroom Pasta Sauce ,Morrisons Garlic Mushroom Pasta Sauce 350g,£1.89,54p per 100g,Buy 2 for £3.50,fresh
Morrisons Garlic Mushroom Spaghetti ,Morrisons Garlic Mushroom Spaghetti 330g,£3.49,£10.58 per kg,Buy 2 for £6,fresh
Morrisons Garlic Sausage ,Morrisons Garlic Sausage 100g,£1.29,£1.29 per 100g,"Offer price £1.29, was £1.99",fresh
Morrisons Garlic Stuffed Olives,Morrisons Garlic Stuffed Olives150g,£2.49,£1.66 per 100g,,fresh
Morrisons German Salami ,Morrisons German Salami 100g,£1.19,£1.19 per 100g,"Offer price £1.19, was £1.35",fresh
Morrisons Gluten Free Chicken Salad Sandwich,Morrisons Gluten Free Chicken Salad Sandwich100g,£2.85,£28.50 per kg,Food To Go Meal Deal for £3.50,fresh
Morrisons Gouda Slices,Morrisons Gouda Slices240g,£2.65,£11.04 per kg,Buy 2 for £4.50,fresh
Morrisons Grana Padano Wedge,Morrisons Grana Padano Wedge200g,£3.19,£15.95 per kg,,fresh
Morrisons Grated Grana Padano,Morrisons Grated Grana Padano150g,£2.69,£17.93 per kg,,fresh
Morrisons Grated Italian-Style Cheese,Morrisons Grated Italian-Style Cheese100g,£1.85,£18.50 per kg,,fresh
Morrisons Grated Mature White Cheddar,Morrisons Grated Mature White Cheddar240g,£2.65,£11.04 per kg,Buy 2 for £4.50,fresh
Morrisons Grated Medium White Cheddar,Morrisons Grated Medium White Cheddar240g,£2.65,£11.04 per kg,Buy 2 for £4.50,fresh
Morrisons Grated Mild Coloured Cheddar,Morrisons Grated Mild Coloured Cheddar240g,£2.65,£11.04 per kg,Buy 2 for £4.50,fresh
Morrisons Grated Mozzarella,Morrisons Grated Mozzarella500g,£4.49,£8.98 per kg,,fresh
Morrisons Grated Mozzarella,Morrisons Grated Mozzarella240g,£2.65,£11.04 per kg,Buy 2 for £4.50,fresh
Morrisons Grated Mozzarella & Cheddar Mix,Morrisons Grated Mozzarella & Cheddar Mix240g,£2.65,£11.04 per kg,Buy 2 for £4.50,fresh
Morrisons Grated Parmigiano Reggiano   ,Morrisons Grated Parmigiano Reggiano   100g,£2.09,£20.90 per kg,"Offer price £2.09, was £2.49",fresh
Morrisons Grated Red Leicester,Morrisons Grated Red Leicester240g,£2.65,£11.04 per kg,Buy 2 for £4.50,fresh
Morrisons Grated White Cheddar,Morrisons Grated White Cheddar240g,£2.65,£11.04 per kg,Buy 2 for £4.50,fresh
Morrisons Greek Feta       ,Morrisons Greek Feta       200g,£2.09,£10.45 per kg,,fresh
Morrisons Greek Style Honey Yogurt,Morrisons Greek Style Honey Yogurt200g,79p,39.5p per 100g,,fresh
Morrisons Greek Style Yogurt,Morrisons Greek Style Yogurt500g,£1.25,25p per 100g,,fresh
Morrisons Greek Style Yogurt,Morrisons Greek Style Yogurt200g,79p,39.5p per 100g,,fresh
Morrisons Greek Style Yogurt ,Morrisons Greek Style Yogurt 1kg,£1.99,19.9p per 100g,,fresh
Morrisons Greek Style Yogurt with Honey,Morrisons Greek Style Yogurt with Honey450g,£1.59,35.3p per 100g,,fresh
Morrisons Green Olives With Chilli  Cheese & Garlic ,Morrisons Green Olives With Chilli  Cheese & Garlic 280g,£3,£1.07 per 100g,,fresh
Morrisons Guacamole,Morrisons Guacamole150g,£1.35,90p per 100g,Buy 2 for £2,fresh
Morrisons Half Crispy Aromatic Duck ,Morrisons Half Crispy Aromatic Duck 540g,£7.79,£14.43 per kg,,fresh
Morrisons  Ham & Cheese Sandwich,Morrisons  Ham & Cheese Sandwich,£2.50,,Food To Go Meal Deal for £3.50,fresh
Morrisons Ham & Cheese Tortelloni,Morrisons Ham & Cheese Tortelloni300g,£1.89,£6.30 per kg,Buy 2 for £3.50,fresh
Morrisons Ham Leek & Cheddar Quiche,Morrisons Ham Leek & Cheddar Quiche170g,£1.95,£1.15 per 100g,,fresh
Morrisons Hard Boiled Eggs ,Morrisons Hard Boiled Eggs 2 per pack,£1.50,75p each,Food To Go Meal Deal for £3.50,fresh
Morrisons Hash Brown Bites,Morrisons Hash Brown Bites300g,£2.25,75p per 100g,,fresh
Morrisons Honey Cured Ham,Morrisons Honey Cured Ham110g,£1.75,£1.59 per 100g,"Offer price £1.75, was £1.99",fresh
Morrisons Honey Cured Ham ,Morrisons Honey Cured Ham 220g,£2.75,£1.25 per 100g,,fresh
Morrisons Honey Roast Ham Chunks,Morrisons Honey Roast Ham Chunks100g,£1.25,£12.50 per kg,,fresh
Morrisons Honey Roast Ham Slices,Morrisons Honey Roast Ham Slices200g,£3.25,£1.63 per 100g,,fresh
Morrisons Honey Skyr,Morrisons Honey Skyr450g,£1.45,32.2p per 100g,,fresh
Morrisons Hot & Spicy Cheese Slices,Morrisons Hot & Spicy Cheese Slices180g,£2.65,£1.47 per 100g,Buy 2 for £4.50,fresh
Morrisons Hunters Chicken,Morrisons Hunters Chicken430g,£4.49,£10.44 per kg,Buy 2 for £8,fresh
Morrisons  Hunters Chicken & Wedges,Morrisons  Hunters Chicken & Wedges475g,£2.49,£5.24 per kg,,fresh
Morrisons Hunters Chicken Potato Bake,Morrisons Hunters Chicken Potato Bake1.2kg,£5.99,£4.99 per kg,,fresh
Morrisons Indian 6 Onion Bhajis,Morrisons Indian 6 Onion Bhajis300g,£2.39,£7.97 per kg,,fresh
Morrisons Indian Chicken Rogan Josh & Pilau Rice,Morrisons Indian Chicken Rogan Josh & Pilau Rice375g,£3.49,93.1p per 100g,,fresh
Morrisons Indian Takeaway 18 Mini Indian Snack Selection,Morrisons Indian Takeaway 18 Mi...369g,£3.35,£9.08 per kg,,fresh
Morrisons Indian Takeaway Chapattis,Morrisons Indian Takeaway Chapattis2 x 85g,£1.25,£7.35 per kg,,fresh
Morrisons Indian Takeaway Vegetable Samosas,Morrisons Indian Takeaw...4 x 40g,£1.59,£9.94 per kg,,fresh
Morrisons  Individual Sausage Roll,Morrisons  Individual Sausage Roll114g,£1,87.7p per 100g,Food To Go Meal Deal for £3.50,fresh
Morrisons Italian Bolognese Pasta Sauce,Morrisons Italian Bolognese Pasta Sauce350g,£1.89,54p per 100g,Buy 2 for £3.50,fresh
Morrisons Italian Cheese & Garlic Bread   ,Morrisons Italian Cheese & Garlic Bread   285g,£1.95,£6.84 per kg,"Offer price £1.95, was £2.19",fresh
Morrisons Italian Cheese Sauce,Morrisons Italian Cheese Sauce350g,£1.89,54p per 100g,Buy 2 for £3.50,fresh
Morrisons Italian Fusilli,Morrisons Italian Fusilli500g,£1.89,£3.78 per kg,Buy 2 for £3.50,fresh
Morrisons Italian Garlic Pizza Bread,Morrisons Italian Garlic Pizza Bread255g,£1.95,£7.65 per kg,"Offer price £1.95, was £2.19",fresh
Morrisons Italian Gnocchi,Morrisons Italian Gnocchi500g,£1.89,£3.78 per kg,Buy 2 for £3.50,fresh
Morrisons Italian Herb Ham,Morrisons Italian Herb Ham100g,£1.99,£1.99 per 100g,,fresh
Morrisons Italian Mascarpone,Morrisons Italian Mascarpone250g,£1.79,£7.16 per kg,,fresh
Morrisons Italian Mozzarella,Morrisons Italian Mozzarella125g,£1.19,£9.52 per kg,,fresh
 Morrisons Italian Pasta Spinach & Pine Nut Salad, Morrisons Italian Pasta Spinach & Pine Nut Salad230g,£2.69,£1.17 per 100g,Buy 2 for £4,fresh
Morrisons Italian Penne,Morrisons Italian Penne500g,£1.89,£3.78 per kg,Buy 2 for £3.50,fresh
Morrisons Italian Proscuitto Crudo,Morrisons Italian Proscuitto Crudo80g,£2.25,£2.81 per 100g,,fresh
Morrisons Italian Ricotta ,Morrisons Italian Ricotta 250g,£1.39,£5.56 per kg,,fresh
Morrisons Italian Roasted Vegetable Pasta Sauce,Morrisons Italian Roasted Vegetable Pasta Sauce350g,£1.89,54p per 100g,Buy 2 for £3.50,fresh
 Morrisons Italian Salami & Cheese , Morrisons Italian Salami & Cheese 112g,£2.30,£2.05 per 100g,,fresh
Morrisons Italian Salami Milano,Morrisons Italian Salami Milano80g,£1.49,£1.86 per 100g,,fresh
Morrisons Italian Sausage Pasta Bake,Morrisons Italian Sausage Pasta Bake400g,£3.49,£8.73 per kg,Buy 2 for £6,fresh
Morrisons Italian Sausage Pasta Bake ,Morrisons Italian Sausage Pasta Bake 400g,£1.69,£4.23 per kg,,fresh
Morrisons Italian Selection,Morrisons Italian Selection120g,£2.99,£2.49 per 100g,,fresh
Morrisons Italian Spaghetti,Morrisons Italian Spaghetti500g,£1.89,£3.78 per kg,Buy 2 for £3.50,fresh
Morrisons Italian Spaghetti Bolognese ,Morrisons Italian Spaghetti Bolognese 400g,£3.49,£8.73 per kg,Buy 2 for £6,fresh
 Morrisons Italian Style Pasta, Morrisons Italian Style Pasta550g,£2.99,£5.44 per kg,Buy 2 for £4,fresh
Morrisons Italian Tagliatelle,Morrisons Italian Tagliatelle500g,£1.89,£3.78 per kg,Buy 2 for £3.50,fresh
Morrisons Italian Tomato & Mascarpone Pasta Sauce,Morrisons Italian Tomato &...350g,£1.89,54p per 100g,Buy 2 for £3.50,fresh
Morrisons Italian Vegetable Lasagne ,Morrisons Italian Vegetable Lasagne 400g,£3.49,£8.73 per kg,Buy 2 for £6,fresh
Morrisons Jalfrezi Tikka Meal Bag,Morrisons Jalfrezi Tikka Meal Bag1290g,£8.50,65.9p per 100g,,fresh
Morrisons Jam & Cream Doughnut,Morrisons Jam & Cream Doughnut2 per pack,£1.99,99.5p each,Buy 2 for £3.50,fresh
Morrisons Jam & Cream Fruited Scones,Morrisons Jam & Cream Fruited Scones2 per pack,£1.99,99.5p each,Buy 2 for £3.50,fresh
Morrisons Jelly & Custard ,Morrisons Jelly & Custard 3 x 125g,£1.99,53.1p per 100g,,fresh
Morrisons Jumbo Vegetable Samosa,Morrisons Jumbo Vegetable Samosa,£1.25,,Food To Go Meal Deal for £3.50,fresh
Morrisons Katsu Chicken Wrap,Morrisons Katsu Chicken Wrap199g,£2.85,£1.43 per 100g,,fresh
Morrisons King Prawn Linguine ,Morrisons King Prawn Linguine 350g,£3.49,£9.97 per kg,Buy 2 for £6,fresh
Morrisons Korma/Tikka Meal Bag,Morrisons Korma/Tikka Meal Bag1290g,£8.50,65.9p per 100g,,fresh
Morrisons Lactose Free Semi Skimmed Milk,Morrisons Lactose Free Semi Skimmed Milk1L,£1.35,£1.35 per litre,,fresh
Morrisons Lactose Free Skimmed Milk,Morrisons Lactose Free Skimmed Milk1L,£1.35,£1.35 per litre,,fresh
Morrisons Large Free Range Eggs 12 pack,Morrisons Large Free Range Eggs 12 pack12 per pack,£2.85,23.8p each,,fresh
Morrisons Large Free Range Eggs 6 pack,Morrisons Large Free Range Eggs 6 pack6 per pack,£1.75,29.2p each,,fresh
Morrisons Large Melton Mowbray Pork Pie ,Morrisons Large Melton Mowbray Pork Pie 440g,£3.49,79.3p per 100g,,fresh
Morrisons Lasagne,Morrisons Lasagne750g,£4.49,59.9p per 100g,,fresh
Morrisons Lasagne Sheets,Morrisons Lasagne Sheets300g,£1.89,£6.30 per kg,Buy 2 for £3.50,fresh
Morrisons Lemon Cheesecake,Morrisons Lemon Cheesecake125g,£1.19,95.2p per 100g,"Offer price £1.19, was £1.35",fresh
Morrisons Lemon Cheesecakes,Morrisons Lemon Cheesecakes3 x 100g,£2.25,75p per 100g,,fresh
Morrisons Lemon Mousse,Morrisons Lemon Mousse6 x 60g,£1.25,34.7p per 100g,,fresh
Morrisons Less Than 2% Fat Semi Skimmed Long Life Milk,Morrisons Less Than 2% Fat Semi...6 x 1L,£5.99,99.8p per litre,,fresh
Morrisons Lighter Mascarpone,Morrisons Lighter Mascarpone250g,£1.79,£7.16 per kg,,fresh
Morrisons Lighter Real Dairy Spray Cream,Morrisons Lighter Real Dairy Spray Cream250g,£1.60,64p per 100g,,fresh
Morrisons Limoncello Dessert,Morrisons Limoncello Dessert2 x 90g,£1.35,75p per 100g,"Offer price £1.35, was £1.49",fresh
Morrisons Limoncello Dessert,Morrisons Limoncello Dessert450g,£3.29,73.1p per 100g,,fresh
Morrisons Liver & Mash,Morrisons Liver & Mash400g,£3.49,87.3p per 100g,,fresh
Morrisons Long Life British Semi Skimmed Milk,Morrisons Long Life British Semi Skimmed Milk1L,£1.19,£1.19 per litre,,fresh
Morrisons Long Life British Skimmed Milk,Morrisons Long Life British Skimmed Milk1L,£1.19,£1.19 per litre,,fresh
Morrisons Long Life British Skimmed Milk ,Morrisons Long Life British Skimmed Milk 6 x 1L,£5.99,99.8p per litre,,fresh
Morrisons Long Life British Whole Milk,Morrisons Long Life British Whole Milk1L,£1.19,£1.19 per litre,,fresh
Morrisons Long Life British Whole Milk,Morrisons Long Life British Whole Milk6 x 1L,£5.99,99.8p per litre,,fresh
Morrisons Long Life Original Soya Drink ,Morrisons Long Life Original Soya Drink 1L,£1.19,£1.19 per litre,,fresh
Morrisons Long Life Unsweetened Soya Milk Alternative,Morrisons Long Life Unsweeten...1L,£1.19,£1.19 per litre,,fresh
Morrisons Low Fat Greek Style Yogurt,Morrisons Low Fat Greek Style Yogurt500g,£1.15,23p per 100g,,fresh
Morrisons Low Fat Natural Yogurt,Morrisons Low Fat Natural Yogurt500g,£1.05,21p per 100g,,fresh
Morrisons Macaroni Cheese ,Morrisons Macaroni Cheese 400g,£3.49,£8.73 per kg,Buy 2 for £6,fresh
Morrisons Made To Share Duck Spring Rolls,Morrisons Made To Share Duck Spring Rolls180g,£3.25,£1.81 per 100g,,fresh
Morrisons Made To Share Onion Rings,Morrisons Made To Share Onion Rings250g,£3.25,£1.30 per 100g,,fresh
Morrisons Madras Tikka Meal Bag,Morrisons Madras Tikka Meal Bag1290g,£8.50,65.9p per 100g,,fresh
Morrisons Mandarin Jelly ,Morrisons Mandarin Jelly 2 x 140g,£1.49,53.2p per 100g,,fresh
Morrisons Mango & Passion Fruit Smoothie,Morrisons Mango & Passion Fruit Smoothie750ml,£1.80,24p per 100ml,,fresh
Morrisons Mango & Passionfruit Yogurt,Morrisons Mango & Passionfruit Yogurt150g,50p,33.3p per 100g,,fresh
Morrisons Mango Papaya & Passionfruit Yogurt,Morrisons Mango Papaya & Passionfruit Yogurt450g,£1.25,27.8p per 100g,,fresh
Morrisons Margherita Pizza Pockets 8'S,Morrisons Margherita Pizza Pockets 8'S200g,£2.39,£11.95 per kg,Buy 2 for £3.50,fresh
Morrisons Market Street Deli Express Roast Chicken,Morrisons Market Street Del...100g,£1.75,£1.75 per 100g,,fresh
Morrisons Market Street Deli Express Tikka Chicken,Morrisons Market Street Deli Express Tikka Chicken100g,£1.75,£1.75 per 100g,,fresh
Morrisons Mature Cheddar & Chive Dip,Morrisons Mature Cheddar & Chive Dip170g,£1.35,79.4p per 100g,Buy 2 for £2,fresh
Morrisons Mature Cheddar Cheese,Morrisons Mature Cheddar Cheese350g,£2.99,£8.54 per kg,,fresh
Morrisons Mature Cheddar Slices,Morrisons Mature Cheddar Slices240g,£2.65,£11.04 per kg,Buy 2 for £4.50,fresh
Morrisons Mature Cheese & Pickle Sandwich,Morrisons Mature Cheese & Pickle Sandwich,£2,,Food To Go Meal Deal for £3.50,fresh
Morrisons Mature Cheese Slices,Morrisons Mature Cheese Slices200g,£1.19,£5.95 per kg,,fresh
Morrisons Mature Coloured Cheddar ,Morrisons Mature Coloured Cheddar 240g,£2.69,£11.21 per kg,,fresh
Morrisons Mature Grated Cheddar,Morrisons Mature Grated Cheddar500g,£4.49,£8.98 per kg,,fresh
Morrisons Mature White Cheddar,Morrisons Mature White Cheddar240g,£2.69,£11.21 per kg,,fresh
Morrisons Meatball Pasta Bake with Macaroni,Morrisons Meatball Pasta Bake with Macaroni1200g,£6.49,£5.41 per kg,Italian Meal Deal For £8,fresh
Morrisons Meat Feast Pasta Bake ,Morrisons Meat Feast Pasta Bake 400g,£3.49,£8.73 per kg,Buy 2 for £6,fresh
Morrisons Meat Feast Pasta Melt ,Morrisons Meat Feast Pasta Melt 800g,£4.49,56.1p per 100g,,fresh
Morrisons Mediterranean Olive Trio,Morrisons Mediterranean Olive Trio150g,£2.15,£1.43 per 100g,"Offer price £2.15, was £2.39",fresh
Morrisons Mediterranean Vegetable Couscous,Morrisons Mediterranean Vegetable Couscous550g,£2.75,50p per 100g,Buy 2 for £4,fresh
Morrisons Medium Cheddar Slices,Morrisons Medium Cheddar Slices240g,£2.65,£11.04 per kg,Buy 2 for £4.50,fresh
Morrisons Medium Free Range Eggs,Morrisons Medium Free Range Eggs12 per pack,£2.39,19.9p each,,fresh
Morrisons Medium Free Range Eggs 6 pack,Morrisons Medium Free Range Eggs 6 pack6 per pack,£1.39,23.2p each,,fresh
Morrisons Medium White Cheddar,Morrisons Medium White Cheddar240g,£2.69,£11.21 per kg,,fresh
Morrisons Medium White Cheddar Cheese,Morrisons Medium White Cheddar Cheese350g,£2.99,£8.54 per kg,,fresh
Morrisons Melting Mozzarella Sticks,Morrisons Melting Mozzarella Sticks240g,£3.49,£14.54 per kg,,fresh
Morrisons Melton Mowbray Mini Pork Pies,Morrisons Melton Mowbray Mini Pork Pies6 x 50g,£2.75,91.7p per 100g,,fresh
Morrisons Melton Mowbray Small Pork Pie,Morrisons Melton Mowbray Small Pork Pie140g,£1.75,£1.25 per 100g,,fresh
Morrisons Melton Mowbray Snack Pork Pies,Morrisons Melton Mowbray Snack Pork Pies2 x 75g,£1.75,£1.17 per 100g,,fresh
Morrisons Melton Mowbray Snack Pork Pies,Morrisons Melton Mowbray Snack Pork Pies4 x 75g,£2.50,83.3p per 100g,"Offer price £2.50, was £2.79",fresh
Morrisons Mexican Bean Wrap ,Morrisons Mexican Bean Wrap ,£2.85,,,fresh
Morrisons Mexican Chicken Breast Fillets,Morrisons Mexican Chicken Breast Fillets425g,£4.49,£10.56 per kg,Buy 2 for £8,fresh
Morrisons Mexican Jalapeno Houmous,Morrisons Mexican Jalapeno Houmous200g,£1.35,67.5p per 100g,Buy 2 for £2,fresh
Morrisons Mild Cheddar Cheese,Morrisons Mild Cheddar Cheese350g,£2.99,£8.54 per kg,,fresh
Morrisons Mild Cheddar Slices,Morrisons Mild Cheddar Slices240g,£2.65,£11.04 per kg,Buy 2 for £4.50,fresh
Morrisons Mild Coloured Cheddar,Morrisons Mild Coloured Cheddar240g,£2.69,£11.21 per kg,,fresh
Morrisons Mild Curry Chicken Slices,Morrisons Mild Curry Chicken Slices160g,£2.99,£1.87 per 100g,,fresh
Morrisons Mild White Cheddar,Morrisons Mild White Cheddar240g,£2.69,£11.21 per kg,,fresh
Morrisons Milk For Farmers Semi Skimmed Milk 6 Pint,Morrisons Milk For Farmers Se...3.408L,£2.65,77.8p per litre,,fresh
Morrisons Millionaire Shortbread Bar,Morrisons Millionaire Shortbread Bar50g,£1.25,£2.50 per 100g,Food To Go Meal Deal for £3.50,fresh
Morrisons Minced Beef & Onion Pie,Morrisons Minced Beef & Onion Pie150g,99p,66p per 100g,,fresh
Morrisons Minced Beef Hotpot Topped with Roast Potato and Sliced Onion,Morrisons Minced Beef Hotpot Topped with...1200g,£5.99,£4.99 per kg,,fresh
Morrisons Minced Lamb Hotpot,Morrisons Minced Lamb Hotpot400g,£3.49,£8.73 per kg,Buy 2 for £6,fresh
Morrisons Minestrone Soup,Morrisons Minestrone Soup600g,£1.65,27.5p per 100g,,fresh
Morrisons Mini Cheese & Ham Pizza ,Morrisons Mini Cheese & Ham Pizza 111g,69p,£6.22 per kg,,fresh
Morrisons Mini Cheese & Tomato Pizza ,Morrisons Mini Cheese & Tomato Pizza 111g,69p,£6.22 per kg,,fresh
Morrisons Mini Chicken Skewers,Morrisons Mini Chicken Skewers10 x 10g,£2.39,£2.39 per 100g,Buy 2 for £3.50,fresh
Morrisons Mini Chicken Tikka Skewers 10 Pack,Morrisons Mini Chicken Tikka Skewers 10 Pack100g,£2.39,£2.39 per 100g,Buy 2 for £3.50,fresh
Morrisons Mini Indian Snack Selection 8 Pack,Morrisons Mini Indian Snack Selection 8 Pack165g,£1.99,£12.06 per kg,,fresh
Morrisons Mini Pepperoni Pizza ,Morrisons Mini Pepperoni Pizza 111g,69p,£6.22 per kg,,fresh
Morrisons Mini Sausage Rolls 28 Pack,Morrisons Mini Sausage Rolls 28 Pack280g,£3,£10.71 per kg,,fresh
Morrisons Mixed Olives With Herbs ,Morrisons Mixed Olives With Herbs 280g,£3,£1.07 per 100g,,fresh
Morrisons Monterey Jack Slices,Morrisons Monterey Jack Slices240g,£2.65,£11.04 per kg,Buy 2 for £4.50,fresh
Morrisons Moroccan Style Houmous,Morrisons Moroccan Style Houmous200g,£1.35,67.5p per 100g,Buy 2 for £2,fresh
Morrisons Mozzarella Slices,Morrisons Mozzarella Slices240g,£2.65,£11.04 per kg,Buy 2 for £4.50,fresh
Morrisons Mushroom & Ham Tagliatelle,Morrisons Mushroom & Ham Tagliatelle400g,£3.49,£8.73 per kg,Buy 2 for £6,fresh
Morrisons Mushroom Stroganoff,Morrisons Mushroom Stroganoff400g,£3.49,£8.73 per kg,Buy 2 for £6,fresh
Morrisons Mushroom Tortelloni,Morrisons Mushroom Tortelloni300g,£1.89,£6.30 per kg,Buy 2 for £3.50,fresh
Morrisons Natural Skyr,Morrisons Natural Skyr450g,£1.45,32.2p per 100g,,fresh
Morrisons Natural Yogurt,Morrisons Natural Yogurt500g,£1.05,21p per 100g,,fresh
Morrisons No Added Sugar Cranberry Juice Drink,Morrisons No Added Sugar...1L,£1.20,12p per 100ml,,fresh
Morrisons Not From Concentrate Apple Juice,Morrisons Not From Concentrate Apple Juice4 x 250ml,£1.99,19.9p per 100ml,,fresh
Morrisons Not From Concentrate Orange Juice,Morrisons Not From Concentrate Orange Juice4 x 250ml,£2.10,21p per 100ml,,fresh
Morrisons Nourish 0% Fat Peach & Apricot Yoghurt Drink ,Morrisons Nourish 0% Fat Peach...8 x 100ml,£1.55,19.4p per 100ml,"Offer price £1.55, was £2.50",fresh
Morrisons Nourish Blueberry Drink,Morrisons Nourish Blueberry Drink6 x 100g,£1.75,29.2p per 100g,"Offer price £1.75, was £2.50",fresh
Morrisons Nourish Caribbean Chicken & Rice,Morrisons Nourish Caribbean Chicken & Rice380g,£3.75,98.7p per 100g,Buy 2 for £6.50,fresh
Morrisons Nourish Chicken & Potato With Creamy Mustard,Morrisons Nourish Chicken & Pot...380g,£3.75,98.7p per 100g,Buy 2 for £6.50,fresh
"Morrisons Nourish Chicken, Green Vegetables & Broccoli","Morrisons Nourish Chicken, Gree...380g",£3.75,98.7p per 100g,Buy 2 for £6.50,fresh
Morrisons Nourish Chicken Biryani,Morrisons Nourish Chicken Biryani380g,£3.75,98.7p per 100g,Buy 2 for £6.50,fresh
Morrisons Nourish Chicken Noodles,Morrisons Nourish Chicken Noodles380g,£3.75,98.7p per 100g,,fresh
Morrisons Nourish Chicken Paella,Morrisons Nourish Chicken Paella380g,£3.75,98.7p per 100g,Buy 2 for £6.50,fresh
Morrisons Nourish Coconut Indian Veg Curry,Morrisons Nourish Coconut Indian Veg Curry380g,£3.75,98.7p per 100g,Buy 2 for £6.50,fresh
Morrisons Nourish Gut Smoothie,Morrisons Nourish Gut Smoothie750ml,£1.75,23.3p per 100ml,Buy 2 for £3,fresh
Morrisons  Nourish Immunity Smoothie,Morrisons  Nourish Immunity Smoothie750ml,£1.75,23.3p per 100ml,Buy 2 for £3,fresh
Morrisons Nourish King Prawn Linguine,Morrisons Nourish King Prawn Linguine380g,£3.75,98.7p per 100g,Buy 2 for £6.50,fresh
Morrisons Nourish Korean Chicken Sandwich,Morrisons Nourish Korean Chicken Sandwich192g,£2.75,£1.43 per 100g,,fresh
Morrisons Nourish Naked Katsu Curry,Morrisons Nourish Naked Katsu Curry380g,£3.75,98.7p per 100g,Buy 2 for £6.50,fresh
Morrisons Nourish Natural Kefir ,Morrisons Nourish Natural Kefir 500ml,£1.75,35p per 100ml,,fresh
Morrisons Nourish Oriental Duck Noodles,Morrisons Nourish Oriental Duck Noodles380g,£3.75,98.7p per 100g,Buy 2 for £6.50,fresh
Morrisons Nourish Pulled Beef Chilli & Rice,Morrisons Nourish Pulled Beef Chilli & Rice380g,£3.75,98.7p per 100g,Buy 2 for £6.50,fresh
Morrisons Nourish Raspberry Kefir ,Morrisons Nourish Raspberry Kefir 500ml,£1.75,35p per 100ml,,fresh
Morrisons Nourish Revitalise Smoothie ,Morrisons Nourish Revitalise Smoothie 750ml,£1.75,23.3p per 100ml,Buy 2 for £3,fresh
Morrisons Nourish Strawberry Drink,Morrisons Nourish Strawberry Drink6 x 100g,£1.75,29.2p per 100g,"Offer price £1.75, was £2.50",fresh
Morrisons Oat Milk,Morrisons Oat Milk1L,£1.49,£1.49 per litre,,fresh
Morrisons Olive Light Spread,Morrisons Olive Light Spread450g,£1.29,28.7p per 100g,,fresh
Morrisons Olive Spread,Morrisons Olive Spread450g,£1.29,28.7p per 100g,,fresh
Morrisons Olives With Feta,Morrisons Olives With Feta150g,£2.15,£1.43 per 100g,"Offer price £2.15, was £2.39",fresh
Morrisons Onion  Bhaji  & Mango Chutney Snack Pot,Morrisons Onion  Bhaji  & Mango Chutney Snack Pot110g,£1.50,£1.36 per 100g,Food To Go Meal Deal for £3.50,fresh
Morrisons Onion Garlic & Herb Dip,Morrisons Onion Garlic & Herb Dip170g,£1.35,79.4p per 100g,Buy 2 for £2,fresh
Morrisons Orange Juice from Concentrate,Morrisons Orange Juice from Concentrate1L,£1.20,12p per 100ml,,fresh
Morrisons Orange Juice from Concentrate with Juicy Bits,Morrisons Orange Juice from Con...1L,£1.20,12p per 100ml,,fresh
Morrisons Organic British Whole Milk 4 Pints,Morrisons Organic British Whole Milk 4 Pints2.272L,£2.15,94.6p per litre,,fresh
Morrisons Organic Eggs 6 pack,Morrisons Organic Eggs 6 pack6 per pack,£2.79,46.5p each,,fresh
Morrisons Organic Mature Cheddar,Morrisons Organic Mature Cheddar250g,£2.99,£11.96 per kg,,fresh
Morrisons Oriental Selection,Morrisons Oriental Selection194g,£2.99,£1.54 per 100g,,fresh
Morrisons Paglia E Feino,Morrisons Paglia E Feino500g,£1.89,£3.78 per kg,Buy 2 for £3.50,fresh
Morrisons Parmentier Potatoes,Morrisons Parmentier Potatoes400g,£2.49,£6.23 per kg,,fresh
Morrisons Parmigiano Reggiano ,Morrisons Parmigiano Reggiano 200g,£3.49,£17.45 per kg,,fresh
Morrisons Parmigiano Reggiano Shavings ,Morrisons Parmigiano Reggiano Shavings 100g,£2.49,£24.90 per kg,,fresh
Morrisons Parsley Sauce,Morrisons Parsley Sauce180g,£1.25,69.4p per 100g,,fresh
Morrisons Party Dip Mix,Morrisons Party Dip Mix500g,£2.39,47.8p per 100g,,fresh
Morrisons Peach Protein Yoghurt,Morrisons Peach Protein Yoghurt200g,85p,42.5p per 100g,,fresh
Morrisons Pea Kale & Ginger Soup,Morrisons Pea Kale & Ginger Soup600g,£1.99,33.2p per 100g,,fresh
Morrisons Pecorino Romano ,Morrisons Pecorino Romano 170g,£3.89,£22.88 per kg,,fresh
Morrisons Penne Mozzarella,Morrisons Penne Mozzarella400g,£3.49,£8.73 per kg,Buy 2 for £6,fresh
Morrisons Pepperoni,Morrisons Pepperoni100g,£1.29,£1.29 per 100g,"Offer price £1.29, was £1.49",fresh
Morrisons Perfectly Buttery,Morrisons Perfectly Buttery450g,£1,22.2p per 100g,,fresh
Morrisons Perfectly Buttery,Morrisons Perfectly Buttery900g,£1.89,21p per 100g,,fresh
Morrisons Peri Peri Chicken Slices ,Morrisons Peri Peri Chicken Slices 80g,£1.69,£2.11 per 100g,,fresh
Morrisons Peri Peri Chicken With Spiced Rice & Corn,Morrisons Peri Peri Chicken W...400g,£3.49,£8.73 per kg,Buy 2 for £6,fresh
Morrisons Pesto Chicken Pasta,Morrisons Pesto Chicken Pasta400g,£3.49,87.3p per 100g,Buy 2 for £6,fresh
Morrisons Pineapple & Coconut Juice ,Morrisons Pineapple & Coconut Juice 1L,£1.69,16.9p per 100ml,,fresh
Morrisons Pink Grapefruit Juice,Morrisons Pink Grapefruit Juice1L,£1.69,16.9p per 100ml,,fresh
Morrisons Piri Piri Chicken Mini Fillets ,Morrisons Piri Piri Chicken Mini Fillets 160g,£2.99,£1.87 per 100g,,fresh
Morrisons Pitted Green Olives,Morrisons Pitted Green Olives120g,£1.65,£1.38 per 100g,,fresh
Morrisons Pizza Dough,Morrisons Pizza Dough400g,£1.30,£3.25 per kg,,fresh
Morrisons Pizza Sides Onion Rings,Morrisons Pizza Sides Onion Rings250g,£3.25,£1.30 per 100g,Buy 1 pizza and 2 sides for £8,fresh
Morrisons Plant Revolution Cherry Soya Yogurts ,Morrisons Plant Revolutio...4 x 100g,£1.29,32.3p per 100g,,fresh
Morrisons Plant Revolution Chilli Con Carne & Rice,Morrisons Plant Revolution...350g,£2.75,78.6p per 100g,"Offer price £2.75, was £2.99",fresh
Morrisons Plant Revolution Mango Soya Yogurts,Morrisons Plant Revolutio...4 x 100g,£1.29,32.3p per 100g,,fresh
Morrisons Plant Revolution No Chicken Tikka Masala & Pilau Rice,Morrisons Plant Revolution No Chicken...350g,£2.75,78.6p per 100g,"Offer price £2.75, was £2.99",fresh
Morrisons Plant Revolution No Hoisin Duck Wrap,Morrisons Plant Revolutio...197g,£2.75,£1.40 per 100g,,fresh
Morrisons Plant Revolution Vegetable Paella,Morrisons Plant Revolut...350g,£2.75,78.6p per 100g,"Offer price £2.75, was £2.99",fresh
Morrisons Pork & Egg Roll,Morrisons Pork & Egg Roll160g,£1.49,£9.31 per kg,,fresh
Morrisons Pork Cocktail Sausages,Morrisons Pork Cocktail Sausages82g,£1.25,£1.52 per 100g,Food To Go Meal Deal for £3.50,fresh
Morrisons Pork Cocktail Sausages 20 Pack,Morrisons Pork Cocktail Sausages 20 Pack164g,£1.25,£7.63 per kg,"Offer price £1.25, was £1.49",fresh
Morrisons Pork Cocktail Sausages 30 Pack,Morrisons Pork Cocktail Sausages 30 Pack246g,£2.39,97.2p per 100g,Buy 2 for £3.50,fresh
Morrisons Pork Sausage Rolls 28 Pack,Morrisons Pork Sausage Rolls 28 Pack420g,£3,71.4p per 100g,,fresh
 Morrisons Potato Salad, Morrisons Potato Salad300g,£1.09,36.3p per 100g,,fresh
Morrisons Prawn Mayonnaise Sandwich,Morrisons Prawn Mayonnaise Sandwich,£2.85,,Food To Go Meal Deal for £3.50,fresh
Morrisons Prawn Toast,Morrisons Prawn Toast200g,£3.25,£1.63 per 100g,,fresh
Morrisons Profiterole Dessert,Morrisons Profiterole Dessert95g,£2,£2.11 per 100g,,fresh
Morrisons Profiteroles ,Morrisons Profiteroles 2 x 90g,£1.35,75p per 100g,"Offer price £1.35, was £1.49",fresh
Morrisons Profiteroles,Morrisons Profiteroles450g,£3.29,73.1p per 100g,,fresh
Morrisons Prosciutto Cotto,Morrisons Prosciutto Cotto110g,£2.25,£2.05 per 100g,,fresh
Morrisons Pub Style 2 Steak & Ale Pies ,Morrisons Pub Style 2 Steak & Ale Pies 440g,£3.30,£7.50 per kg,Save 80p Off Your Next Shop,fresh
Morrisons Puff Pastry Block,Morrisons Puff Pastry Block425g,£1.29,30.4p per 100g,,fresh
"Morrisons Puff Pastry Chicken, Ham & Leek Pie","Morrisons Puff Pastry Chicken, Ham & Leek Pie200g",£1.79,89.5p per 100g,,fresh
"Morrisons Puff Pastry Chicken, Ham & Leek Pie","Morrisons Puff Pastry Chicken, Ham & Leek Pie550g",£3.95,71.8p per 100g,,fresh
Morrisons Puff Pastry Steak & Ale Pie,Morrisons Puff Pastry Steak & Ale Pie200g,£1.79,89.5p per 100g,,fresh
Morrisons Puff Pastry Steak & Ale Pie,Morrisons Puff Pastry Steak & Ale Pie550g,£3.95,71.8p per 100g,,fresh
Morrisons Puff Pastry Steak Pie ,Morrisons Puff Pastry Steak Pie 200g,£1.79,89.5p per 100g,,fresh
Morrisons Quiche Lorraine,Morrisons Quiche Lorraine400g,£2.75,68.8p per 100g,,fresh
Morrisons Quiche Lorraine        ,Morrisons Quiche Lorraine        170g,£1.95,£1.15 per 100g,,fresh
Morrisons Raspberry Cranberry & Blueberry Yogurt,Morrisons Raspberry Cranber...450g,£1.25,27.8p per 100g,,fresh
Morrisons Raspberry Trifle,Morrisons Raspberry Trifle600g,£2.49,41.5p per 100g,"Offer price £2.49, was £2.79",fresh
Morrisons Raspberry Trifles,Morrisons Raspberry Trifles3 x 135g,£1.99,49.1p per 100g,,fresh
Morrisons Ready Roll Puff Pastry,Morrisons Ready Roll Puff Pastry320g,£1.49,46.6p per 100g,,fresh
Morrisons Ready Roll Puff Pastry Light,Morrisons Ready Roll Puff Pastry Light320g,£1.25,39.1p per 100g,,fresh
Morrisons Ready Roll Shortcrust Pastry,Morrisons Ready Roll Shortcrust Pastry320g,£1.49,46.6p per 100g,,fresh
Morrisons Ready To Eat Flame Grilled Chicken Slices,Morrisons Ready To Eat Flame...160g,£2.99,£1.87 per 100g,,fresh
 Morrisons Ready To Eat Roast Chicken Breast Fillets, Morrisons Ready To Eat Roast...220g,£3.25,£1.48 per 100g,,fresh
Morrisons Ready To Eat Roast Cooked Whole Chicken,Morrisons Ready To Eat Roas...900g,£5.49,61p per 100g,,fresh
Morrisons Ready to Eat Smoked Streaky Bacon ,Morrisons Ready to Eat Smoked Streaky Bacon 50g,£2.99,£5.98 per 100g,,fresh
Morrisons Red Leicester,Morrisons Red Leicester240g,£2.69,£11.21 per kg,,fresh
Morrisons Red Leicester Cheese,Morrisons Red Leicester Cheese350g,£2.99,£8.54 per kg,,fresh
Morrisons Red Leicester Slices,Morrisons Red Leicester Slices240g,£2.65,£11.04 per kg,Buy 2 for £4.50,fresh
Morrisons Red Pepper Houmous,Morrisons Red Pepper Houmous200g,£1.35,67.5p per 100g,Buy 2 for £2,fresh
Morrisons Reduced Fat Creme Fraiche,Morrisons Reduced Fat Creme Fraiche300ml,£1.20,40p per 100ml,,fresh
Morrisons Reduced Fat Garlic Baguettes ,Morrisons Reduced Fat Garlic Baguettes 2 x 210g,£1.85,£4.40 per kg,,fresh
 Morrisons Reduced Fat Potato Salad, Morrisons Reduced Fat Potato Salad300g,£1.09,36.3p per 100g,,fresh
Morrisons Reduced Fat Soured Cream & Chive Dip,Morrisons Reduced Fat Soured Cream & Chive Dip170g,£1.35,79.4p per 100g,Buy 2 for £2,fresh
Morrisons Reduced Fat Spreadable,Morrisons Reduced Fat Spreadable450g,£2.49,55.3p per 100g,,fresh
Morrisons Rhubarb Fruited Yogurt,Morrisons Rhubarb Fruited Yogurt150g,50p,33.3p per 100g,,fresh
Morrisons Roast Chicken & Bacon Sandwich,Morrisons Roast Chicken & Bacon Sandwich,£2.85,,Food To Go Meal Deal for £3.50,fresh
Morrisons Roast Chicken Dinner,Morrisons Roast Chicken Dinner400g,£3.75,£9.38 per kg,,fresh
Morrisons Roast Chicken Slices,Morrisons Roast Chicken Slices180g,£3.25,£1.81 per 100g,,fresh
 Morrisons Roasted Vegetable Couscous, Morrisons Roasted Vegetable Couscous250g,£2.49,99.6p per 100g,Buy 2 for £4,fresh
Morrisons Roasted Vegetable Risotto,Morrisons Roasted Vegetable Risotto360g,£3.49,£9.69 per kg,Buy 2 for £6,fresh
Morrisons Roast Potatoes,Morrisons Roast Potatoes400g,£1.99,49.8p per 100g,,fresh
Morrisons Roast Skin On Chicken Fillets,Morrisons Roast Skin On Chicken Fillets220g,£3.25,£1.48 per 100g,,fresh
Morrisons Rocky Road Bar,Morrisons Rocky Road Bar50g,£1.25,£2.50 per 100g,Food To Go Meal Deal for £3.50,fresh
Morrisons Salad Cheese,Morrisons Salad Cheese200g,£1.79,£8.95 per kg,,fresh
Morrisons Salami Selection,Morrisons Salami Selection120g,£2.79,£2.33 per 100g,,fresh
Morrisons Sausage & Mash,Morrisons Sausage & Mash400g,£3.49,87.3p per 100g,,fresh
Morrisons Savers 15 Cheese Slices ,Morrisons Savers 15 Cheese Slices 255g,83p,£3.25 per kg,,fresh
Morrisons Savers Beef Lasagne,Morrisons Savers Beef Lasagne400g,£1.67,£4.18 per kg,,fresh
Morrisons Savers Beef Lasagne,Morrisons Savers Beef Lasagne400g,85p,21.3p per 100g,,fresh
Morrisons Savers Cheese & Tomato Pasta,Morrisons Savers Cheese & Tomato Pasta400g,85p,21.3p per 100g,,fresh
Morrisons Savers Cheese And Tomato Pizza ,Morrisons Savers Cheese And Tomato Pizza 270g,89p,£3.30 per kg,,fresh
Morrisons Savers Cheese Slices,Morrisons Savers Cheese Slices200g,£1.39,69.5p per 100g,,fresh
Morrisons Savers Chicken Curry,Morrisons Savers Chicken Curry400g,£1.67,£4.18 per kg,,fresh
Morrisons Savers Chicken Curry,Morrisons Savers Chicken Curry400g,85p,21.3p per 100g,,fresh
Morrisons Savers Chicken Pieces,Morrisons Savers Chicken Pieces750g,£4.26,56.8p per 100g,,fresh
Morrisons Savers Chocolate Mousse,Morrisons Savers Chocolate Mousse6 x 60g,72p,20p per 100g,,fresh
Morrisons Savers Cooked Chicken Tikka Breast Slices,Morrisons Savers Cooked Chick...210g,£1.99,94.8p per 100g,,fresh
Morrisons Savers Cooked Ham,Morrisons Savers Cooked Ham200g,£1.17,58.5p per 100g,,fresh
Morrisons Savers Cottage Pie,Morrisons Savers Cottage Pie400g,£1.67,£4.18 per kg,,fresh
Morrisons Savers Family Pack Breaded Ham ,Morrisons Savers Family Pack Breaded Ham 370g,£1.95,52.7p per 100g,,fresh
Morrisons  Savers Fromage Frais,Morrisons  Savers Fromage Frais12 x 55g,88p,13.3p per 100g,,fresh
Morrisons Savers Garlic Baguette ,Morrisons Savers Garlic Baguette 170g,37p,£2.18 per kg,,fresh
Morrisons Savers Grated Cheese,Morrisons Savers Grated Cheese1kg,£5.60,£5.60 per kg,,fresh
Morrisons Savers Grated Italian Style Hard Cheese,Morrisons Savers Grated Italian Style Hard Cheese120g,£1.67,£1.39 per 100g,,fresh
Morrisons Savers Grated Mixed Cheese,Morrisons Savers Grated Mixed Cheese500g,£2.80,56p per 100g,,fresh
Morrisons Savers Grilling Cheese ,Morrisons Savers Grilling Cheese 200g,£1.59,£7.95 per kg,,fresh
Morrisons Savers Hot & Spicy Cooked Chicken Breast Slices,Morrisons Savers Hot & Spicy Cook...210g,£1.99,94.8p per 100g,,fresh
Morrisons Savers Italian Style Hard Cheese,Morrisons Savers Italian Style Hard Cheese170g,£1.74,£10.24 per kg,,fresh
Morrisons Savers Lighter Mature Cheddar ,Morrisons Savers Lighter Mature Cheddar 350g,£2.35,£6.71 per kg,,fresh
Morrisons Savers Long Life Skimmed Milk,Morrisons Savers Long Life Skimmed Milk1L,69p,69p per litre,,fresh
Morrisons Savers Low Fat Natural Yogurt,Morrisons Savers Low Fat Natural Yogurt500g,45p,9p per 100g,,fresh
Morrisons Savers Low Fat Strawberry,Morrisons Savers Low Fat Strawberry450g,95p,21.1p per 100g,,fresh
Morrisons Savers Macaroni Cheese,Morrisons Savers Macaroni Cheese400g,£1.67,£4.18 per kg,,fresh
Morrisons Savers Macaroni Cheese,Morrisons Savers Macaroni Cheese400g,85p,21.3p per 100g,,fresh
Morrisons Savers Mature White Cheddar,Morrisons Savers Mature White Cheddar625g,£3.33,£5.33 per kg,,fresh
Morrisons Savers Mature White Cheddar ,Morrisons Savers Mature White Cheddar 350g,£2.35,£6.71 per kg,,fresh
Morrisons Savers Medium White Cheddar,Morrisons Savers Medium White Cheddar350g,£2.35,£6.71 per kg,,fresh
Morrisons Savers Mild White Cheddar,Morrisons Savers Mild White Cheddar625g,£3.33,£5.33 per kg,,fresh
Morrisons Savers Mild White Cheddar ,Morrisons Savers Mild White Cheddar 350g,£2.35,£6.71 per kg,,fresh
Morrisons Savers Mozzarella,Morrisons Savers Mozzarella100g,55p,55p per 100g,,fresh
Morrisons Savers Orange Juice from Concentrate,Morrisons Savers Orange Juice from Concentrate1L,85p,8.5p per 100ml,,fresh
Morrisons Savers Plain Soft Cheese,Morrisons Savers Plain Soft Cheese200g,83p,41.5p per 100g,,fresh
Morrisons Savers Pork Luncheon Meat ,Morrisons Savers Pork Luncheon Meat 250g,86p,34.4p per 100g,,fresh
Morrisons Savers Red Fruit Yogurts,Morrisons Savers Red Fruit Yogurts6 x 125g,79p,10.5p per 100g,,fresh
Morrisons Savers Red Leicester,Morrisons Savers Red Leicester350g,£2.35,£6.71 per kg,,fresh
Morrisons Savers Salad Cheese,Morrisons Savers Salad Cheese200g,85p,£4.25 per kg,,fresh
Morrisons Savers Salted Butter,Morrisons Savers Salted Butter250g,£1.89,£7.56 per kg,,fresh
Morrisons Savers Sausage & Mash,Morrisons Savers Sausage & Mash400g,£1.67,£4.18 per kg,,fresh
Morrisons Savers Spaghetti Bolognese,Morrisons Savers Spaghetti Bolognese400g,£1.67,£4.18 per kg,,fresh
Morrisons Savers Spaghetti Bolognese,Morrisons Savers Spaghetti Bolognese400g,85p,21.3p per 100g,,fresh
Morrisons Savers Spread,Morrisons Savers Spread900g,£1.69,18.8p per 100g,,fresh
Morrisons Savers Strawberry Trifle,Morrisons Savers Strawberry Trifle113g,33p,29.2p per 100g,,fresh
Morrisons Savers Sweet & Smokey Chicken Slices,Morrisons Savers Sweet & Smokey Chicken Slices210g,£1.99,94.8p per 100g,,fresh
Morrisons Savers Sweet & Sour Chicken,Morrisons Savers Sweet & Sour Chicken400g,85p,21.3p per 100g,,fresh
Morrisons Savers UHT Unsweetened Soya Milk Alternative,Morrisons Savers UHT Unsweetene...1L,50p,50p per litre,,fresh
Morrisons Savers Wafer Thin Cooked Ham,Morrisons Savers Wafer Thin Cooked Ham170g,£1.17,68.8p per 100g,,fresh
Morrisons Scottish Extra Mature White Cheddar,Morrisons Scottish Extra Mature White Cheddar240g,£2.69,£11.21 per kg,,fresh
Morrisons Scottish Mature Coloured Cheddar,Morrisons Scottish Mature Coloured Cheddar240g,£2.69,£11.21 per kg,,fresh
Morrisons Scottish Mature White Cheddar,Morrisons Scottish Mature White Cheddar240g,£2.69,£11.21 per kg,,fresh
Morrisons Scottish Medium Cheddar Cheese,Morrisons Scottish Medium Cheddar Cheese350g,£2.99,£8.54 per kg,,fresh
Morrisons Scottish Medium Coloured Cheddar,Morrisons Scottish Medium Coloured Cheddar240g,£2.69,£11.21 per kg,,fresh
Morrisons Scottish Medium White Cheddar,Morrisons Scottish Medium White Cheddar240g,£2.69,£11.21 per kg,,fresh
Morrisons Scottish Mild Coloured Cheddar,Morrisons Scottish Mild Coloured Cheddar240g,£2.69,£11.21 per kg,,fresh
Morrisons Scottish Mild White Cheddar,Morrisons Scottish Mild White Cheddar240g,£2.69,£11.21 per kg,,fresh
Morrisons Seafood Cocktail Sandwich,Morrisons Seafood Cocktail Sandwich200g,£1.89,94.5p per 100g,,fresh
Morrisons Semi Dried Tomato & Mozzarella,Morrisons Semi Dried Tomato & Mozzarella140g,£2.85,£2.04 per 100g,,fresh
Morrisons Semi Dried Tomatoes,Morrisons Semi Dried Tomatoes150g,£2.15,£1.43 per 100g,"Offer price £2.15, was £2.39",fresh
Morrisons Shepherds Pie,Morrisons Shepherds Pie400g,£3.49,87.3p per 100g,,fresh
Morrisons Shortcrust Minced Steak & Onion Pie,Morrisons Shortcrust Minced Steak & Onion Pie200g,£1.79,89.5p per 100g,,fresh
Morrisons Shortcrust Pastry Block,Morrisons Shortcrust Pastry Block425g,£1.29,30.4p per 100g,,fresh
Morrisons Shortcrust Steak & Kidney Pie,Morrisons Shortcrust Steak & Kidney Pie200g,£1.79,89.5p per 100g,,fresh
Morrisons Shortcrust Steak Pie,Morrisons Shortcrust Steak Pie200g,£1.79,89.5p per 100g,,fresh
Morrisons Short Crust Steak Pie,Morrisons Short Crust Steak Pie550g,£3.95,71.8p per 100g,,fresh
Morrisons Single Cream,Morrisons Single Cream150ml,80p,53.3p per 100ml,,fresh
Morrisons Single Cream,Morrisons Single Cream300ml,£1.20,40p per 100ml,,fresh
Morrisons Single Cream,Morrisons Single Cream600ml,£2.10,35p per 100ml,,fresh
Morrisons Sliced Cooked Beef Thin,Morrisons Sliced Cooked Beef Thin100g,£1.59,£1.59 per 100g,,fresh
Morrisons Sliced Spanish Chorizo,Morrisons Sliced Spanish Chorizo100g,£1.29,£1.29 per 100g,,fresh
Morrisons Slow Cooked Beef Stroganoff,Morrisons Slow Cooked Beef Stroganoff450g,£5,£11.11 per kg,,fresh
Morrisons Smoked Cheese Slices,Morrisons Smoked Cheese Slices160g,£2.65,£16.56 per kg,Buy 2 for £4.50,fresh
Morrisons Smoked Ham ,Morrisons Smoked Ham 100g,£2,£2.00 per 100g,,fresh
Morrisons Smooth Brussels Pate,Morrisons Smooth Brussels Pate200g,£1.25,62.5p per 100g,,fresh
Morrisons Smooth Brussels PÃ¢tÃ© Tub,Morrisons Smooth Brussels PÃ¢tÃ© Tub175g,99p,56.6p per 100g,,fresh
Morrisons Snack Celery Sticks With A Black Pepper Cream Cheese Dip,Morrisons Snack Celery Sticks With A Bl...125g,£1.75,£1.40 per 100g,Food To Go Meal Deal for £3.50,fresh
Morrisons Snack Salt & Pepper Breadsticks With A Red Pepper Harissa Dip,Morrisons Snack Salt & Pepper Breadsticks...125g,£1.50,£1.20 per 100g,Food To Go Meal Deal for £3.50,fresh
Morrisons Snack Seafood Sticks With Marie Rose Sauce,Morrisons Snack Seafood Stick...100g,£1.75,£1.75 per 100g,Food To Go Meal Deal for £3.50,fresh
Morrisons Soft Spread For Baking,Morrisons Soft Spread For Baking2kg,£3.39,£1.70 per kg,,fresh
Morrisons Soured Cream,Morrisons Soured Cream150ml,75p,50p per 100ml,,fresh
Morrisons Soured Cream,Morrisons Soured Cream300ml,£1.20,40p per 100ml,,fresh
Morrisons Soured Cream & Chive Dip,Morrisons Soured Cream & Chive Dip170g,£1.35,79.4p per 100g,Buy 2 for £2,fresh
Morrisons  Southern Fried Chicken Wrap,Morrisons  Southern Fried Chicken Wrap,£2.85,,Food To Go Meal Deal for £3.50,fresh
Morrisons South Indian Veg Curry,Morrisons South Indian Veg Curry400g,£1.99,49.8p per 100g,Buy 3 for £5,fresh
Morrisons Spaghetti & Meatballs ,Morrisons Spaghetti & Meatballs 400g,£3.49,£8.73 per kg,Buy 2 for £6,fresh
Morrisons Spaghetti Carbonara ,Morrisons Spaghetti Carbonara 400g,£3.49,£8.73 per kg,Buy 2 for £6,fresh
Morrisons Spanish Chicken & Potatoes ,Morrisons Spanish Chicken & Potatoes 1.35kg,£6.99,£5.18 per kg,,fresh
Morrisons Spanish Chorizo Ring,Morrisons Spanish Chorizo Ring200g,£2.49,£1.25 per 100g,,fresh
Morrisons Spanish Selection,Morrisons Spanish Selection120g,£2.75,£2.29 per 100g,,fresh
Morrisons Spanish Serrano Ham,Morrisons Spanish Serrano Ham80g,£1.80,£2.25 per 100g,,fresh
Morrisons Spicy Bean Enchiladas ,Morrisons Spicy Bean Enchiladas 400g,£3.49,£8.73 per kg,Buy 2 for £6,fresh
Morrisons Spicy Buffalo No Chick'n Sandwich,Morrisons Spicy Buffalo No Chick'n Sandwich206g,£2.85,£1.38 per 100g,,fresh
Morrisons Spicy Chorizo,Morrisons Spicy Chorizo100g,£1.29,£1.29 per 100g,,fresh
Morrisons Spicy Four Cheese Mix,Morrisons Spicy Four Cheese Mix200g,£2.65,£1.33 per 100g,Buy 2 for £4.50,fresh
Morrisons Spicy Sausage Tortelloni,Morrisons Spicy Sausage Tortelloni300g,£1.89,£6.30 per kg,Buy 2 for £3.50,fresh
Morrisons Spicy Spanish Chorizo Ring,Morrisons Spicy Spanish Chorizo Ring200g,£2.49,£1.25 per 100g,,fresh
Morrisons Spinach & Ricotta Cannelloni ,Morrisons Spinach & Ricotta Cannelloni 400g,£3.49,£8.73 per kg,Buy 2 for £6,fresh
Morrisons Spinach & Ricotta Tortelloni,Morrisons Spinach & Ricotta Tortelloni300g,£1.89,£6.30 per kg,Buy 2 for £3.50,fresh
Morrisons Spreadable,Morrisons Spreadable450g,£2.49,55.3p per 100g,,fresh
Morrisons Spreadable Goats Cheese ,Morrisons Spreadable Goats Cheese 150g,£1.95,£13.00 per kg,,fresh
Morrisons Steak & Ale with Cheesy Mash,Morrisons Steak & Ale with Cheesy Mash400g,£3.49,£8.73 per kg,Buy 2 for £6,fresh
Morrisons Steak & Kidney Pie,Morrisons Steak & Kidney Pie150g,99p,66p per 100g,,fresh
Morrisons Steak & Kidney Pie,Morrisons Steak & Kidney Pie400g,£3.75,93.8p per 100g,,fresh
Morrisons Steak Pie        ,Morrisons Steak Pie        150g,99p,66p per 100g,,fresh
Morrisons Stonebaked BBQ Chicken Pizza ,Morrisons Stonebaked BBQ Chicken Pizza 315g,£3.49,£11.08 per kg,Buy 2 for £6,fresh
Morrisons Stonebaked Cheese & Tomato Pizza ,Morrisons Stonebaked Cheese & Tomato Pizza 265g,£3.49,£13.17 per kg,Buy 2 for £6,fresh
Morrisons Stonebaked Ham & Pineapple Pizza ,Morrisons Stonebaked Ham & Pineapple Pizza 325g,£3.49,£10.74 per kg,Buy 2 for £6,fresh
Morrisons Stonebaked Meat Feast Pizza ,Morrisons Stonebaked Meat Feast Pizza 300g,£3.49,£11.63 per kg,Buy 2 for £6,fresh
Morrisons Stonebaked Pepperoni Pizza ,Morrisons Stonebaked Pepperoni Pizza 270g,£3.49,£12.93 per kg,Buy 2 for £6,fresh
Morrisons Stonebaked Spicy Chicken Pizza ,Morrisons Stonebaked Spicy Chicken Pizza 310g,£3.49,£11.26 per kg,Buy 2 for £6,fresh
Morrisons Stonebaked Spinach & Ricotta Pizza,Morrisons Stonebaked Spinach & Ricotta Pizza330g,£3.49,£10.58 per kg,Buy 2 for £6,fresh
Morrisons Strawberry & Banana Smoothie,Morrisons Strawberry & Banana Smoothie750ml,£1.80,24p per 100ml,,fresh
Morrisons Strawberry Cheesecakes ,Morrisons Strawberry Cheesecakes 3 x 100g,£2.25,75p per 100g,,fresh
Morrisons Strawberry Flavoured Fresh Milk,Morrisons Strawberry Flavoured Fresh Milk1L,£1.10,£1.10 per litre,"Offer price £1.10, was £1.25",fresh
Morrisons Strawberry Fromage Frais,Morrisons Strawberry Fromage Frais4 x 80g,£1,31.3p per 100g,,fresh
Morrisons Strawberry Fruited Yogurt,Morrisons Strawberry Fruited Yogurt150g,50p,33.3p per 100g,,fresh
Morrisons Strawberry Mousse,Morrisons Strawberry Mousse6 x 60g,£1.25,34.7p per 100g,,fresh
Morrisons Strawberry Protein Yoghurt,Morrisons Strawberry Protein Yoghurt200g,85p,42.5p per 100g,,fresh
Morrisons Strawberry Supreme Desserts,Morrisons Strawberry Supreme Desserts6 x 90g,£1.35,25p per 100g,,fresh
Morrisons Strawberry Trifle ,Morrisons Strawberry Trifle 600g,£2.49,41.5p per 100g,"Offer price £2.49, was £2.79",fresh
Morrisons Strawberry Trifles,Morrisons Strawberry Trifles3 x 135g,£1.99,49.1p per 100g,,fresh
Morrisons Stuffed Crust Cheese Feast Pizza ,Morrisons Stuffed Crust Cheese Feast Pizza 450g,£4,£8.89 per kg,,fresh
Morrisons Stuffed Peppers,Morrisons Stuffed Peppers150g,£2.45,£1.63 per 100g,"Offer price £2.45, was £2.75",fresh
Morrisons  Sun Blush Tomato & Garlic Flatbread ,Morrisons  Sun Blush Tomato & Garlic Flatbread 260g,£2.30,88.5p per 100g,,fresh
Morrisons Sweet & Sour Battered Chicken,Morrisons Sweet & Sour Battered Chicken400g,£1.69,£4.23 per kg,,fresh
Morrisons Sweet & Sour Chicken & Egg Fried Rice,Morrisons Sweet & Sour Chicken & Egg Fried Rice375g,£3.49,93.1p per 100g,,fresh
Morrisons Sweet Chilli Chicken,Morrisons Sweet Chilli Chicken390g,£4.49,£11.51 per kg,Buy 2 for £8,fresh
Morrisons Sweet Chilli Chicken Wings,Morrisons Sweet Chilli Chicken Wings450g,£3.25,£7.22 per kg,,fresh
Morrisons Sweet Chilli Houmous,Morrisons Sweet Chilli Houmous200g,£1.35,67.5p per 100g,Buy 2 for £2,fresh
 Morrisons Sweet Chilli Noodles, Morrisons Sweet Chilli Noodles260g,£2.49,95.8p per 100g,Buy 2 for £4,fresh
Morrisons Sweet Pancakes,Morrisons Sweet Pancakes6 per pack,£1.85,30.9p each,"Offer price £1.85, was £1.99",fresh
Morrisons Sweet Potato Fritters,Morrisons Sweet Potato Fritters225g,£2.50,£1.11 per 100g,,fresh
Morrisons Swiss Le Gruyere Cheese,Morrisons Swiss Le Gruyere Cheese170g,£3.49,£20.53 per kg,,fresh
Morrisons Takeaway Beef In Black Bean,Morrisons Takeaway Beef In Black Bean350g,£3.99,£11.40 per kg,,fresh
Morrisons Takeaway Chicken Dhansak,Morrisons Takeaway Chicken Dhansak350g,£3.99,£1.14 per 100g,,fresh
Morrisons Takeaway Chinese Special Chow Mein,Morrisons Takeaway Chin...350g,£3.99,£11.40 per kg,,fresh
Morrisons Takeaway Crispy Chilli Chicken ,Morrisons Takeaway Crispy Chilli Chicken 400g,£3.99,£9.98 per kg,,fresh
Morrisons Takeaway Crispy Lemon Chicken,Morrisons Takeaway Crispy Lemon Chicken400g,£3.99,£9.98 per kg,,fresh
Morrisons Takeaway Egg Fried Rice,Morrisons Takeaway Egg Fried Rice270g,£1.79,66.3p per 100g,,fresh
Morrisons Takeaway Indian Aloo Gobi Saag,Morrisons Takeaway Indian Aloo Gobi Saag225g,£1.59,£7.07 per kg,,fresh
Morrisons Takeaway Indian Bombay Potato,Morrisons Takeaway Indian Bombay Potato225g,£1.59,£7.07 per kg,,fresh
Morrisons Takeaway Indian Chicken Balti,Morrisons Takeaway Indian Chicken Balti350g,£3.99,£11.40 per kg,,fresh
Morrisons Takeaway Indian Chicken Jalfrezi,Morrisons Takeaway Indian Chicken Jalfrezi350g,£3.99,£11.40 per kg,,fresh
Morrisons Takeaway Indian Chicken Korma,Morrisons Takeaway Indian Chicken Korma350g,£3.99,£11.40 per kg,,fresh
Morrisons Takeaway Indian Chicken Madras,Morrisons Takeaway Indian Chicken Madras350g,£3.99,£11.40 per kg,,fresh
Morrisons Takeaway Indian Chicken Makhani,Morrisons Takeaway Indian Chicken Makhani350g,£3.99,£11.40 per kg,,fresh
Morrisons Takeaway Indian Chicken Tikka Masala,Morrisons Takeaway Indian...350g,£3.99,£11.40 per kg,,fresh
Morrisons Takeaway Indian Hot Chicken Tikka Masala,Morrisons Takeaway Indian H...350g,£3.99,£11.40 per kg,,fresh
Morrisons Takeaway Indian Lamb Rogan Josh,Morrisons Takeaway Indian Lamb Rogan Josh350g,£3.99,£11.40 per kg,,fresh
Morrisons Takeaway Meal For 2 Chicken & Blackbean & Sweet and Sour ,Morrisons Takeaway Meal For 2 Chicken &...1245g,£9.25,£7.43 per kg,,fresh
Morrisons Takeaway Meal For 2 Sweet & Sour Curry,Morrisons Takeaway Meal For 2 Sweet & Sour Curry1245g,£9.25,£7.43 per kg,,fresh
Morrisons Takeaway Pilau Rice,Morrisons Takeaway Pilau Rice270g,£1.79,66.3p per 100g,,fresh
Morrisons Takeaway Tadka Dal ,Morrisons Takeaway Tadka Dal 300g,£2.09,£6.97 per kg,,fresh
Morrisons Takeaway Tricolor Rice,Morrisons Takeaway Tricolor Rice270g,£1.79,66.3p per 100g,,fresh
Morrisons Takeaway Vegetable Masala,Morrisons Takeaway Vegetable Masala350g,£3.99,£1.14 per 100g,,fresh
Morrisons Takeaway Vegetable Noodles,Morrisons Takeaway Vegetable Noodles250g,£1.60,£6.40 per kg,,fresh
Morrisons Tandoori Chicken Breast Fillets,Morrisons Tandoori Chicken Breast Fillets420g,£4.49,£10.69 per kg,Buy 2 for £8,fresh
Morrisons Taramasalata,Morrisons Taramasalata170g,£1.35,79.4p per 100g,Buy 2 for £2,fresh
Morrisons Taste Of America Pulled Chicken Burrito,Morrisons Taste Of America...400g,£3.99,£9.98 per kg,Buy 2 for £6,fresh
Morrisons Tex Mex BBQ Chicken With Paprika & Roasted Potatoes,Morrisons Tex Mex BBQ Chicken With...450g,£3.49,£7.76 per kg,Buy 2 for £6,fresh
Morrisons Tex Mex Chilli Con Carne & Rice,Morrisons Tex Mex Chilli Con Carne & Rice400g,£3.49,£8.73 per kg,Buy 2 for £6,fresh
Morrisons Tex Mex Dip Selection,Morrisons Tex Mex Dip Selection400g,£2.39,59.8p per 100g,,fresh
Morrisons Tex Mex Fajita Chicken & Spicy Rice,Morrisons Tex Mex Fajita Chicken & Spicy Rice400g,£3.49,£8.73 per kg,Buy 2 for £6,fresh
"Morrisons The Best 12"" Middle Eastern Vegetable Pizza","Morrisons The Best 12"" Middle...500g",£4.99,£9.98 per kg,,fresh
Morrisons The Best 2 Salmon En Croute ,Morrisons The Best 2 Salmon En Croute 450g,£5,£11.11 per kg,,fresh
Morrisons The Best 3 Cheese & Garlic Flatbreads,Morrisons The Best 3 Chee...275g,£2.49,90.5p per 100g,,fresh
Morrisons The Best 9 Month Matured Manchego,Morrisons The Best 9 Month Matured Manchego175g,£3.75,£21.43 per kg,,fresh
Morrisons The Best Aged Red Leicester,Morrisons The Best Aged Red Leicester300g,£2.85,£9.50 per kg,"Offer price £2.85, was £3.49",fresh
Morrisons The Best Apple Crumble Yogurt,Morrisons The Best Apple Crumble Yogurt150g,85p,56.6p per 100g,"Offer price 85p, was 95p",fresh
Morrisons The Best Bacon & Camembert Tart,Morrisons The Best Bacon & Camembert Tart150g,£1.99,£1.33 per 100g,,fresh
Morrisons The Best Barrel Aged Feta,Morrisons The Best Barrel Aged Feta150g,£2.09,£13.94 per kg,"Offer price £2.09, was £2.59",fresh
Morrisons The Best Basil Pesto Ravioli,Morrisons The Best Basil Pesto Ravioli250g,£2.99,£1.20 per 100g,,fresh
Morrisons The Best BBQ Pulled Pork & Corn Sandwich Filler,Morrisons The Best BBQ Pulled Por...150g,£2.25,£1.50 per 100g,,fresh
Morrisons The Best Beef And Wine Mezzalune ,Morrisons The Best Beef And Wine Mezzalune 250g,£2.99,£1.20 per 100g,,fresh
Morrisons The Best Beef Basted Roast Potatoes,Morrisons The Best Beef Basted Roast Potatoes400g,£2.49,£6.23 per kg,,fresh
Morrisons The Best Beef Bourguignon,Morrisons The Best Beef Bourguignon400g,£4.49,£1.12 per 100g,Buy 2 for £8,fresh
Morrisons The Best Beef Dripping Yorkshire Puddings,Morrisons The Best Beef Dripp...192g,£2.35,£12.24 per kg,,fresh
Morrisons The Best Beef Lasagne,Morrisons The Best Beef Lasagne750g,£6.49,86.5p per 100g,,fresh
Morrisons The Best Beef Massaman,Morrisons The Best Beef Massaman400g,£4.49,£1.12 per 100g,Buy 2 for £8,fresh
Morrisons The Best Beer Battered Cod Fillets,Morrisons The Best Beer Battered Cod Fillets390g,£4.25,£10.90 per kg,,fresh
Morrisons The Best Belgian Chocolate Milkshake,Morrisons The Best Belgia...250ml,£1.10,£4.40 per litre,,fresh
Morrisons The Best Black Cherry Yoghurt,Morrisons The Best Black Cherry Yoghurt150g,85p,56.6p per 100g,"Offer price 85p, was 89p",fresh
Morrisons The Best Black Olive Flatbread,Morrisons The Best Black Olive Flatbread75g,£1.85,£2.47 per 100g,,fresh
Morrisons The Best Breaded Wiltshire Ham ,Morrisons The Best Breaded Wiltshire Ham 120g,£2.99,£2.49 per 100g,Buy 2 for £5,fresh
Morrisons The Best Brie De Meaux,Morrisons The Best Brie De Meaux165g,£3.75,£22.73 per kg,,fresh
Morrisons The Best British Cheese Selection Pack ,Morrisons The Best British Cheese Selection Pack 155g,£3.49,£22.52 per kg,,fresh
Morrisons The Best British Dry Cured Unsmoked Gammon Steaks,Morrisons The Best British Dry Cu...400g,£4.50,£11.25 per kg,,fresh
Morrisons The Best British Lamb Moussaka,Morrisons The Best British Lamb Moussaka400g,£4.49,£11.23 per kg,Buy 2 for £8,fresh
Morrisons The Best British Maple Bacon & Cheddar Quiche,Morrisons The Best British Mapl...450g,£3.99,£8.87 per kg,,fresh
Morrisons The Best Brussels Pate  with Caramelised Shallots,Morrisons The Best Brussels Pate...150g,£2.75,£1.83 per 100g,,fresh
Morrisons The Best Brussels Pate With Wild Mushrooms,Morrisons The Best Brussels P...2 x 75g,£2.75,£1.83 per 100g,,fresh
Morrisons The Best Buffalo Mozzarella,Morrisons The Best Buffalo Mozzarella125g,£2.49,£19.92 per kg,,fresh
Morrisons The Best Butternut Squash & Sage Girasole,Morrisons The Best Butternut...250g,£2.99,£11.96 per kg,,fresh
Morrisons The Best Caled Vintage Cheddar,Morrisons The Best Caled Vintage Cheddar300g,£3.25,£10.83 per kg,,fresh
Morrisons The Best Cauliflower Cheese,Morrisons The Best Cauliflower Cheese400g,£2.95,£7.38 per kg,,fresh
Morrisons The Best Cave Aged Goats Cheese ,Morrisons The Best Cave Aged Goats Cheese 150g,£2.99,£1.99 per 100g,,fresh
Morrisons The Best Charlotte Potato Salad,Morrisons The Best Charlotte Potato Salad270g,£2.19,81.1p per 100g,,fresh
Morrisons The Best Charlotte Potato Salad & Coleslaw,Morrisons The Best Charlotte...450g,£2.79,62p per 100g,,fresh
  Morrisons The Best Cheese Coleslaw,  Morrisons The Best Cheese Coleslaw300g,£1.99,66.3p per 100g,,fresh
Morrisons The Best Cherry Tomato Goats Cheese & Spinach Tart,Morrisons The Best Cherry Tomato Go...150g,£1.99,£1.33 per 100g,,fresh
Morrisons The Best Chicken & Ham Pie Topped WithRosti,Morrisons The Best Chicken &...400g,£4.49,£11.23 per kg,Buy 2 for £8,fresh
Morrisons The Best Chicken & Mushroom Soup,Morrisons The Best Chicken & Mushroom Soup600g,£2.99,£4.98 per kg,,fresh
Morrisons The Best Chicken And Pesto Pizza ,Morrisons The Best Chicken And Pesto Pizza 470g,£4.99,£10.62 per kg,,fresh
Morrisons The Best Chicken Biryani,Morrisons The Best Chicken Biryani400g,£4.49,£11.23 per kg,Buy 2 for £8,fresh
Morrisons The Best Chicken Korma & Rice ,Morrisons The Best Chicken Korma & Rice 400g,£4.49,£11.23 per kg,Buy 2 for £8,fresh
Morrisons The Best Chicken Primavera,Morrisons The Best Chicken Primavera400g,£4.49,£1.12 per 100g,Buy 2 for £8,fresh
Morrisons The Best Chicken Tikka Masala with Saffron Pilau Rice,Morrisons The Best Chicken Tikka Masa...400g,£4.49,£11.23 per kg,Buy 2 for £8,fresh
Morrisons The Best Chocolate Mousse,Morrisons The Best Chocolate Mousse100g,85p,85p per 100g,,fresh
Morrisons The Best Chunky Pork Sausage Roll,Morrisons The Best Chunky Pork Sausage Roll200g,£2.49,£12.45 per kg,,fresh
Morrisons The Best Cinco Lanzas 16 Months,Morrisons The Best Cinco Lanzas 16 Months200g,£3.49,£17.45 per kg,,fresh
Morrisons The Best Coleslaw,Morrisons The Best Coleslaw500g,£2.50,50p per 100g,,fresh
 Morrisons The Best Coleslaw , Morrisons The Best Coleslaw 300g,£1.40,46.7p per 100g,,fresh
Morrisons The Best Coleslaw ,Morrisons The Best Coleslaw 180g,£1.09,£6.06 per kg,,fresh
Morrisons The Best Cottage Pie,Morrisons The Best Cottage Pie750g,£6.49,86.5p per 100g,,fresh
Morrisons The Best Cottage Pie with Real Ale Gravy,Morrisons The Best Cottage...400g,£4.49,£11.23 per kg,Buy 2 for £8,fresh
Morrisons The Best Creamy Maris Piper Mash,Morrisons The Best Creamy Maris Piper Mash450g,£1.99,£4.42 per kg,,fresh
Morrisons The Best Cremes Brulees,Morrisons The Best Cremes Brulees2 x 102g,£3.79,£1.86 per 100g,,fresh
Morrisons The Best Dine In Creamy Garlic Mushrooms,Morrisons The Best Dine In Creamy Garlic Mushrooms300g,£3,£10.00 per kg,,fresh
Morrisons The Best Extra Mature Farmhouse Cheddar,Morrisons The Best Extra Ma...300g,£2.85,£9.50 per kg,"Offer price £2.85, was £3.25",fresh
Morrisons The Best Fennel Salami & Fior Di Latte Pizza ,Morrisons The Best Fennel Salam...458g,£4.99,£10.90 per kg,,fresh
Morrisons The Best Finely Sliced Applewood Smoked Ham,Morrisons The Best Finely Sli...100g,£2.99,£2.99 per 100g,Buy 2 for £5,fresh
Morrisons The Best Finely Sliced Dry Cured Cooked Ham,Morrisons The Best Finely Sli...100g,£2.99,£2.99 per 100g,Buy 2 for £5,fresh
 Morrisons The Best Finely Sliced Dry Cured Honey Roast Ham, Morrisons The Best Finely Sliced...100g,£2.99,£2.99 per 100g,Buy 2 for £5,fresh
Morrisons The Best Finely Sliced Topside Of Beef,Morrisons The Best Finely Sliced Topside Of Beef80g,£2.99,£3.74 per 100g,Buy 2 for £5,fresh
Morrisons The Best Five Cheese Pasta Sauce,Morrisons The Best Five Cheese Pasta Sauce350g,£2.75,78.6p per 100g,,fresh
Morrisons The Best French Camembert,Morrisons The Best French Camembert250g,£3.19,£12.76 per kg,,fresh
Morrisons The Best French Comte,Morrisons The Best French Comte170g,£3.39,£19.94 per kg,,fresh
Morrisons The Best Freshly Squeezed Orange Juice with Bits,Morrisons The Best Freshly Squeez...1L,£2.99,29.9p per 100ml,,fresh
Morrisons The Best Garlic Ciabatta Breadsticks,Morrisons The Best Garlic Ciabatta Breadsticks142g,£2,£1.41 per 100g,,fresh
Morrisons The Best Goats Cheese & Caramelised Onion Quiche,Morrisons The Best Goats Cheese &...450g,£3.99,88.7p per 100g,,fresh
Morrisons The Best Gooseberry Fool ,Morrisons The Best Gooseberry Fool 114g,95p,83.3p per 100g,,fresh
Morrisons The Best Gorgonzola Piccante,Morrisons The Best Gorgonzola Piccante150g,£2.99,£19.93 per kg,,fresh
Morrisons The Best Greek Yogurt 0% Fat,Morrisons The Best Greek Yogurt 0% Fat500g,£2.29,45.8p per 100g,,fresh
Morrisons The Best Greek Yogurt 10% Fat,Morrisons The Best Greek Yogurt 10% Fat500g,£2.29,45.8p per 100g,,fresh
Morrisons The Best Halloumi,Morrisons The Best Halloumi225g,£3.49,£15.51 per kg,,fresh
"Morrisons The Best Ham, Mushroom & Mascarpone Pizza ","Morrisons The Best Ham, Mushr...515g",£4.99,£9.69 per kg,,fresh
Morrisons The Best Hampshire Dry Cured Ham,Morrisons The Best Hamp...120g,£2.99,£2.49 per 100g,Buy 2 for £5,fresh
Morrisons The Best Hoisin Pork Pizza ,Morrisons The Best Hoisin Pork Pizza 470g,£4.99,£10.62 per kg,,fresh
Morrisons The Best Houmous Chickpea & Paprika,Morrisons The Best Houmou...170g,£1.89,£1.11 per 100g,,fresh
Morrisons The Best Japanese Yakitori Style Chicken Pizza,Morrisons The Best Japanese Yak...500g,£4.99,99.8p per 100g,,fresh
Morrisons The Best King Prawn & Chicken Paella,Morrisons The Best King Prawn & Chicken Paella350g,£4.49,£12.83 per kg,Buy 2 for £8,fresh
Morrisons The Best King Prawn Chicken & Chorizo Paella,Morrisons The Best King Prawn C...750g,£6.99,93.2p per 100g,,fresh
Morrisons The Best Korean BBQ Mushroom,Morrisons The Best Korean BBQ Mushroom400g,£4.49,£1.12 per 100g,Buy 2 for £8,fresh
Morrisons The Best Lancashire Hot Pot,Morrisons The Best Lancashire Hot Pot400g,£4.49,£11.23 per kg,Buy 2 for £8,fresh
Morrisons The Best Langres ,Morrisons The Best Langres 180g,£3.25,£18.06 per kg,,fresh
Morrisons The Best  Lasagne Al Forno,Morrisons The Best  Lasagne Al Forno400g,£4.49,£11.23 per kg,Buy 2 for £8,fresh
Morrisons The Best Mac & Cheese,Morrisons The Best Mac & Cheese800g,£6.99,87.4p per 100g,,fresh
Morrisons The Best Macaroni Cheese,Morrisons The Best Macaroni Cheese400g,£4.49,£11.23 per kg,Buy 2 for £8,fresh
Morrisons The Best Madagascan Vanilla Custard,Morrisons The Best Madaga...500g,£2.39,47.8p per 100g,,fresh
Morrisons The Best Madagascan Vanilla Milkshake,Morrisons The Best Madaga...250ml,£1.10,£4.40 per litre,,fresh
Morrisons The Best Madagascan Vanilla Yoghurt,Morrisons The Best Madaga...150g,85p,56.7p per 100g,,fresh
Morrisons The Best Mango & Passion Fruit Cheesecakes,Morrisons The Best Mango & Pa...2 per pack,£3.25,£1.63 each,,fresh
Morrisons The Best Maran Heritage Breed Medium Eggs 6 pack,Morrisons The Best Maran Heritage...6 per pack,£2.49,41.5p each,,fresh
Morrisons The Best Margherita With Pesto Pizza ,Morrisons The Best Marghe...470g,£4.99,£10.62 per kg,,fresh
Morrisons The Best Maris Piper Dauphinoise Potatoes,Morrisons The Best Maris Pipe...400g,£2.75,£6.88 per kg,,fresh
Morrisons The Best Mature Blue Stilton,Morrisons The Best Mature Blue Stilton200g,£3.19,£15.95 per kg,,fresh
Morrisons The Best Mature Double Gloucester,Morrisons The Best Mature Double Gloucester225g,£3.19,£14.18 per kg,,fresh
  Morrisons The Best Moroccan Couscous Salad,  Morrisons The Best Moroccan Couscous Salad240g,£2.49,£1.04 per 100g,Buy 2 for £4,fresh
Morrisons The Best Mortadella,Morrisons The Best Mortadella100g,£2.09,£2.09 per 100g,,fresh
Morrisons The Best Moussaka,Morrisons The Best Moussaka750g,£6.99,93.2p per 100g,,fresh
"Morrisons The Best Mushroom, White Wine & Roasted Garlic Girasole Pasta",Morrisons The Best Mushroom...250g,£2.99,£11.96 per kg,,fresh
Morrisons The Best Mushroom Soup,Morrisons The Best Mushroom Soup600g,£2.99,49.8p per 100g,,fresh
Morrisons The Best 'Nduja Meat Feast Pizza ,Morrisons The Best 'Nduja Meat Feast Pizza 465g,£4.99,£10.73 per kg,,fresh
Morrisons The Best Parmigiano Reggiano,Morrisons The Best Parmigiano Reggiano170g,£3.59,£21.12 per kg,,fresh
Morrisons The Best Pastrami New Yorker Sandwich Filler ,Morrisons The Best Pastrami New...140g,£2.25,£1.61 per 100g,,fresh
Morrisons The Best Pea & British Ham Hock Soup ,Morrisons The Best Pea & British Ham Hock Soup 600g,£2.99,49.8p per 100g,,fresh
Morrisons The Best Peaches & Cream Yogurt,Morrisons The Best Peaches & Cream Yogurt150g,85p,56.6p per 100g,"Offer price 85p, was 89p",fresh
Morrisons The Best Pepper & Mozzarella Pantofola,Morrisons The Best Pepper &...280g,£2.49,88.9p per 100g,,fresh
Morrisons The Best Pesto & Pine Nuts Houmous,Morrisons The Best Pesto & Pine Nuts Houmous170 per pack,£1.89,1.1p each,,fresh
Morrisons The Best Pesto Chicken & Tomatoes Sandwich Filler ,Morrisons The Best Pesto Chicken &...165g,£2.25,£1.36 per 100g,,fresh
Morrisons The Best Pink Lady With Strawberry Juice,Morrisons The Best Pink Lad...1L,£2.59,25.9p per 100ml,"Offer price £2.59, was £2.99",fresh
Morrisons The Best Pomodoro & Chianti Pasta Sauce ,Morrisons The Best Pomodoro...350g,£2.75,78.6p per 100g,,fresh
Morrisons The Best Prawn Bucatini,Morrisons The Best Prawn Bucatini400g,£4.49,£1.12 per 100g,Buy 2 for £8,fresh
Morrisons The Best Prawn Red Thai Curry,Morrisons The Best Prawn Red Thai Curry400g,£4.49,£11.23 per kg,Buy 2 for £8,fresh
Morrisons The Best Prosciutto Di Parma Ham,Morrisons The Best Prosciutto Di Parma Ham70g,£2.99,£4.27 per 100g,,fresh
Morrisons The Best Ravensoak Goat's  Cheese,Morrisons The Best Ravensoak Goat's  Cheese150g,£2.99,£19.93 per kg,,fresh
Morrisons The Best Red Onion & Cheese Pantofola,Morrisons The Best Red Onion & Cheese Pantofola275g,£2.49,90.5p per 100g,,fresh
  Morrisons The Best Reduced Calorie Coleslaw,  Morrisons The Best Reduced Calorie Coleslaw300g,£1.40,46.7p per 100g,,fresh
Morrisons The Best Rhubarb And Custard Yoghurt,Morrisons The Best Rhubar...150g,85p,56.6p per 100g,"Offer price 85p, was 95p",fresh
Morrisons The Best Roasted Hazelnut Yogurt,Morrisons The Best Roasted Hazelnut Yogurt150g,95p,63.3p per 100g,,fresh
Morrisons The Best Roast Garlic & Herb Flatbread ,Morrisons The Best Roast Garlic & Herb Flatbread 255g,£2.49,97.6p per 100g,,fresh
Morrisons The Best Roquefort ,Morrisons The Best Roquefort 100g,£2.59,£25.90 per kg,,fresh
Morrisons The Best Salmon Smoked Haddock & King Prawn Fish Pie,Morrisons The Best Salmon Smoked Ha...700g,£6.99,£9.99 per kg,,fresh
Morrisons The Best Salmon Smoked Haddock & King Prawn Fish Pie,Morrisons The Best Salmon Smoked Ha...400g,£4.49,£11.23 per kg,Buy 2 for £8,fresh
Morrisons The Best Salted Caramel Mousse,Morrisons The Best Salted Caramel Mousse100g,85p,85p per 100g,,fresh
Morrisons The Best Scottish Salmon Side With Orange & Cranberry,Morrisons The Best Scottish Salmon Si...870g,£13,£14.94 per kg,,fresh
Morrisons The Best Shepherd's Pie,Morrisons The Best Shepherd's Pie400g,£4.49,£11.23 per kg,Buy 2 for £8,fresh
Morrisons The Best Shorthorn Steak Pie ,Morrisons The Best Shorthorn Steak Pie 550g,£5.49,99.8p per 100g,,fresh
Morrisons The Best Sicilian Lemon Yoghurt,Morrisons The Best Sicilian Lemon Yoghurt150g,85p,56.7p per 100g,,fresh
Morrisons The Best Smoked Salmon Buccatini,Morrisons The Best Smoked Salmon Buccatini350g,£4.49,£1.28 per 100g,Buy 2 for £8,fresh
Morrisons The Best Smoky Bean Medley Sandwich Filler ,Morrisons The Best Smoky Bean...150g,£2.25,£1.50 per 100g,,fresh
Morrisons The Best Somerset Crunch Cheddar,Morrisons The Best Somerset Crunch Cheddar300g,£3.25,£10.83 per kg,,fresh
Morrisons The Best Somerset Roast Chicken Breast,Morrisons The Best Somerset...120g,£2.99,£24.92 per kg,Buy 2 for £5,fresh
Morrisons The Best Spaghetti Bolognaise,Morrisons The Best Spaghetti Bolognaise400g,£4.49,£11.23 per kg,Buy 2 for £8,fresh
Morrisons The Best Spaghetti Carbonara,Morrisons The Best Spaghetti Carbonara400g,£4.49,£1.12 per 100g,Buy 2 for £8,fresh
Morrisons The Best Spanish Apricot Fool     ,Morrisons The Best Spanish Apricot Fool     114g,95p,83.3p per 100g,,fresh
Morrisons The Best Spanish Chicken,Morrisons The Best Spanish Chicken800g,£6.99,87.4p per 100g,,fresh
Morrisons The Best Spanish Mandarin Orange & Yuzu Juice,Morrisons The Best Spanish Mand...1L,£2.59,25.9p per 100ml,,fresh
Morrisons The Best Spinach & Pinenut Pasta Salad,Morrisons The Best Spinach...215g,£2.49,£1.16 per 100g,,fresh
Morrisons The Best Spinach & Ricotta Mezzalune ,Morrisons The Best Spinac...250g,£2.99,£11.96 per kg,,fresh
Morrisons The Best Steak Hash,Morrisons The Best Steak Hash400g,£4.49,£1.12 per 100g,Buy 2 for £8,fresh
Morrisons The Best Steak Stroganoff ,Morrisons The Best Steak Stroganoff 400g,£4.49,£11.23 per kg,Buy 2 for £8,fresh
Morrisons The Best Sticky Toffee Yoghurt Jar Limited Edition,Morrisons The Best Sticky Toffee Yo...350g,£1.99,56.9p per 100g,,fresh
Morrisons The Best Strawberries & Cream Yoghurt,Morrisons The Best Strawb...150g,85p,56.6p per 100g,"Offer price 85p, was 89p",fresh
Morrisons The Best Summer Berry Yoghurt Jar Limited Edition,Morrisons The Best Summer Berry Y...350g,£1.99,56.9p per 100g,,fresh
Morrisons The Best Taleggio Cheese,Morrisons The Best Taleggio Cheese200g,£3.29,£16.45 per kg,,fresh
Morrisons The Best Tasty Lancashire ,Morrisons The Best Tasty Lancashire 225g,£3.19,£14.18 per kg,,fresh
Morrisons The Best Thai Green Chicken Curry,Morrisons The Best Thai Green Chicken Curry400g,£4.49,£11.23 per kg,Buy 2 for £8,fresh
 Morrisons The Best Thickly Sliced Dry Cured Honey Roast Ham, Morrisons The Best Thickly Sliced...120g,£2.99,£2.49 per 100g,Buy 2 for £5,fresh
Morrisons The Best Topside Beef,Morrisons The Best Topside Beef80g,£2.99,£3.74 per 100g,Buy 2 for £5,fresh
Morrisons The Best Triple Cooked Chunky Chips,Morrisons The Best Triple Cooked Chunky Chips400g,£2.75,68.8p per 100g,,fresh
Morrisons The Best Wensleydale Blue ,Morrisons The Best Wensleydale Blue 140g,£2.50,£17.86 per kg,,fresh
Morrisons The Best West Country Butter,Morrisons The Best West Country Butter250g,£2.35,94p per 100g,,fresh
Morrisons The Best West Country Butter Roast Turkey Breast,Morrisons The Best West Country B...120g,£2.99,£2.49 per 100g,Buy 2 for £5,fresh
Morrisons The Best White Golden Yolk Free Range Eggs ,Morrisons The Best White Gold...6 per pack,£2.49,41.5p each,,fresh
 Morrisons The Best Wiltshire Ham, Morrisons The Best Wiltshire Ham120g,£2.99,£2.49 per 100g,Buy 2 for £5,fresh
Morrisons The Best Yoghurt Coleslaw ,Morrisons The Best Yoghurt Coleslaw 300g,£1.99,66.3p per 100g,,fresh
Morrisons The Best Yorkshire Pudding With Chicken & Pigs in Blankets,Morrisons The Best Yorkshire Pudding Wi...400g,£4.49,£11.23 per kg,Buy 2 for £8,fresh
Morrisons The Best Yorkshire Thick Cut Ham ,Morrisons The Best Yorkshire Thick Cut Ham 120g,£2.99,£2.49 per 100g,Buy 2 for £5,fresh
Morrisons The Best Yorkshire Wensleydale,Morrisons The Best Yorkshire Wensleydale225g,£3.19,£14.18 per kg,,fresh
Morrisons The Pizza Deal Chicken Pops,Morrisons The Pizza Deal Chicken Pops260g,£3,£1.15 per 100g,Buy 1 pizza and 2 sides for £8,fresh
Morrisons The Pizza Deal French Fries ,Morrisons The Pizza Deal French Fries 225g,£1.59,£7.07 per kg,Buy 1 pizza and 2 sides for £8,fresh
Morrisons The Pizza Deal Garlic Doughballs,Morrisons The Pizza Deal Garlic Doughballs275g,£3,£1.09 per 100g,Buy 1 pizza and 2 sides for £8,fresh
Morrisons The Pizza Deal Garlic Flatbreads,Morrisons The Pizza Deal Garlic Flatbreads340g,£3,88.2p per 100g,Buy 1 pizza and 2 sides for £8,fresh
Morrisons The Pizza Deal Loaded Potato Skins,Morrisons The Pizza Deal Loaded Potato Skins252g,£3.25,£12.90 per kg,Buy 1 pizza and 2 sides for £8,fresh
Morrisons The Pizza Deal Mozzarella Sticks ,Morrisons The Pizza Deal Mozzarella Sticks 240g,£3.49,£14.54 per kg,Buy 1 pizza and 2 sides for £8,fresh
Morrisons The Pizza Deal Seasoned Potato Wedges,Morrisons The Pizza Deal Seasoned Potato Wedges250g,£3.25,£13.00 per kg,Buy 1 pizza and 2 sides for £8,fresh
Morrisons The Pizza Deal Spicy Chicken Fajita Pizza,Morrisons The Pizza Deal Spicy Chicken Fajita Pizza495g,£5,£1.01 per 100g,Buy 1 pizza and 2 sides for £8,fresh
Morrisons The Pizza Deal Stuffed Crust Cheese Feast ,Morrisons The Pizza Deal Stuf...580g,£5,£8.62 per kg,Buy 1 pizza and 2 sides for £8,fresh
Morrisons The Pizza Deal Stuffed Crust Double Pepperoni ,Morrisons The Pizza Deal Stuffe...607g,£5,£8.24 per kg,Buy 1 pizza and 2 sides for £8,fresh
Morrisons The Pizza Deal Takeaway Magnificent Meat Feast ,Morrisons The Pizza Deal Takeaway...492g,£5,£10.16 per kg,Buy 1 pizza and 2 sides for £8,fresh
Morrisons Tiramisu,Morrisons Tiramisu500g,£3.29,65.8p per 100g,,fresh
Morrisons Tiramisu,Morrisons Tiramisu2 x 100g,£1.35,67.5p per 100g,"Offer price £1.35, was £1.49",fresh
Morrisons Toad in the Hole,Morrisons Toad in the Hole340g,£3.49,£1.03 per 100g,,fresh
Morrisons Toffee Dessert,Morrisons Toffee Dessert130g,£1.19,91.7p per 100g,"Offer price £1.19, was £1.35",fresh
Morrisons Toffee Mousse Momment ,Morrisons Toffee Mousse Momment 2 x 95g,£1.79,94.2p per 100g,,fresh
Morrisons Tomato & Basil Chicken Pasta,Morrisons Tomato & Basil Chicken Pasta300g,£2.20,£7.33 per kg,Food To Go Meal Deal for £3.50,fresh
Morrisons Tomato & Basil Pasta Sauce ,Morrisons Tomato & Basil Pasta Sauce 350g,£1.89,54p per 100g,Buy 2 for £3.50,fresh
Morrisons Tomato & Basil Soup,Morrisons Tomato & Basil Soup600g,£1.65,27.5p per 100g,,fresh
Morrisons Tomato & Chilli Pasta Sauce ,Morrisons Tomato & Chilli Pasta Sauce 350g,£1.89,54p per 100g,Buy 2 for £3.50,fresh
Morrisons Tomato & Mozzarella Tortelloni,Morrisons Tomato & Mozzarella Tortelloni300g,£1.89,£6.30 per kg,Buy 2 for £3.50,fresh
Morrisons Tomato & Pepperoni Pasta Sauce,Morrisons Tomato & Pepperoni Pasta Sauce350g,£1.89,54p per 100g,Buy 2 for £3.50,fresh
"Morrisons Tomato, Pepper & Mozzarella Frittata ","Morrisons Tomato, Pepper & Mozzarella Frittata 130g",£1.95,£1.50 per 100g,,fresh
"Morrisons Tomato, Pesto & Mozzarella Crustless Quiche","Morrisons Tomato, Pesto & Moz...340g",£2.75,80.9p per 100g,,fresh
"Morrisons Tomato, Red Pepper & Lentil Soup","Morrisons Tomato, Red Pepper & Lentil Soup600g",£1.65,27.5p per 100g,,fresh
Morrisons Tomato Juice Not From Concentrate,Morrisons Tomato Juice Not From Concentrate1L,£1.69,16.9p per 100ml,,fresh
Morrisons Tomato Red Pepper & Lentil Soup,Morrisons Tomato Red Pepper & Lentil Soup600g,£1.99,33.2p per 100g,,fresh
Morrisons Traditional Chicken Hotpot,Morrisons Traditional Chicken Hotpot400g,£3.49,£8.73 per kg,Buy 2 for £6,fresh
Morrisons Traditional Mincebeef Hotpot ,Morrisons Traditional Mincebeef Hotpot 400g,£3.49,£8.73 per kg,Buy 2 for £6,fresh
Morrisons Traditional Roast Beef Dinner,Morrisons Traditional Roast Beef Dinner400g,£3.75,£9.38 per kg,,fresh
Morrisons Tropical Juice,Morrisons Tropical Juice2L,£1.59,8p per 100ml,,fresh
Morrisons Tuna & Sweetcorn Pasta ,Morrisons Tuna & Sweetcorn Pasta 250g,£2.69,£1.08 per 100g,Buy 2 for £4,fresh
Morrisons Tuna & Sweetcorn Sandwich,Morrisons Tuna & Sweetcorn Sandwich,£2,,Food To Go Meal Deal for £3.50,fresh
Morrisons Tuna &  Sweetcorn Sandwich Filler      ,Morrisons Tuna &  Sweetcorn Sandwich Filler      400g,£2.50,62.5p per 100g,,fresh
Morrisons Tuna & Sweetcorn Sandwich Filler,Morrisons Tuna & Sweetcorn Sandwich Filler200g,£1.89,94.5p per 100g,,fresh
Morrisons Tuna Pasta Bake ,Morrisons Tuna Pasta Bake 400g,£3.49,£8.73 per kg,Buy 2 for £6,fresh
Morrisons Tzatziki,Morrisons Tzatziki170g,£1.35,79.4p per 100g,Buy 2 for £2,fresh
Morrisons Unsalted British Butter,Morrisons Unsalted British Butter250g,£1.99,£7.96 per kg,,fresh
Morrisons Valencia Orange Juice ,Morrisons Valencia Orange Juice 250ml,£1.10,44p per 100ml,Food To Go Meal Deal for £3.50,fresh
Morrisons Vanilla Creme Caramel,Morrisons Vanilla Creme Caramel6 x 100g,£1.15,19.2p per 100g,"Offer price £1.15, was £1.30",fresh
Morrisons Vanilla Custard ,Morrisons Vanilla Custard 300g,£1.35,45p per 100g,,fresh
Morrisons Vanilla Slice,Morrisons Vanilla Slice2 per pack,£1.99,99.5p each,Buy 2 for £3.50,fresh
Morrisons Vegan BLT,Morrisons Vegan BLT176g,£2.75,£1.56 per 100g,,fresh
Morrisons Vegetable Spring Rolls,Morrisons Vegetable Spring Rolls200g,£1.99,99.5p per 100g,,fresh
Morrisons Very Large Free Range Eggs 6 pack,Morrisons Very Large Free Range Eggs 6 pack6 per pack,£2.40,40p each,,fresh
Morrisons Wafer Thin Cooked Chicken,Morrisons Wafer Thin Cooked Chicken400g,£3.25,81.3p per 100g,,fresh
Morrisons Wafer Thin Cooked Chicken,Morrisons Wafer Thin Cooked Chicken170g,£1.75,£10.30 per kg,"Offer price £1.75, was £1.99",fresh
Morrisons Wafer Thin Ham,Morrisons Wafer Thin Ham100g,£2,£2.00 per 100g,,fresh
 Morrisons Wafer Thin Honey Cured Ham, Morrisons Wafer Thin Honey Cured Ham400g,£3.25,81.3p per 100g,,fresh
Morrisons Wafer Thin Honey Cured Ham,Morrisons Wafer Thin Honey Cured Ham170g,£1.75,£10.30 per kg,"Offer price £1.75, was £1.99",fresh
Morrisons Wafer Thin Honey Ham,Morrisons Wafer Thin Honey Ham125g,£1.59,£1.27 per 100g,,fresh
Morrisons Wafer Thin Smoked Ham,Morrisons Wafer Thin Smoked Ham400g,£3.25,81.3p per 100g,,fresh
Morrisons Wafer Thin Smoked Ham,Morrisons Wafer Thin Smoked Ham170g,£1.75,£10.30 per kg,"Offer price £1.75, was £1.99",fresh
Morrisons Wafer Thin Smoked Ham,Morrisons Wafer Thin Smoked Ham125g,£1.59,£1.27 per 100g,,fresh
Morrisons Welsh Goats Cheese,Morrisons Welsh Goats Cheese125g,£2.39,£19.12 per kg,,fresh
Morrisons Wensleydale,Morrisons Wensleydale240g,£2.69,£11.21 per kg,,fresh
Morrisons Whipping Cream,Morrisons Whipping Cream300ml,£1.35,45p per 100ml,,fresh
Morrisons White Cheshire,Morrisons White Cheshire240g,£2.69,£11.21 per kg,,fresh
Morrisons Wurstwaren Bavarian Ham,Morrisons Wurstwaren Bavarian Ham100g,£1.75,£1.75 per 100g,,fresh
Morrisons Wurstwaren Peppered Salami,Morrisons Wurstwaren Peppered Salami83g,£1.75,£2.11 per 100g,,fresh
Muller Bliss Corner Whipped Greek Style Cheesecake Inspired Salted Caramel,Muller Bliss Corner Whipped Gre...4 x 100g,£2.49,62.3p per 100g,Buy 2 for £3.50,fresh
"Muller Bliss Creamy Mascarpone, Peach & Apricot Yogurt",Muller Bliss Creamy Mascarpone...4 x 110g,£2.85,64.8p per 100g,,fresh
Muller Bliss Creamy Mascarpone Cherry Yogurt,Muller Bliss Creamy Mas...4 x 110g,£2.85,64.8p per 100g,,fresh
Muller Bliss Lemon Greek Yogurts,Muller Bliss Lemon Greek Yogurts4 x 105g,£2.49,59.3p per 100g,Buy 2 for £3.50,fresh
Muller Bliss Raspberry Greek Yogurts,Muller Bliss Raspberry Greek Yogurts4 x 105g,£2.49,59.3p per 100g,Buy 2 for £3.50,fresh
Muller Bliss Strawberry Greek Yogurts,Muller Bliss Strawberry Greek Yogurts4 x 105g,£2.49,59.3p per 100g,Buy 2 for £3.50,fresh
Muller Corner Banana & Chocolate Flakes,Muller Corner Banana & Chocolate Flakes124g,85p,68.5p per 100g,Buy 10 for £4,fresh
Muller Corner Chocolate & Banana,Muller Corner Chocolate & Banana6 x 124g,£3.49,46.9p per 100g,,fresh
Muller Corner Chocolate & Strawberry,Muller Corner Chocolate & Strawberry124g,£3.49,£2.81 per 100g,,fresh
Muller Corner Creations G'Dairy,Muller Corner Creations G'Dairy6 x 143g,£3.49,40.7p per 100g,,fresh
Muller Corner Mix Fruit,Muller Corner Mix Fruit6 x 136g,£3.49,42.8p per 100g,,fresh
Muller Corner Peach & Apricot,Muller Corner Peach & Apricot136g,85p,62.5p per 100g,Buy 10 for £4,fresh
Muller Corner Red Cherry,Muller Corner Red Cherry136g,85p,62.5p per 100g,Buy 10 for £4,fresh
Muller Corner Red Fruit,Muller Corner Red Fruit6 x 136g,£3.49,42.8p per 100g,,fresh
Muller Corner Strawberry,Muller Corner Strawberry136g,85p,62.5p per 100g,Buy 10 for £4,fresh
Muller Corner Strawberry Yogurt with White Chocolate Shortcake Balls,Muller Corner Strawberry Yogurt with Wh...124g,85p,68.5p per 100g,Buy 10 for £4,fresh
Muller Corner Toffee Yogurt with Chocolate Hoops,Muller Corner Toffee Yogurt...124g,85p,68.5p per 100g,Buy 10 for £4,fresh
Muller Corner Vanilla Yogurt with Chocolate Balls ,Muller Corner Vanilla Yogur...124g,85p,6.9p per 10g,Buy 10 for £4,fresh
Muller Corner With Milk Chocolate Digestives,Muller Corner With Milk Chocolate Digestives124g,85p,68.5p per 100g,Buy 10 for £4,fresh
Muller Frijj Banana Milkshake,Muller Frijj Banana Milkshake400ml,£1.35,£3.38 per litre,,fresh
Muller Frijj Chocolate Milkshake,Muller Frijj Chocolate Milkshake400ml,£1.35,£3.38 per litre,,fresh
Muller Frijj Cookie Dough Milkshake,Muller Frijj Cookie Dough Milkshake400ml,£1.35,£3.38 per litre,,fresh
Muller Frijj Fudge Brownie Milkshake,Muller Frijj Fudge Brownie Milkshake400ml,£1.35,£3.38 per litre,,fresh
Muller Frijj Strawberry Milkshake,Muller Frijj Strawberry Milkshake400ml,£1.35,£3.38 per litre,,fresh
Muller Light Banana and Custard Fat Free Yogurt,Muller Light Banana and Custard Fat Free Yogurt160g,85p,53.1p per 100g,Buy 10 for £4,fresh
Muller Light Cherry Fat Free Yogurt,Muller Light Cherry Fat Free Yogurt160g,85p,53.1p per 100g,Buy 10 for £4,fresh
Muller Light Chocolate Fix Milk Chocolate Desserts,Muller Light Chocolate Fix Milk Chocolate Desserts4 x 100g,£1.50,37.5p per 100g,,fresh
Muller Light Chocolate Fix Orange,Muller Light Chocolate Fix Orange4 x 80g,£1.50,46.9p per 100g,,fresh
Muller Light Citrus Yogurts,Muller Light Citrus Yogurts6 x 140g,£3.49,41.5p per 100g,,fresh
Muller Light Fat Free Greek Style Lemon Yogurt,Muller Light Fat Free Greek Style Lemon Yogurt4 x 115g,£2.25,48.9p per 100g,Buy 2 for £3.50,fresh
Muller Light Fat Free Yoghurt with Chocolate Sprinkles,Muller Light Fat Free Yoghurt w...6 x 140g,£3.49,41.5p per 100g,,fresh
Muller Light Greek Style Banoffee Yogurt ,Muller Light Greek Style Banoffee Yogurt 4 x 115g,£2.25,48.9p per 100g,Buy 2 for £3.50,fresh
Muller Light Greek Style Coconut & Vanilla Yogurt,Muller Light Greek Style Coconut & Vanilla Yogurt4 per pack,£2.25,56.3p each,Buy 2 for £3.50,fresh
Muller Light Greek Style Strawberry Yogurt,Muller Light Greek Style Strawberry Yogurt4 x 115g,£2.25,48.9p per 100g,,fresh
Muller Light Icelandic Style Yogurt Skyr Salted Caramel Flavour,Muller Light Icelandic Style Yogurt S...150g,£1.25,83.3p per 100g,,fresh
Muller Light Limited Edition Yogurt,Muller Light Limited Edition Yogurt160g,85p,53.1p per 100g,Buy 10 for £4,fresh
Muller Light Red Fruit,Muller Light Red Fruit6 x 140g,£3.49,41.5p per 100g,,fresh
Muller Light Rhubarb ,Muller Light Rhubarb 160g,85p,53.1p per 100g,Buy 10 for £4,fresh
Muller Light Skinny Cappuccino Flavour Yoghurt,Muller Light Skinny Cappu...6 x 140g,£3.49,41.5p per 100g,,fresh
Muller Light Strawberry Fat Free Yogurt ,Muller Light Strawberry Fat Free Yogurt 160g,85p,53.1p per 100g,Buy 10 for £4,fresh
Muller Light Toffee Fat Free Yogurt ,Muller Light Toffee Fat Free Yogurt 160g,85p,53.1p per 100g,Buy 10 for £4,fresh
Muller Light Vanilla & Dark Chocolate Fat Free Yogurt,Muller Light Vanilla & Dark Chocolate Fat Free Yogurt160g,85p,53.1p per 100g,Buy 10 for £4,fresh
Muller Rice Apple & Raspberry  Pudding,Muller Rice Apple & Raspberry  Pudding6 x 170g,£3.49,34.2p per 100g,,fresh
Muller Rice Apple Low Fat,Muller Rice Apple Low Fat170g,85p,50p per 100g,Buy 10 for £4,fresh
Muller Rice Confectionary,Muller Rice Confectionary6 x 170g,£3.49,34.2p per 100g,,fresh
Muller Rice Original,Muller Rice Original170g,85p,50p per 100g,Buy 10 for £4,fresh
Muller Rice Strawberry,Muller Rice Strawberry170g,85p,50p per 100g,Buy 10 for £4,fresh
Muller Rice Strawberry & Original,Muller Rice Strawberry & Original6 x 170g,£3.49,34.2p per 100g,,fresh
Mullerrice Vanilla Custard,Mullerrice Vanilla Custard170g,85p,50p per 100g,Buy 10 for £4,fresh
Muller Skyr Raspberry Granola ,Muller Skyr Raspberry Granola 170g,£1.40,82.4p per 100g,,fresh
Munch Bunch Double Up Strawberry & Banana Fromage Frais,Munch Bunch Double Up Strawberr...4 x 85g,£1.99,58.5p per 100g,,fresh
Munch Bunch Double Up Strawberry & Vanilla Fromage Frais,Munch Bunch Double Up Strawberr...4 x 85g,£1.99,58.5p per 100g,,fresh
Munch Bunch Squashums Strawberry,Munch Bunch Squashums Strawberry6 x 60g,£2.49,69.2p per 100g,,fresh
Nairn's Cheese Oat Cakes ,Nairn's Cheese Oat Cakes 200g,£1.45,72.5p per 100g,,fresh
Naked 100% Juice Smoothie Blue Machine,Naked 100% Juice Smoothie Blue Machine300ml,£2.35,78.3p per 100ml,Food To Go Meal Deal for £3.50,fresh
Naked 100% Juice Smoothie Green Machine,Naked 100% Juice Smoothie Green Machine300ml,£2.60,86.7p per 100ml,Food To Go Meal Deal for £3.50,fresh
"Naked Blue Machine Apple, Blueberry & Goji Berry Smoothie","Naked Blue Machine Apple, Blueber...750ml",£2.50,33.3p per 100ml,"Offer price £2.50, was £4.75",fresh
Naked Gold Machine,Naked Gold Machine750ml,£2.50,33.3p per 100ml,"Offer price £2.50, was £4.75",fresh
Naked Gold Machine Super Smoothie,Naked Gold Machine Super Smoothie300ml,£2.60,86.7p per 100ml,,fresh
Naked Green Machine Apple Banana Smoothie ,Naked Green Machine Apple Banana Smoothie 750ml,£2.50,33.3p per 100ml,"Offer price £2.50, was £4.75",fresh
Naked Noodle Thai Green Curry,Naked Noodle Thai Green Curry78g,£1.30,£16.67 per kg,,fresh
Naked Rainbow Machine,Naked Rainbow Machine750ml,£2.50,33.3p per 100ml,"Offer price £2.50, was £4.75",fresh
Naked Rainbow Smoothie,Naked Rainbow Smoothie300ml,£2.60,86.7p per 100ml,Food To Go Meal Deal for £3.50,fresh
Naked Rice Japanese Katsu Curry ,Naked Rice Japanese Katsu Curry 78g,£1.30,£16.67 per kg,,fresh
Naked Ruby Machine,Naked Ruby Machine750ml,£2.50,33.3p per 100ml,"Offer price £2.50, was £4.75",fresh
Naked Ruby Machine Super Smoothie,Naked Ruby Machine Super Smoothie300ml,£2.60,86.7p per 100ml,,fresh
Nesquik Chocolate Flavour Milk Slice,Nesquik Chocolate Flavour Milk Slice4 x 26g,£1.39,£1.34 per 100g,,fresh
Nesquik Choc Pots,Nesquik Choc Pots6 x 60g,75p,20.8p per 100g,,fresh
Nomadic Oat Clusters Strawberry ,Nomadic Oat Clusters Strawberry 169g,£1.50,88.8p per 100g,Food To Go Meal Deal for £3.50,fresh
Nomadic Oat Crunch Chocolate & Yogurt,Nomadic Oat Crunch Chocolate & Yogurt169g,£1.50,88.8p per 100g,Food To Go Meal Deal for £3.50,fresh
Nomadic Protein Pudding Chocolate,Nomadic Protein Pudding Chocolate200g,£1.75,87.5p per 100g,Food To Go Meal Deal for £3.50,fresh
Nomadic Protein Pudding Vanilla,Nomadic Protein Pudding Vanilla200g,£1.75,87.5p per 100g,Food To Go Meal Deal for £3.50,fresh
Nourish Apple Cider Vinegar With Blood Orange Dosing Shots,Nourish Apple Cider Vinegar With...500ml,£1.80,36p per 100ml,"Offer price £1.80, was £2",fresh
Nourish Good For Immunity Apple And Ginger With A Hint Of Lime,Nourish Good For Immunity...500ml,£2.45,49p per 100ml,"Offer price £2.45, was £2.75",fresh
Oakpark Naturally Smoked Turkey Bacon Rashers,Oakpark Naturally Smoked...150g,£1.99,£13.27 per kg,,fresh
Oatly Barista Edition Oat Drink Chilled,Oatly Barista Edition Oat Drink Chilled1L,£2.20,£2.20 per litre,,fresh
Oatly Long Life Barista Milk Alternative,Oatly Long Life Barista Milk Alternative1L,£1.99,£1.99 per litre,,fresh
Oatly Long Life Chocolate Oat Milk Alternative,Oatly Long Life Chocolate Oat Milk Alternative1L,£1.79,£1.79 per litre,,fresh
Oatly Long Life Organic Oat Milk Alternative,Oatly Long Life Organic Oat Milk Alternative1L,£1.89,£1.89 per litre,,fresh
Oatly Long Life Original Oat Milk Alternative,Oatly Long Life Original Oat Milk Alternative1L,£1.69,£1.69 per litre,,fresh
Oatly Oat Drink Vanilla Long Life ,Oatly Oat Drink Vanilla Long Life 1L,£1.79,£1.79 per litre,,fresh
Ocean Spray Cranberry Original,Ocean Spray Cranberry Original1L,£2.45,24.5p per 100ml,,fresh
Onken 0% Fat Strawberry,Onken 0% Fat Strawberry450g,£1.25,27.8p per 100g,"Offer price £1.25, was £1.95",fresh
Onken 0% Fat Vanilla,Onken 0% Fat Vanilla450g,£1.25,27.8p per 100g,"Offer price £1.25, was £1.95",fresh
Onken Biopot Natural Set Yogurt,Onken Biopot Natural Set Yogurt500g,£1.25,25p per 100g,"Offer price £1.25, was £1.75",fresh
Onken Cherry Yogurt,Onken Cherry Yogurt450g,£1.25,27.8p per 100g,,fresh
"Onken Mango, Papaya & Passionfruit Yogurt","Onken Mango, Papaya & Passionfruit Yogurt450g",£1.25,27.8p per 100g,,fresh
Onken Natural Set Yogurt ,Onken Natural Set Yogurt 1kg,£2,20p per 100g,,fresh
Over The Spoon Caramelly Chocolate Pots,Over The Spoon Caramelly Chocolate Pots4 x 60g,£3,£1.25 per 100g,,fresh
Over The Spoon Lemon Cheesecake,Over The Spoon Lemon Cheesecake2 x 90g,£2,£1.11 per 100g,,fresh
Over The Spoon Salted Caramel Cheesecake,Over The Spoon Salted Caramel Cheesecake2 x 90g,£2,£1.11 per 100g,,fresh
Over The Spoon Sticky Toffee Pudding,Over The Spoon Sticky Toffee Pudding2 x 90g,£2.50,£1.39 per 100g,"Offer price £2.50, was £3",fresh
Oykos Dairy Free Chocolate Stracciatella Yogurt,Oykos Dairy Free Chocolat...350g,£2.85,81.4p per 100g,,fresh
Oykos Greek Style Blueberry Yogurts,Oykos Greek Style Blueberry Yogurts4 x 110g,£2,45.5p per 100g,,fresh
Oykos Greek Style Peach Yogurts,Oykos Greek Style Peach Yogurts4 x 110g,£2,45.4p per 100g,"Offer price £2, was £2.29",fresh
Oykos Greek Style Salted Caramel Yogurt ,Oykos Greek Style Salted Caramel Yogurt 4 x 110g,£2,45.4p per 100g,"Offer price £2, was £2.29",fresh
Oykos Greek Style Strawberry Yogurts,Oykos Greek Style Strawberry Yogurts4 x 110g,£2,45.4p per 100g,"Offer price £2, was £2.29",fresh
Oykos Luxury Greek Style Raspberry Yogurt,Oykos Luxury Greek Style Raspberry Yogurt440g,£2,45.4p per 100g,"Offer price £2, was £2.29",fresh
Oykos Stracciatella Greek Style Yogurt,Oykos Stracciatella Greek Style Yogurt4 x 110g,£2.29,52p per 100g,,fresh
Oykos Summer Edition Zesty Lemon & Lime,Oykos Summer Edition Zesty Lemon & Lime4 x 110g,£2,45.4p per 100g,"Offer price £2, was £2.29",fresh
Paw Patrol Strawberry Fromage Frais,Paw Patrol Strawberry Fromage Frais6 x 45g,£1,37p per 100g,,fresh
Peperami Chorizo,Peperami Chorizo5 x 20g,£2.25,£2.25 per 100g,"Offer price £2.25, was £2.75",fresh
Peperami Hot 5 pack,Peperami Hot 5 pack5 x 22.5g,£2.25,£2.00 per 100g,"Offer price £2.25, was £2.75",fresh
Peperami Original 5 pack,Peperami Original 5 pack5 x 22.5g,£2.25,£2.00 per 100g,"Offer price £2.25, was £2.75",fresh
Peperami Original and Cheese Snack Box ,Peperami Original and Cheese Snack Box 50g,£1.50,£3.00 per 100g,,fresh
Peperami Original Minis,Peperami Original Minis10 x 10g,£2.75,£2.75 per 100g,,fresh
Peperami Pep'd Up Chicken Bites ,Peperami Pep'd Up Chicken Bites 4 x 25g,£2.30,£2.30 per 100g,,fresh
Peppa Pig Strawberry Fromage Frais,Peppa Pig Strawberry Fromage Frais6 x 45g,£1,37p per 100g,,fresh
Peter's 4 Pork Sausage Rolls 4 Pack ,Peter's 4 Pork Sausage Rolls 4 Pack 240g,£1.75,72.9p per 100g,,fresh
Petits Filous Big Pots Strawberry & Apricot Fromage Frais ,Petits Filous Big Pots Strawberry...4 x 85g,£1.25,36.7p per 100g,"Offer price £1.25, was £1.49",fresh
Petits Filous Big Pots Strawberry & Raspberry Fromage Frais,Petits Filous Big Pots Strawberry...4 x 85g,£1.25,36.7p per 100g,"Offer price £1.25, was £1.49",fresh
Petits Filous Dairy Free Raspberry,Petits Filous Dairy Free Raspberry4 x 95g,£2.25,59.2p per 100g,"Offer price £2.25, was £2.49",fresh
Petits Filous Fromage Frais Strawberry & Apricot ,Petits Filous Fromage Frais Strawberry & Apricot 6 x 47g,£1.95,69.1p per 100g,,fresh
Petits Filous Fromage Frais Strawberry & Raspberry,Petits Filous Fromage Frais...6 x 47g,£1.95,69.1p per 100g,,fresh
Petits Filous No Added Sugar Strawberry & Banana Fromage Frais ,Petits Filous No Added Sugar Strawber...6 x 47g,£1.95,69.1p per 100g,,fresh
Petits Filous Strawberry & Beetroot Vitamin Rich Drinks,Petits Filous Strawberry & Beet...4 x 100g,£1.50,37.5p per 100g,"Offer price £1.50, was £2.25",fresh
Petits Filous Strawberry Flavour Drinking Yogurt  ,Petits Filous Strawberry Flavour Drinking Yogurt  4 x 100g,£1.50,37.5p per 100g,"Offer price £1.50, was £2.25",fresh
Philadelphia Chives Soft Cheese,Philadelphia Chives Soft Cheese165g,£1.25,£7.58 per kg,,fresh
Philadelphia Garlic & Herb Soft Cheese,Philadelphia Garlic & Herb Soft Cheese280g,£3.25,£11.61 per kg,,fresh
Philadelphia Garlic & Herb Soft Cheese,Philadelphia Garlic & Herb Soft Cheese165g,£1.25,£7.58 per kg,,fresh
Philadelphia Intense Garlic & Herb Soft Cheese,Philadelphia Intense Garlic & Herb Soft Cheese140g,£1.75,£1.25 per 100g,"Offer price £1.75, was £2.25",fresh
Philadelphia Intense Herbes De Provence Soft Cheese,Philadelphia Intense Herbes D...140g,£1.75,£1.25 per 100g,"Offer price £1.75, was £2.25",fresh
Philadelphia Light & Tasty Soft Cheese Snack Herbs ,Philadelphia Light & Tasty Soft Cheese Snack Herbs 3 x 41g,£1.25,£10.16 per kg,,fresh
Philadelphia Lightest Herbs Soft Cheese,Philadelphia Lightest Herbs Soft Cheese165g,£1.25,£7.58 per kg,,fresh
Philadelphia Lightest Soft Cheese,Philadelphia Lightest Soft Cheese165g,£1.25,£7.58 per kg,,fresh
Philadelphia Light Soft Cheese,Philadelphia Light Soft Cheese280g,£3.25,£11.61 per kg,,fresh
Philadelphia Light Soft Cheese,Philadelphia Light Soft Cheese165g,£1.25,£7.58 per kg,,fresh
Philadelphia Light Soft Low fat Cheese Mini Tubs,Philadelphia Light Soft Low fat Cheese Mini Tubs4 x 35g,£1.95,£13.93 per kg,,fresh
Philadelphia Original Soft Cheese,Philadelphia Original Soft Cheese165g,£1.25,£7.58 per kg,,fresh
Philadelphia Original Soft Cheese Family Pack,Philadelphia Original Soft Cheese Family Pack280g,£3.25,£11.61 per kg,,fresh
Philadelphia Plant Based Almond & Oat Soft Cheese,Philadelphia Plant Based Almond & Oat Soft Cheese150g,£2.75,£1.83 per 100g,,fresh
Philadelphia Salmon Soft Cheese ,Philadelphia Salmon Soft Cheese 165g,£1.25,£7.58 per kg,,fresh
Philadelphia Snack Light & Tasty Soft Cheese Snack,Philadelphia Snack Light & Tasty Soft Cheese Snack3 x 42g,£1.25,£9.92 per kg,,fresh
Philadelphia Sweet Chilli Soft Cheese,Philadelphia Sweet Chilli Soft Cheese165g,£1.25,£7.58 per kg,,fresh
Piatnica Smietana Soured Cream,Piatnica Smietana Soured Cream400g,£1.49,37.3p per 100g,,fresh
Pie D'Angloys Fromage,Pie D'Angloys Fromage200g,£2.25,£11.25 per kg,"Offer price £2.25, was £2.89",fresh
Pieminister Chicken & Ham Pie ,Pieminister Chicken & Ham Pie 270g,£4.29,£1.59 per 100g,Buy 2 for £7,fresh
Pieminister Moo & Blue British Steak & Long Clawson Stilton Pie,Pieminister Moo & Blue British Steak...270g,£4.25,£1.57 per 100g,Buy 2 for £7,fresh
Pieminister Moo British Beef Steak & Craft Ale Pie,Pieminister Moo British Beef Steak & Craft Ale Pie270g,£4.29,£1.59 per 100g,Buy 2 for £7,fresh
Pieminister Mushroom & Onion ,Pieminister Mushroom & Onion 270g,£4.29,£1.59 per 100g,Buy 2 for £7,fresh
Pilgrims Choice Extra Mature Cheddar,Pilgrims Choice Extra Mature Cheddar350g,£3,£8.57 per kg,,fresh
Pilgrims Choice Extra Mature Cheddar,Pilgrims Choice Extra Mature Cheddar550g,£4.75,£8.64 per kg,,fresh
Pilgrims Choice Extra Mature Grated Cheddar,Pilgrims Choice Extra Mature Grated Cheddar180g,£1.75,£9.72 per kg,,fresh
Pilgrims Choice Lighter Extra Mature Cheddar,Pilgrims Choice Lighter Extra Mature Cheddar350g,£3,£8.57 per kg,,fresh
Pilgrims Choice Mature Cheddar,Pilgrims Choice Mature Cheddar350g,£3,£8.57 per kg,,fresh
Pilgrims Choice Mature Cheddar,Pilgrims Choice Mature Cheddar550g,£4.75,£8.64 per kg,,fresh
Pilgrims Choice Sliced Extra Mature Cheddar,Pilgrims Choice Sliced Extra Mature Cheddar150g,£1.75,£11.67 per kg,,fresh
Pilgrims Choice Vintage Cheddar,Pilgrims Choice Vintage Cheddar300g,£3,£10.00 per kg,,fresh
Pizza Express 16 Doughballs With Garlic Dip,Pizza Express 16 Doughb...200g,£3.49,£1.75 per 100g,,fresh
Pizza Express 2 Vanilla Cheesecake Slices,Pizza Express 2 Vanilla Cheesecake Slices190g,£3.49,£1.84 per 100g,,fresh
Pizza Express Lasagne,Pizza Express Lasagne640g,£6.49,£1.01 per 100g,,fresh
Pizza Express Margherita ,Pizza Express Margherita 447g,£6.49,£14.52 per kg,,fresh
Pizza Express Pollo Pesto Pasta,Pizza Express Pollo Pesto Pasta650g,£6.49,99.8p per 100g,,fresh
Plenish Cold-Pressed Turmeric Defence ,Plenish Cold-Pressed Turmeric Defence 60ml,£2,£3.33 per 100ml,Food To Go Meal Deal for £3.50,fresh
Plenish Ginger Immunity Shot,Plenish Ginger Immunity Shot60ml,£2,£3.33 per 100ml,,fresh
POM Wonderful 100% Pomegranate Juice,POM Wonderful 100% Pomegranate Juice710ml,£4.79,67.5p per 100ml,,fresh
Pork Farms 2 Original Snack Pork Pies,Pork Farms 2 Original Snack Pork Pies2 per pack,£1.50,75p each,,fresh
Pork Farms 4 Branston Pies,Pork Farms 4 Branston Pies200g,£1.90,95p per 100g,,fresh
Pork Farms Med Pork Pie,Pork Farms Med Pork Pie295g,£2.29,77.6p per 100g,,fresh
Pork Farms Mini Pork Pies   ,Pork Farms Mini Pork Pies   200g,£1.50,£7.50 per kg,"Offer price £1.50, was £1.89",fresh
Pork Farms Original Pork Pie,Pork Farms Original Pork Pie142g,£1.25,88p per 100g,,fresh
Pork Farms Pork & Pickle Pies,Pork Farms Pork & Pickle Pies2 x 130g,£1.25,48.1p per 100g,"Offer price £1.25, was £1.50",fresh
Port Royal Jamaican Jerk Chicken Patty,Port Royal Jamaican Jerk Chicken Patty140g,£1.09,77.9p per 100g,,fresh
Port Royal Jamaican Vegetable Patty,Port Royal Jamaican Vegetable Patty140g,£1.09,77.9p per 100g,,fresh
Port Salut Cheese,Port Salut Cheese185g,£2,£10.81 per kg,"Offer price £2, was £2.95",fresh
Premier Deli Torchon Ham,Premier Deli Torchon Ham200g,£2.49,£1.25 per 100g,,fresh
President 6 Crispy Bakes Brie,President 6 Crispy Bakes Brie150g,£2.99,£19.93 per kg,,fresh
President Brie,President Brie200g,£2.85,£14.25 per kg,,fresh
President Camembert,President Camembert250g,£2.89,£11.56 per kg,,fresh
President Emmental,President Emmental200g,£2.25,£11.25 per kg,,fresh
Primula Cheese n Chives,Primula Cheese n Chives140g,£1.99,£14.21 per kg,,fresh
Primula Cheese n Ham,Primula Cheese n Ham140g,£1.99,£14.21 per kg,,fresh
Primula Cheese n Jalapenos,Primula Cheese n Jalapenos140g,£1.99,£14.21 per kg,,fresh
Primula Cheese n Prawns,Primula Cheese n Prawns140g,£1.99,£14.21 per kg,,fresh
Primula Light Cheese,Primula Light Cheese140g,£1.99,£14.21 per kg,,fresh
Primula Original Cheese,Primula Original Cheese140g,£1.99,£14.21 per kg,,fresh
Pukka 2 Chicken & Bacon Shortcrust Microwave Pies,Pukka 2 Chicken & Bacon Shortcrust Microwave Pies388g,£2.89,£7.45 per kg,"Offer price £2.89, was £3.25",fresh
Pukka 2 Chicken Bakes,Pukka 2 Chicken Bakes306g,£2.50,81.7p per 100g,,fresh
Pukka 2 Sausage & Bean Bakes,Pukka 2 Sausage & Bean Bakes306g,£2.50,81.7p per 100g,,fresh
Pukka 2 Steak Bakes,Pukka 2 Steak Bakes278g,£2.50,89.9p per 100g,,fresh
Pukka 4 Beef & Vegetable Pies,Pukka 4 Beef & Vegetable Pies726g,£3.50,£4.82 per kg,,fresh
Pukka 4 Chicken & Vegetable Pies ,Pukka 4 Chicken & Vegetable Pies 726g,£3.50,£4.82 per kg,,fresh
Pukka 4 Sausage Rolls,Pukka 4 Sausage Rolls360g,£2.50,69.4p per 100g,,fresh
Pukka All Steak Pie ,Pukka All Steak Pie 209g,£1.99,95.2p per 100g,,fresh
Pukka Beef Pasty ,Pukka Beef Pasty 227g,£1.25,55.1p per 100g,,fresh
"Pukka Cheese, Leek & Potato Pie","Pukka Cheese, Leek & Potato Pie213g",£1.99,93.4p per 100g,,fresh
Pukka Cheese Leek & Potato Slice,Pukka Cheese Leek & Potato Slice170g,£1.25,73.5p per 100g,,fresh
Pukka Chicken & Bacon Pie ,Pukka Chicken & Bacon Pie 210g,£1.99,94.8p per 100g,,fresh
Pukka Chicken & Bacon Slice,Pukka Chicken & Bacon Slice170g,£1.25,73.5p per 100g,,fresh
Pukka Chicken & Mushroom Pie ,Pukka Chicken & Mushroom Pie 212g,£1.99,93.9p per 100g,,fresh
Pukka Chicken Balti Slice,Pukka Chicken Balti Slice170g,£1.25,73.5p per 100g,,fresh
Pukka Jumbo Sausage Roll,Pukka Jumbo Sausage Roll130g,£1.29,99.2p per 100g,,fresh
Pukka Just For Two Chicken & Stuffing Pie,Pukka Just For Two Chicken & Stuffing Pie541g,£3.50,64.7p per 100g,,fresh
Pukka Just For Two Steak & Ale Pie,Pukka Just For Two Steak & Ale Pie548g,£3.50,63.9p per 100g,,fresh
Pukka Meat & Potato Pie,Pukka Meat & Potato Pie213g,£1.99,93.4p per 100g,,fresh
Pukka Minced Beef & Onion Pie ,Pukka Minced Beef & Onion Pie 215g,£1.99,92.6p per 100g,,fresh
Pukka Sausage Rolls 4 Pack,Pukka Sausage Rolls 4 Pack240g,£1.85,77.1p per 100g,,fresh
Pukka Steak & Kidney Pie ,Pukka Steak & Kidney Pie 219g,£1.99,90.9p per 100g,,fresh
Pukka Steak Slice,Pukka Steak Slice170g,£1.25,73.5p per 100g,,fresh
Pukka Vegan Chicken & Mushroom Pie,Pukka Vegan Chicken & Mushroom Pie210g,£1.99,94.8p per 100g,,fresh
Pukka Vegan Sausage Roll,Pukka Vegan Sausage Roll130g,£1.50,£1.15 per 100g,,fresh
Pukka Vegan Steak & Onion Pie,Pukka Vegan Steak & Onion Pie210g,£1.99,94.8p per 100g,,fresh
Pure Dairy Free Butter Spread,Pure Dairy Free Butter Spread500g,£1.99,£3.98 per kg,,fresh
Pure Vegan Dairy Free Olive Spread,Pure Vegan Dairy Free Olive Spread500g,£1.99,£3.98 per kg,,fresh
Quaker Rolled Porridge Oats,Quaker Rolled Porridge Oats1kg,£2.75,27.5p per 100g,Buy 2 for £4,fresh
Quick Milk Chocolate Magic Sipper,Quick Milk Chocolate Magic Sipper5 x 6g,75p,£2.50 per 100g,,fresh
Quick Milk Strawberry Magic Sipper,Quick Milk Strawberry Magic Sipper5 x 6g,75p,£2.50 per 100g,,fresh
Quorn 6 Vegan Brilliant Bangers ,Quorn 6 Vegan Brilliant Bangers 270g,£2.65,£9.81 per kg,,fresh
Quorn Chicken Style Pieces,Quorn Chicken Style Pieces175g,£3.25,£1.86 per 100g,,fresh
Quorn Lasagne ,Quorn Lasagne 380g,£3.49,£9.18 per kg,,fresh
Quorn Mini Sausage Rolls,Quorn Mini Sausage Rolls140g,£2.50,£1.79 per 100g,,fresh
Quorn Thai Green Curry With Rice ,Quorn Thai Green Curry With Rice 400g,£3.49,£8.73 per kg,,fresh
Quorn Tikka Masala With Rice ,Quorn Tikka Masala With Rice 400g,£3.49,£8.73 per kg,,fresh
Quorn Vegan Chicken Free Slices ,Quorn Vegan Chicken Free Slices 100g,£2.60,£26.00 per kg,,fresh
Quorn Vegan Finely Sliced Ham Slices ,Quorn Vegan Finely Sliced Ham Slices 120g,£2.99,£24.92 per kg,,fresh
Quorn Vegan Smoky Ham Free Slices,Quorn Vegan Smoky Ham Free Slices100g,£2.60,£26.00 per kg,,fresh
Quorn Vegetarian 3 Sausage Rolls,Quorn Vegetarian 3 Sausage Rolls210g,£2.95,£14.05 per kg,,fresh
Quorn Vegetarian Chicken Slices ,Quorn Vegetarian Chicken Slices 170g,£3,£1.76 per 100g,,fresh
Quorn Vegetarian Cocktail Sausages,Quorn Vegetarian Cocktail Sausages180g,£2.49,£13.83 per kg,,fresh
Quorn Vegetarian Creamy Korma Bites,Quorn Vegetarian Creamy Korma Bites180g,£2.49,£13.83 per kg,,fresh
Quorn Vegetarian Garlic & Herb Bites,Quorn Vegetarian Garlic & Herb Bites180g,£2.49,£13.83 per kg,,fresh
Quorn Vegetarian Ham Slices ,Quorn Vegetarian Ham Slices 170g,£3,£17.65 per kg,,fresh
Quorn Vegetarian Mince,Quorn Vegetarian Mince350g,£3.25,£9.29 per kg,,fresh
Quorn Vegetarian Mozzarella & Pesto Escalopes,Quorn Vegetarian Mozzarel...240g,£3,£12.50 per kg,,fresh
Quorn Vegetarian Peppered Steaks 2 Pack,Quorn Vegetarian Peppered Steaks 2 Pack196g,£3.25,£16.58 per kg,,fresh
Quorn Vegetarian Picnic Eggs,Quorn Vegetarian Picnic Eggs180g,£2.49,£13.83 per kg,,fresh
Quorn Vegetarian Spinach And Red Pepper Slices,Quorn Vegetarian Spinach And Red Pepper Slices100g,£2.60,£26.00 per kg,,fresh
Quorn Vegetarian Sweet Chilli Bites,Quorn Vegetarian Sweet Chilli Bites180g,£2.49,£13.83 per kg,,fresh
Ramona's Jalapeno Houmous ,Ramona's Jalapeno Houmous 500g,£2.50,50p per 100g,"Offer price £2.50, was £3",fresh
Ramona's Original Houmous,Ramona's Original Houmous500g,£2.50,50p per 100g,"Offer price £2.50, was £3",fresh
Rana Filled Pan-Fry Gnocchi Tomato & Mozzarella,Rana Filled Pan-Fry Gnocc...280g,£2.99,£1.07 per 100g,,fresh
Rana Filled Pan Fry Gnocchi Carbonara,Rana Filled Pan Fry Gnocchi Carbonara280g,£2.99,£10.68 per kg,,fresh
Rana Filled Pan Fry Gnocchi Spinach & Mozzarella,Rana Filled Pan Fry Gnocchi...280g,£2.99,£10.68 per kg,,fresh
Rana Genovese Basil P.D.O. Pesto Sauce,Rana Genovese Basil P.D.O. Pesto Sauce140g,£2.19,£1.56 per 100g,,fresh
Rana Pan-Fry Gnocchi Spinach,Rana Pan-Fry Gnocchi Spinach300g,£2.49,83p per 100g,,fresh
Rana Pappardelle,Rana Pappardelle300g,£2.25,£7.50 per kg,,fresh
Rana Prosciutto Crudo Fresh Cappelletti,Rana Prosciutto Crudo Fresh Cappelletti250g,£2,80.3p per 100g,"Offer price £2, was £2.99",fresh
Rana Tagliatelle,Rana Tagliatelle300g,£2.25,£7.50 per kg,,fresh
Reign Melon Mania Zero Sugar Energy Drink,Reign Melon Mania Zero Sugar Energy Drink500ml,£1.85,37p per 100ml,Buy 2 for £2.60,fresh
Remedy Kombucha Ginger Lemon,Remedy Kombucha Ginger Lemon700ml,£2.25,32.2p per 100ml,"Offer price £2.25, was £2.75",fresh
Remedy Kombucha Mango Passion,Remedy Kombucha Mango Passion700ml,£2.25,32.2p per 100ml,"Offer price £2.25, was £2.75",fresh
Remedy Kombucha Raspberry Lemonade,Remedy Kombucha Raspberry Lemonade250ml,£1.75,70p per 100ml,,fresh
Remedy Kombucha Raspberry Lemonade ,Remedy Kombucha Raspberry Lemonade 700ml,£2.25,32.2p per 100ml,"Offer price £2.25, was £2.75",fresh
Rice Dream Long Life Original with Calcium Milk Alternative,Rice Dream Long Life Original wit...1L,£1.69,£1.69 per litre,,fresh
Richmond 8 Meat Free Vegan Sausages,Richmond 8 Meat Free Vegan Sausages336g,£2.25,67p per 100g,"Offer price £2.25, was £2.70",fresh
Richmond 8 Vegan No Bacon Smoked Rashers,Richmond 8 Vegan No Bacon Smoked Rashers150g,£2.70,£18.00 per kg,,fresh
Richmond Mini Pork Sausage Snacks ,Richmond Mini Pork Sausage Snacks 90g,£1,£1.11 per 100g,"Offer price £1, was £1.30",fresh
Richmond No Chicken Pieces,Richmond No Chicken Pieces165g,£2.75,£1.67 per 100g,,fresh
Robby Gluten Free Strawberry Jelly,Robby Gluten Free Strawberry Jelly12 x 50g,£1.25,20.8p per 100g,,fresh
Rodda's Classic Cornish Clotted Cream,Rodda's Classic Cornish Clotted Cream227g,£2.75,£1.21 per 100g,The Best Cream Tea Bundle For £5,fresh
Rolo Desserts ,Rolo Desserts 4 x 65g,£1.75,67.3p per 100g,,fresh
Rolo Mix-In Toffee Yogurts,Rolo Mix-In Toffee Yogurts6 x 107g,£3.89,60.6p per 100g,,fresh
Royal Rassomalai,Royal Rassomalai500g,£2.99,59.8p per 100g,,fresh
Rude Health Long Life Organic Coconut Milk Alternative,Rude Health Long Life Organic C...1L,£1.80,£1.80 per litre,"Offer price £1.80, was £2.29",fresh
Rude Health Organic Almond Drink,Rude Health Organic Almond Drink1L,£1.80,£1.80 per litre,"Offer price £1.80, was £2.29",fresh
 Rude Health Organic Unsweetened Oat Drink, Rude Health Organic Unsweetened Oat Drink1L,£1.70,£1.70 per litre,"Offer price £1.70, was £2.29",fresh
Rustlers All Day Breakfast Sausage Muffin,Rustlers All Day Breakfast Sausage Muffin155g,£1.25,80.6p per 100g,,fresh
Rustlers Chicken Sandwich ,Rustlers Chicken Sandwich 150g,£1.25,£8.33 per kg,,fresh
Rustlers Flame Beef Burger ,Rustlers Flame Beef Burger 156g,£1.50,£9.62 per kg,,fresh
Rustlers Flame Grilled Cheese Burger,Rustlers Flame Grilled Cheese Burger172g,£2.20,£1.28 per 100g,,fresh
Rustlers Flame Grilled Twin Cheeseburger,Rustlers Flame Grilled Twin Cheeseburger2 x 140g,£2.75,£9.82 per kg,,fresh
Rustlers Hot Dog          ,Rustlers Hot Dog          146g,£1.50,£10.28 per kg,"Offer price £1.50, was £2.20",fresh
Rustlers Meatless Maverick Classic Burger,Rustlers Meatless Maverick Classic Burger196g,£1.99,£10.15 per kg,,fresh
Rustlers Mini Beefburger,Rustlers Mini Beefburger101g,£1,99p per 100g,,fresh
Rustlers Mini Pork Burger,Rustlers Mini Pork Burger90g,£1,£1.11 per 100g,,fresh
Rustlers Quarter Pounder,Rustlers Quarter Pounder190g,£2.25,£1.18 per 100g,Buy 2 for £3.50,fresh
Rustlers Southern Fried Chicken Burger ,Rustlers Southern Fried Chicken Burger 142g,£2.20,£1.55 per 100g,,fresh
Rustlers Sub Southern Fried Chicken,Rustlers Sub Southern Fried Chicken158g,£2.25,£14.24 per kg,Buy 2 for £3.50,fresh
Rustlers The Flame Grilled Bbq Rib ,Rustlers The Flame Grilled Bbq Rib 157g,£2.25,£14.33 per kg,Buy 2 for £3.50,fresh
Rustlers The Flame Grilled Deluxe With Bacon & Cheese,Rustlers The Flame Grilled De...191g,£2.25,£1.18 per 100g,Buy 2 for £3.50,fresh
Rustlers The Flame Grilled Double Decker,Rustlers The Flame Grilled Double Decker237g,£2.95,£12.45 per kg,,fresh
Ryvita Original Rye Crispbread,Ryvita Original Rye Crispbread250g,£1.59,63.6p per 100g,,fresh
Saint Agur Blue Cheese,Saint Agur Blue Cheese150g,£2.25,£15.00 per kg,,fresh
Saint Agur Creme,Saint Agur Creme150g,£2.75,£18.33 per kg,,fresh
Scottish Semi Skimmed Milk,Scottish Semi Skimmed Milk500ml,95p,£1.90 per litre,,fresh
Seriously Cheddar Cheese Crispy Melts ,Seriously Cheddar Cheese Crispy Melts 150g,£3.15,£21.00 per kg,,fresh
Seriously Creamy Squares Original,Seriously Creamy Squares Original133g,£1.25,£9.40 per kg,"Offer price £1.25, was £1.95",fresh
Seriously Spreadable Chilli Cheese,Seriously Spreadable Chilli Cheese125g,£1.25,£1.00 per 100g,"Offer price £1.25, was £1.95",fresh
Seriously Spreadable Light Cheese Spread,Seriously Spreadable Light Cheese Spread125g,£1.25,£10.00 per kg,"Offer price £1.25, was £1.95",fresh
Seriously Spreadable Original Cheese Spread ,Seriously Spreadable Original Cheese Spread 125g,£1.25,£10.00 per kg,"Offer price £1.25, was £1.95",fresh
Seriously Spreadable Smokey Cheese Spread,Seriously Spreadable Smokey Cheese Spread125g,£1.25,£10.00 per kg,"Offer price £1.25, was £1.95",fresh
Seriously Spreadable Vintage,Seriously Spreadable Vintage125g,£1.25,£10.00 per kg,"Offer price £1.25, was £1.95",fresh
Shaken Udder Chocolush Milkshake,Shaken Udder Chocolush Milkshake750ml,£2,£2.67 per litre,"Offer price £2, was £2.45",fresh
 Shaken Udder Chocolush Milkshake, Shaken Udder Chocolush Milkshake330ml,£1.59,£4.82 per litre,,fresh
Shaken Udder Dairy Free Strawberry Milkshake,Shaken Udder Dairy Free Strawberry Milkshake330ml,£1.59,48.2p per 100ml,,fresh
Shaken Udder Salted Caramel Milkshake,Shaken Udder Salted Caramel Milkshake330ml,£1.59,£4.82 per litre,,fresh
Shaken Udder Salted Caramel Milkshake,Shaken Udder Salted Caramel Milkshake750ml,£2,26.7p per 100ml,"Offer price £2, was £2.45",fresh
Shaken Udder Strawberry Dream Milkshake 330ml,Shaken Udder Strawberry Dream Milkshake 330ml330ml,£1.59,£4.82 per litre,,fresh
Shaken Udder Strawberry Dream Milkshake 750ml,Shaken Udder Strawberry Dream Milkshake 750ml750ml,£2,£2.67 per litre,"Offer price £2, was £2.45",fresh
Shaken Udder Top Banana Milkshake,Shaken Udder Top Banana Milkshake330ml,£1.59,£4.82 per litre,,fresh
Shaken Udder Vanillalicious Milkshake,Shaken Udder Vanillalicious Milkshake330ml,£1.59,£4.82 per litre,,fresh
Shaken Udder Vanillalicious Milkshake 750ml,Shaken Udder Vanillalic...750ml,£2,£2.67 per litre,"Offer price £2, was £2.45",fresh
Ski Smooth Raspberry & Strawberry Yogurts,Ski Smooth Raspberry & Strawberry Yogurts4 x 120g,£1.49,31p per 100g,,fresh
Ski Strawberry Mousse with Strawberry Sauce,Ski Strawberry Mousse with Strawberry Sauce4 x 60g,£1.59,66.3p per 100g,,fresh
Ski Variety Yogurts,Ski Variety Yogurts4 x 120g,£1.49,31p per 100g,,fresh
Smarties Mix-In Vanilla Yogurts,Smarties Mix-In Vanilla Yogurts6 x 107g,£3.89,60.6p per 100g,,fresh
Snacksters Big Stack,Snacksters Big Stack204g,£2.25,£1.10 per 100g,,fresh
Snacksters Breakfast Muffin ,Snacksters Breakfast Muffin 154g,£1,£6.49 per kg,,fresh
Snacksters Xl Doner Kebab,Snacksters Xl Doner Kebab171g,£1.65,96.5p per 100g,,fresh
Soignon Goat Log,Soignon Goat Log120g,£2.49,£20.75 per kg,,fresh
Sokolow Boczek,Sokolow Boczek400g,£3.79,94.8p per 100g,"Offer price £3.79, was £3.99",fresh
Sokolow Bukowe Sausages,Sokolow Bukowe Sausages600g,£2.59,43.2p per 100g,,fresh
Sokolow Cooked And Smoked Garlic Polish Sausage,Sokolow Cooked And Smoked...400g,£2.15,£5.38 per kg,,fresh
Sokolow Copernicus Best Polish Sausage,Sokolow Copernicus Best Polish Sausage350g,£2.35,67.1p per 100g,,fresh
Sokolow Krakowska Slices,Sokolow Krakowska Slices200g,£2.60,£1.30 per 100g,,fresh
Sokolow Polish Classic Hot Dogs,Sokolow Polish Classic Hot Dogs250g,£1.60,64p per 100g,,fresh
Sokolow Polish Kabanos Sausage,Sokolow Polish Kabanos Sausage250g,£2.99,£1.20 per 100g,,fresh
Sokolow Silesian Best Polish Sausage,Sokolow Silesian Best Polish Sausage340g,£2.75,£8.09 per kg,"Offer price £2.75, was £3",fresh
Sokolow Sopocka Loin Slices,Sokolow Sopocka Loin Slices200g,£2.29,£1.15 per 100g,,fresh
Soreen Snack Pack,Soreen Snack Pack,£1,,Food To Go Meal Deal for £3.50,fresh
Soulful One Pot Thai Red Vegetable Curry With Brown Rice,Soulful One Pot Thai Red Vegeta...300g,£2.50,83.3p per 100g,,fresh
Squeaky Bean Chicken Style Slices,Squeaky Bean Chicken Style Slices80g,£1.99,£24.88 per kg,"Offer price £1.99, was £2.49",fresh
Squeaky Bean NYC Pastrami Style Sandwich Slices,Squeaky Bean NYC Pastrami...90g,£2.49,£27.66 per kg,"Offer price £2.49, was £2.99",fresh
Squeaky Bean Ready to Eat Chargrilled Cajun Mini Fillets,Squeaky Bean Ready to Eat Charg...120g,£3.39,£2.83 per 100g,,fresh
Squeaky Bean Ready To Eat Chickenless Tikka Pieces,Squeaky Bean Ready To Eat C...130g,£2.99,£2.30 per 100g,,fresh
Squeaky Bean Salami Milano Style Slices,Squeaky Bean Salami Milano Style Slices90g,£2.49,£27.66 per kg,"Offer price £2.49, was £2.99",fresh
Squeaky Bean Smoked Ham Slices,Squeaky Bean Smoked Ham Slices80g,£1.99,£2.49 per 100g,"Offer price £1.99, was £2.49",fresh
Squeaky Bean Spanish Chorizo Style Slices,Squeaky Bean Spanish Chorizo Style Slices90g,£2.49,£27.66 per kg,"Offer price £2.49, was £2.99",fresh
Starbucks Caramel Macchiato,Starbucks Caramel Macchiato750ml,£3.99,£5.32 per litre,,fresh
Starbucks Discoveries Caramel Macchiato,Starbucks Discoveries Caramel Macchiato220ml,£1.25,£5.68 per litre,"Offer price £1.25, was £2.25",fresh
Starbucks Discoveries Seattle Latte,Starbucks Discoveries Seattle Latte220ml,£1.25,£5.68 per litre,"Offer price £1.25, was £2.25",fresh
Starbucks Discoveries Skinny Latte,Starbucks Discoveries Skinny Latte220ml,£1.25,£5.68 per litre,"Offer price £1.25, was £2.25",fresh
Starbucks Doubleshot Espresso,Starbucks Doubleshot Espresso200ml,£1.25,£6.25 per litre,"Offer price £1.25, was £2.25",fresh
Starbucks Frappuccino Coffee Drink Caramel Flavour,Starbucks Frappuccino Coffe...250ml,£1.25,£5.00 per litre,"Offer price £1.25, was £2.25",fresh
Starbucks Frappuccino Mocha,Starbucks Frappuccino Mocha250ml,£1.25,£5.00 per litre,"Offer price £1.25, was £2.25",fresh
Starbucks Low Fat Frappuccino ,Starbucks Low Fat Frappuccino 250ml,£1.25,£5.00 per litre,"Offer price £1.25, was £2.25",fresh
Starbucks No Added Sugar Double Shot Expresso,Starbucks No Added Sugar...200ml,£1.25,£6.25 per litre,"Offer price £1.25, was £2.25",fresh
Starbucks Seattle Latte,Starbucks Seattle Latte750ml,£3.99,£5.32 per litre,,fresh
Starbucks Skinny Latte,Starbucks Skinny Latte750ml,£3.99,53.2p per 100ml,,fresh
Stewart's Kitchen Ayrshire Ham Gratin ,Stewart's Kitchen Ayrshire Ham Gratin 400g,£3.99,£9.98 per kg,,fresh
Stewart's Kitchen Chicken Braemar ,Stewart's Kitchen Chicken Braemar 400g,£3.99,£9.98 per kg,,fresh
Stewart's Kitchen Cullen Skink Pie ,Stewart's Kitchen Cullen Skink Pie 350g,£3.99,£11.40 per kg,,fresh
St Helen's Farm - Mild Goats Cheese,St Helen's Farm - Mild Goats Cheese170g,£3.49,£20.53 per kg,,fresh
St Helen's Farm - Whole Goats Milk ,St Helen's Farm - Whole Goats Milk 1L,£2.15,£2.15 per litre,,fresh
St Helen's Farm Semi - Skimmed Goats Milk,St Helen's Farm Semi - Skimmed Goats Milk1L,£2.15,£2.15 per litre,,fresh
Stork Baking Spread alternative to Butter,Stork Baking Spread alternative to Butter500g,£2.29,£4.58 per kg,,fresh
Stork Baking Spread alternative to Butter,Stork Baking Spread alternative to Butter1kg,£3.85,£3.85 per kg,,fresh
Stork Vegan Baking Block,Stork Vegan Baking Block250g,£1.49,£5.96 per kg,,fresh
Strings & Things Cheeshapes,Strings & Things Cheeshapes4 x 18.75g,£1.25,£16.66 per kg,"Offer price £1.25, was £1.75",fresh
Strings & Things Cheestrings Cheese Snack,Strings & Things Cheestrings Cheese Snack4 x 20g,£1.25,£15.63 per kg,"Offer price £1.25, was £1.75",fresh
Strings & Things Cheestrings Cheese Snack,Strings & Things Cheestrings Cheese Snack8 x 20g,£2.39,£14.94 per kg,,fresh
Strings & Things Cheestrings Twisted Cheese Snack,Strings & Things Cheestring...4 x 20g,£1.25,£15.63 per kg,"Offer price £1.25, was £1.75",fresh
Strings & Things Cheestrings Twisted Cheese Snack,Strings & Things Cheestring...8 x 20g,£2.39,£14.94 per kg,,fresh
Strings & Things Yollies Strawberry Kids Yogurt,Strings & Things Yollies Strawberry Kids Yogurt100g,£1.75,£1.75 per 100g,,fresh
Tahira Chicken & Turkey Hot Dog,Tahira Chicken & Turkey Hot Dog500g,£2.20,44p per 100g,,fresh
Tarczynski Kielbasa Geesowska Polish Sausage,Tarczynski Kielbasa Gee...300g,£2.50,83.3p per 100g,"Offer price £2.50, was £2.95",fresh
Taste & Glory Meat Free Burgers,Taste & Glory Meat Free Burgers227g,£2.70,£1.19 per 100g,,fresh
Taste & Glory Meat Free Sausages ,Taste & Glory Meat Free Sausages 240g,£2.70,£11.25 per kg,,fresh
The Coconut Collaborative Chocolate & Cream Pots,The Coconut Collaborative Chocolate & Cream Pots2 x 120ml,£2.75,£1.15 per 100ml,,fresh
The Coconut Collaborative Natural Yogurt ,The Coconut Collaborative Natural Yogurt 350g,£2.95,84.3p per 100g,,fresh
The Collective Fudge Gourmet Greek Style Yogurt,The Collective Fudge Gour...450g,£2.95,65.6p per 100g,,fresh
The Collective Great Dairy Gourmet Zingy Passion Fruit,The Collective Great Dairy Gour...150g,£1.25,83.3p per 100g,,fresh
The Collective Mango Gourmet Greek Style Yogurt ,The Collective Mango Gourme...450g,£2.95,65.6p per 100g,,fresh
The Collective Peach & Apricot Suckies Yogurt  Pouch,The Collective Peach & Aprico...90g,95p,£1.06 per 100g,Buy 2 for £1.50,fresh
The Collective Plant Raspberry Greek-Style,The Collective Plant Raspberry Greek-Style400g,£2.75,68.8p per 100g,,fresh
The Collective Raspberry Gourmet Greek-Style Yogurt,The Collective Raspberry Gour...450g,£2.95,65.6p per 100g,,fresh
The Collective Raspberry Gourmet Live Yoghurt,The Collective Raspberry Gourmet Live Yoghurt150g,£1,66.7p per 100g,,fresh
The Collective Straight Up Greek -Style Yogurt,The Collective Straight Up Greek -Style Yogurt900g,£3,33.4p per 100g,"Offer price £3, was £3.65",fresh
The Collective Strawberry Suckies Yoghurt Pouches,The Collective Strawberry Suckies Yoghurt Pouches6 x 90g,£3.89,72p per 100g,,fresh
The Collective Strawberry Suckies Yogurt Pouch,The Collective Strawberry Suckies Yogurt Pouch90g,95p,£1.06 per 100g,Buy 2 for £1.50,fresh
The Collective Suckies Banana Kids Yoghurt Pouch,The Collective Suckies Bana...90g,95p,£1.06 per 100g,Buy 2 for £1.50,fresh
The Collective Suckies Strawberry Kids Yoghurt Pouch,The Collective Suckies Strawb...4 x 90g,£2.95,81.9p per 100g,,fresh
The Curators Original Beef Biltong ,The Curators Original Beef Biltong 26g,£2,£7.69 per 100g,,fresh
The Delicious Dessert Company Millionaires Long John,The Delicious Dessert Company...,£2.55,,,fresh
The Delicious Dessert Company Sticky Toffee Eclair,The Delicious Dessert Compa...2 per pack,£2,£1.00 each,,fresh
The Delicious Dessert Company Sticky Toffee Long John,The Delicious Dessert Company...,£2.55,,,fresh
The Gym Kitchen Chicken Tikka,The Gym Kitchen Chicken Tikka400g,£3.75,93.8p per 100g,,fresh
The Gym Kitchen Piri Piri Chicken,The Gym Kitchen Piri Piri Chicken400g,£3.75,93.8p per 100g,,fresh
The Gym Kitchen Thai Green Chicken Curry,The Gym Kitchen Thai Green Chicken Curry400g,£3.75,93.8p per 100g,,fresh
The Lake District Mild Cheddar,The Lake District Mild Cheddar350g,£3.75,£10.71 per kg,,fresh
The Laughing Cow Light Blue Cheese Spread Triangles,The Laughing Cow Light Blue C...8 x 16g,£1.25,£9.77 per kg,"Offer price £1.25, was £1.89",fresh
The Laughing Cow Light Dip & Crunch,The Laughing Cow Light Dip & Crunch4 x 35g,£1.50,£10.71 per kg,,fresh
The Laughing Cow Light Triangles,The Laughing Cow Light Triangles267g,£2.95,£1.10 per 100g,,fresh
The Laughing Cow Light Triangles,The Laughing Cow Light Triangles133.5g,£1.25,93.9p per 100g,"Offer price £1.25, was £1.89",fresh
The Laughing Cow Original Dip & Crunch ,The Laughing Cow Original Dip & Crunch 4 x 35g,£1.50,£10.71 per kg,,fresh
The Laughing Cow Original Triangle,The Laughing Cow Original Triangle133.5g,£1.25,93.9p per 100g,"Offer price £1.25, was £1.89",fresh
The Real Milkshake Company Double Chocolate Flavoured Milk,The Real Milkshake Company Double...1L,£1.85,£1.85 per litre,,fresh
The Real Milkshake Company Salted Caramel Flavoured Milk,The Real Milkshake Company Salt...1L,£1.85,£1.85 per litre,,fresh
The Real Milkshake Company White Chocolate Flavoured Milk,The Real Milkshake Company White...1L,£1.85,£1.85 per litre,,fresh
The Real Yorkshire Pudding Co. Toad In The Hole,The Real Yorkshire Puddin...350g,£2.30,£6.57 per kg,"Offer price £2.30, was £2.60",fresh
The Tofoo Co. Naked Tofu,The Tofoo Co. Naked Tofu280g,£2.50,89.3p per 100g,,fresh
The Tofoo Co. Naked Xl ,The Tofoo Co. Naked Xl 450g,£3.45,£7.67 per kg,,fresh
The Tofoo Co. Scrambled,The Tofoo Co. Scrambled200g,£2.85,£1.43 per 100g,,fresh
The Tofoo Co. Smoked Tofu,The Tofoo Co. Smoked Tofu225g,£2.50,£11.11 per kg,,fresh
The Tofoo Co. Sriracha,The Tofoo Co. Sriracha280g,£2.85,£1.02 per 100g,,fresh
The Vegetarian Butcher Patty On The Back,The Vegetarian Butcher Patty On The Back226g,£3.99,£1.77 per 100g,,fresh
The Vegetarian Butcher Unbelievaballs,The Vegetarian Butcher Unbelievaballs170g,£3,£1.76 per 100g,,fresh
The Vegetarian Butcher Vegan Magic Mince,The Vegetarian Butcher Vegan Magic Mince200g,£3,£1.50 per 100g,,fresh
The Vegetarian Butcher Vegan What the Cluck,The Vegetarian Butcher Vegan What the Cluck160g,£3,£1.88 per 100g,,fresh
This Isn't Bacon Plant-Based Rashers,This Isn't Bacon Plant-Based Rashers120g,£3,£2.50 per 100g,,fresh
This Isn't Beef Plant Based Burgers,This Isn't Beef Plant Based Burgers226g,£2.50,£1.11 per 100g,"Offer price £2.50, was £3",fresh
This Isn't Pork Plant-Based Sausages,This Isn't Pork Plant-Based Sausages270g,£3,£1.11 per 100g,,fresh
Tideford Malaysian Coconut & Noodle Soup ,Tideford Malaysian Coconut & Noodle Soup 600g,£3.25,54.2p per 100g,,fresh
Tideford Organics Indian Lentil & Spinach Dhal Veg Pot,Tideford Organics Indian Lentil...600g,£3.25,54.2p per 100g,,fresh
Tideford Spiced Chickpea Soup,Tideford Spiced Chickpea Soup600g,£3.25,54.2p per 100g,,fresh
Tideford Super Greens Soup,Tideford Super Greens Soup600g,£3,50p per 100g,,fresh
Trex Solid White Vegetable Fat,Trex Solid White Vegetable Fat250g,£1.55,£6.20 per kg,,fresh
Tropical Sun Coconut Water,Tropical Sun Coconut Water520ml,£1.80,£3.46 per litre,,fresh
Tropicana Apple,Tropicana Apple900ml,£3.25,36.1p per 100ml,,fresh
Tropicana Extra Juicy,Tropicana Extra Juicy900ml,£3.25,36.1p per 100ml,,fresh
Tropicana Orange & Mango,Tropicana Orange & Mango1.35L,£3,22.2p per 100ml,"Offer price £3, was £4.25",fresh
Tropicana Orange & Mango Juice,Tropicana Orange & Mango Juice850ml,£3.25,38.2p per 100ml,,fresh
Tropicana Orange Mango Juice ,Tropicana Orange Mango Juice 300ml,£1.65,55p per 100ml,,fresh
Tropicana Original Orange Juice With Bits,Tropicana Original Orange Juice With Bits900ml,£3.25,36.1p per 100ml,,fresh
Tropicana Original Orange Juice With Juicy Bits,Tropicana Original Orange Juice With Juicy Bits1.35L,£3,22.2p per 100ml,"Offer price £3, was £4.25",fresh
Tropicana Pressed Apple Juice ,Tropicana Pressed Apple Juice 1.35L,£3,22.2p per 100ml,"Offer price £3, was £4.25",fresh
Tropicana Sensations Golden Grapefruit,Tropicana Sensations Golden Grapefruit850ml,£2.50,29.4p per 100ml,"Offer price £2.50, was £3.50",fresh
Tropicana Sensations Passionfruit Punch ,Tropicana Sensations Passionfruit Punch 850ml,£2.50,29.4p per 100ml,"Offer price £2.50, was £3.50",fresh
Tropicana Sensations Pineapple Juice,Tropicana Sensations Pineapple Juice850ml,£2.50,29.4p per 100ml,"Offer price £2.50, was £3.50",fresh
Tropicana Sensations Raspberry & Mango Sunset,Tropicana Sensations Rasp...850ml,£2.50,29.4p per 100ml,"Offer price £2.50, was £3.50",fresh
Tropicana Smooth Orange Juice,Tropicana Smooth Orange Juice300ml,£1.65,55p per 100ml,Food To Go Meal Deal for £3.50,fresh
Tropicana Smooth Orange Juice,Tropicana Smooth Orange Juice900ml,£3.25,36.1p per 100ml,,fresh
Tropicana Smooth With No Bits Orange Juice,Tropicana Smooth With No Bits Orange Juice1.35L,£3,22.2p per 100ml,"Offer price £3, was £4.25",fresh
Tropicana Trop50 Orange & Mango Juice Drink,Tropicana Trop50 Orange & Mango Juice Drink1L,£1.50,15p per 100ml,,fresh
Tropicana Trop50 Orange Juice Drink ,Tropicana Trop50 Orange Juice Drink 1L,£1.50,15p per 100ml,,fresh
Tropicana Tropical Fruit Juice ,Tropicana Tropical Fruit Juice 850ml,£3.25,38.2p per 100ml,,fresh
Tropicana Tropical Juice,Tropicana Tropical Juice1.35L,£3,22.2p per 100ml,"Offer price £3, was £4.25",fresh
Two Chicks Free Range Liquid Egg White,Two Chicks Free Range Liquid Egg White500g,£3.49,£6.98 per kg,,fresh
Ufit High Protein Fudge Brownie Milkshake ,Ufit High Protein Fudge Brownie Milkshake 330ml,£2,60.6p per 100ml,,fresh
UFIT High Protein Shake Drink Banana,UFIT High Protein Shake Drink Banana330ml,£2,60.6p per 100ml,,fresh
UFIT High Protein Shake Drink  Chocolate,UFIT High Protein Shake Drink  Chocolate500ml,£2.25,£4.50 per litre,"Offer price £2.25, was £3",fresh
UFIT High Protein Shake Drink Salted Caramel,UFIT High Protein Shake Drink Salted Caramel330ml,£2,60.6p per 100ml,,fresh
UFIT High Protein Shake Drink Strawberry,UFIT High Protein Shake Drink Strawberry500ml,£2.25,£4.50 per litre,"Offer price £2.25, was £3",fresh
UFIT High Protein Shake Drink Strawberry,UFIT High Protein Shake Drink Strawberry330ml,£2,60.6p per 100ml,,fresh
UFIT High Protein Shake Drink Vanilla,UFIT High Protein Shake Drink Vanilla330ml,£2,£6.06 per litre,,fresh
UFIT High Protein Shake Drink White Chocolate,UFIT High Protein Shake Drink White Chocolate330ml,£2,60.6p per 100ml,,fresh
UFIT Lite Protein Shake Drink Smooth Chocolate,UFIT Lite Protein Shake Drink Smooth Chocolate310ml,£2,64.5p per 100ml,Food To Go Meal Deal for £3.50,fresh
UFIT Lite Protein Shake Drink Strawberries & Cream,UFIT Lite Protein Shake Dri...310ml,£2,64.5p per 100ml,Food To Go Meal Deal for £3.50,fresh
Ufit Millionaire Shortbread High Protein Shake,Ufit Millionaire Shortbread High Protein Shake330ml,£2,£6.06 per litre,,fresh
Ufit Protein Drink Chocolate,Ufit Protein Drink Chocolate250ml,£1,40p per 100ml,,fresh
Ufit Protein Drink Strawberry,Ufit Protein Drink Strawberry250ml,£1,40p per 100ml,,fresh
Ufit Salted Caramel High Protein Shake,Ufit Salted Caramel High Protein Shake500ml,£2.25,£4.50 per litre,"Offer price £2.25, was £3",fresh
Utterly Butterly Spread,Utterly Butterly Spread500g,£1,£2.00 per kg,"Offer price £1, was £1.75",fresh
VBites Cheatin Ham Style Slices,VBites Cheatin Ham Style Slices100g,£1.49,£14.90 per kg,,fresh
VBites Cheatin Rashers ,VBites Cheatin Rashers 115g,£2.35,£20.43 per kg,,fresh
V Bites Sage & Onion Vdeli Slices ,V Bites Sage & Onion Vdeli Slices 100g,£1.49,£14.90 per kg,,fresh
Violife Vioblock Salted Vegan Butter Alternative,Violife Vioblock Salted Vegan Butter Alternative250g,£1.99,79.6p per 100g,,fresh
Violife Viospread Light & Creamy Vegan Spread ,Violife Viospread Light & Creamy Vegan Spread 200g,£2.19,£1.10 per 100g,,fresh
Vita Coco Choc-O-Lot Chocolate & Coconut Drink,Vita Coco Choc-O-Lot Choc...330ml,£1,30.3p per 100ml,"Offer price £1, was £1.60",fresh
Vita Coco Coconut Water Pressed Coconut,Vita Coco Coconut Water Pressed Coconut1L,£3.99,39.9p per 100ml,,fresh
Vita Coco Natural Coconut Water ,Vita Coco Natural Coconut Water 1L,£2.50,25p per 100ml,"Offer price £2.50, was £3.99",fresh
Vita Coco Natural Coconut Water   ,Vita Coco Natural Coconut Water   500ml,£2.45,49p per 100ml,,fresh
Vitalite Dairy Free Spread,Vitalite Dairy Free Spread500g,£2,£4.00 per kg,"Offer price £2, was £2.25",fresh
Vivera Veggie Shawarma Kebab,Vivera Veggie Shawarma Kebab175g,£2.59,£14.80 per kg,,fresh
Walls Individual Scotch Egg,Walls Individual Scotch Egg113g,£1.25,£1.11 per 100g,Food To Go Meal Deal for £3.50,fresh
Walls Mini Savoury Eggs,Walls Mini Savoury Eggs18 per pack,£1.99,11.1p each,,fresh
Walls Scotch Eggs,Walls Scotch Eggs2 x 113g,£1.99,88.1p per 100g,,fresh
Wildlife Fromage Frais Strawberry & Peach ,Wildlife Fromage Frais Strawberry & Peach 18 x 45g,£2.35,29p per 100g,,fresh
Wildlife Strawberry Choobs Yogurt,Wildlife Strawberry Choobs Yogurt6 x 37g,£1,45p per 100g,,fresh
Wildlife Variety Choobs Yoghurt,Wildlife Variety Choobs Yoghurt6 x 37g,£1,45p per 100g,,fresh
Willow Block,Willow Block250g,£1.30,£5.20 per kg,"Offer price £1.30, was £1.49",fresh
Wunda Original Plant Based Milk Alternative,Wunda Original Plant Based Milk Alternative950ml,£1.50,15.8p per 100ml,"Offer price £1.50, was £1.90",fresh
Wunda Unsweetened Plant Based Milk Alternative,Wunda Unsweetened Plant B...950ml,£1.50,15.8p per 100ml,"Offer price £1.50, was £1.90",fresh
WW Bolognese Bake ,WW Bolognese Bake 360g,£2.99,£8.31 per kg,,fresh
WW Butternut Squash & Spinach Lasagne,WW Butternut Squash & Spinach Lasagne400g,£2.99,74.8p per 100g,,fresh
WW Chicken Tikka & Basmati Rice ,WW Chicken Tikka & Basmati Rice 380g,£2.99,£7.87 per kg,,fresh
WW Chilli Con Carne & Potato Wedges,WW Chilli Con Carne & Potato Wedges380g,£2.99,78.7p per 100g,,fresh
"WW Creamy Chicken, Leek & Mushroom Pie ","WW Creamy Chicken, Leek & Mushroom Pie 400g",£2.99,£7.48 per kg,,fresh
WW Lincolnshire Sausage & Root Vegetable Mash ,WW Lincolnshire Sausage & Root Vegetable Mash 380g,£2.99,£7.87 per kg,,fresh
Wyke Farms Farmhouse Butter Salted,Wyke Farms Farmhouse Butter Salted250g,£2.25,£9.00 per kg,,fresh
Yakult 0% Fat Yogurt Drink,Yakult 0% Fat Yogurt Drink15 x 65ml,£5.50,56.4p per 100ml,,fresh
Yakult Light 0% Fat Yogurt Drink,Yakult Light 0% Fat Yogurt Drink15 x 65ml,£5.50,56.4p per 100ml,,fresh
Yakult Light Yogurt Drink,Yakult Light Yogurt Drink7 x 65ml,£3.25,71.4p per 100ml,,fresh
Yakult Yogurt Drink,Yakult Yogurt Drink7 x 65ml,£3.25,71.4p per 100ml,,fresh
Yamas! Greek Feta Cheese ,Yamas! Greek Feta Cheese 200g,£1.95,£9.75 per kg,"Offer price £1.95, was £2.19",fresh
Yamas Halloumi,Yamas Halloumi225g,£2.75,£12.22 per kg,,fresh
Yazoo Banana Milk Drink,Yazoo Banana Milk Drink400ml,£1,£2.50 per litre,"Offer price £1, was £1.19",fresh
Yazoo Banana Milk Drink,Yazoo Banana Milk Drink1L,£1.80,£1.80 per litre,,fresh
Yazoo Banana No added Sugar ,Yazoo Banana No added Sugar 3 x 200ml,£1.50,25p per 100ml,,fresh
Yazoo Chocolate Milk,Yazoo Chocolate Milk1L,£1.80,£1.80 per litre,,fresh
Yazoo Chocolate No Added Sugar,Yazoo Chocolate No Added Sugar3 x 200ml,£1.50,25p per 100ml,,fresh
Yazoo Limited Edition Choc Mint,Yazoo Limited Edition Choc Mint400ml,£1.15,28.8p per 100ml,,fresh
Yazoo Max Fresh Chocolate Flavoured Milk,Yazoo Max Fresh Chocolate Flavoured Milk400ml,£1,£2.50 per litre,"Offer price £1, was £1.19",fresh
Yazoo Strawberry Milk,Yazoo Strawberry Milk1L,£1.80,£1.80 per litre,,fresh
Yazoo Strawberry Milk Drink,Yazoo Strawberry Milk Drink400ml,£1,£2.50 per litre,"Offer price £1, was £1.19",fresh
Yazoo Strawberry No Added Sugar,Yazoo Strawberry No Added Sugar3 x 200ml,£1.50,25p per 100ml,,fresh
Yazoo Strawberry No Added Sugar,Yazoo Strawberry No Added Sugar6 x 200ml,£2.40,20p per 100ml,,fresh
Ye Olde Oak Frankfurters,Ye Olde Oak Frankfurters550g,£2.15,39.1p per 100g,,fresh
Yeo Valley Family Farm Peach & Apricot Yogurt,Yeo Valley Family Farm Peach & Apricot Yogurt450g,£2.25,50p per 100g,,fresh
Yeo Valley Greek Style Honey ,Yeo Valley Greek Style Honey 450g,£1.50,33.4p per 100g,"Offer price £1.50, was £2.15",fresh
Yeo Valley Organic 0% Fat Greek Style Natural Yogurt,Yeo Valley Organic 0% Fat Greek Style Natural Yogurt450g,£1.50,33.3p per 100g,"Offer price £1.50, was £1.85",fresh
Yeo Valley Organic Butter ,Yeo Valley Organic Butter 250g,£2.99,£1.20 per 100g,,fresh
Yeo Valley Organic Free-Range Milk Semi-Skimmed ,Yeo Valley Organic Free-Ran...2L,£2.69,£1.35 per litre,Buy 2 for £4,fresh
Yeo Valley Organic Greek Style Natural Yogurt,Yeo Valley Organic Greek Style Natural Yogurt450g,£1.50,33.4p per 100g,"Offer price £1.50, was £2.15",fresh
Yeo Valley Organic Half Fat Creme Fraiche,Yeo Valley Organic Half Fat Creme Fraiche200g,£1.40,70p per 100g,,fresh
Yeo Valley Organic Lemon Curd Yogurt,Yeo Valley Organic Lemon Curd Yogurt450g,£1.50,33.3p per 100g,,fresh
Yeo Valley Organic Natural Whole Milk,Yeo Valley Organic Natural Whole Milk950g,£3.59,37.8p per 100g,,fresh
Yeo Valley Organic Natural Whole Milk Yogurt,Yeo Valley Organic Natural Whole Milk Yogurt450g,£1.50,33.3p per 100g,"Offer price £1.50, was £1.99",fresh
Yeo Valley Organic Semi Skimmed Cartons,Yeo Valley Organic Semi Skimmed Cartons1L,£1.75,£1.75 per litre,,fresh
Yeo Valley Organic Strawberry Yogurt,Yeo Valley Organic Strawberry Yogurt450g,£1.50,33.3p per 100g,,fresh
Yeo Valley Organic Whole Cartons,Yeo Valley Organic Whole Cartons1L,£1.75,£1.75 per litre,,fresh
Yeo Valley Organic Whole Milk Yogurt,Yeo Valley Organic Whole Milk Yogurt150g,85p,56.7p per 100g,,fresh
Yop Raspberry Flavour Yogurt Drink ,Yop Raspberry Flavour Yogurt Drink 500g,£1.40,£2.80 per kg,,fresh
Yop Strawberry Flavour Yogurt Drink ,Yop Strawberry Flavour Yogurt Drink 500g,£1.40,£2.80 per kg,,fresh
Yorkshire Creamery Extra Mature Yorkshire Cheddar,Yorkshire Creamery Extra Mature Yorkshire Cheddar320g,£3.75,£11.72 per kg,,fresh
Yorkshire Provender Cauliflower Cheese Soup With Kale & Fountains Gold,Yorkshire Provender Cauliflow...600g,£2.99,49.8p per 100g,,fresh
Yorkshire Provender Roast Chicken & Traditional Vegetable Soup,Yorkshire Provender Roast Chicken &...600g,£2.99,49.8p per 100g,,fresh
Yorkshire Provender Silky Root Vegetable With Pearl Barley,Yorkshire Provender Silky Root Ve...600g,£2.99,49.8p per 100g,,fresh
Yorkshire Provender Thai Green Chicken Noodle Soup,Yorkshire Provender Thai Gr...600g,£2.99,49.8p per 100g,,fresh
Yorkshire Provender Tomato With Red Pepper & Wensleydale Soup,Yorkshire Provender Tomato With Red...600g,£2.99,49.8p per 100g,,fresh
Morrisons Chicken Mini Fillet,Morrisons Chi...450g,£4.25,94.4p per 100g,Buy 3 for £10,frozen
Morrisons Spreadable,Morrisons Spreadable450g,£2.49,55.3p per 100g,,frozen
Morrisons Soured Cream & Chive Dip,Morrisons Soured...170g,£1.35,79.4p per 100g,Buy 2 for £2,frozen
Birds Eye 2 Green Cuisine Vegan Chicken Free Southern Fried Grills,Birds Eye 2 Green Cuisine Vegan Chicken...2 per pack,£2.69,£1.35 each,,frozen
Birds Eye Green Cuisine Vegan Chicken Free Southern Fried Strips,Birds Eye Green Cuisine Vegan Chicken...210g,£2.99,£14.24 per kg,,frozen
Birds Eye Petits Pois ,Birds Eye Petits Pois 960g,£3,£3.13 per kg,"Offer price £3, was £3.59",frozen
Goodfella's Takeaway Pepperoni Pizza,Goodfella's Takeaway Pepperoni Pizza524g,£3.50,66.8p per 100g,"Offer price £3.50, was £4.99",frozen
"	Weight Watchers from Heinz Beef Hotpot Frozen Ready Meal","	Weight Watchers from Heinz Beef...350g",£2.49,£7.11 per kg,Buy 2 for £4.50,frozen
"Annabel Karmel Chicken,Tomato & Mascarpone Pasta ","Annabel Karmel Chicken,Toma...200g",£1.79,89.5p per 100g,"Offer price £1.79, was £2",frozen
Annabel Karmel Scrummy Cottage Pie with Hidden Veggies ,Annabel Karmel Scrummy Cottage...200g,£1.79,£8.95 per kg,"Offer price £1.79, was £2",frozen
Annabel Karmel Tasty Spaghetti Bolognese with Hidden Veggies ,Annabel Karmel Tasty Spaghetti Bolo...200g,£1.79,£8.95 per kg,"Offer price £1.79, was £2",frozen
Aunt Bessie's 10 Glorious Golden Yorkshire Puddings,Aunt Bessie's 10 Glorious Golden Yorkshire Puddings190g,£1.50,£7.89 per kg,,frozen
Aunt Bessie's 12 Bake at Home Yorkshire Puddings,Aunt Bessie's 12 Bake at Home Yorkshire Puddings370g,£2.39,£6.46 per kg,,frozen
Aunt Bessie's 12 Sage & Onion Stuffing Balls ,Aunt Bessie's 12 Sage & Onion Stuffing Balls 310g,£1.50,£4.84 per kg,"Offer price £1.50, was £2.45",frozen
Aunt Bessie's 18 Glorious Golden Yorkshire Puddings,Aunt Bessie's 18 Glorious Golden Yorkshire Puddings342g,£4,£11.70 per kg,"Buy 3, Get 25% Off",frozen
Aunt Bessie's 4 Spectacular Yorkshire Puddings,Aunt Bessie's 4 Spectacul...220g,£2,£9.09 per kg,,frozen
Aunt Bessie's 8 Dumplings,Aunt Bessie's 8 Dumplings390g,£2.45,£6.28 per kg,,frozen
Aunt Bessie's Crinkle Cut Chips,Aunt Bessie's Crinkle Cut Chips800g,£1.50,18.7p per 100g,"Offer price £1.50, was £1.85",frozen
Aunt Bessie's Duck Fat Roast Potatoes,Aunt Bessie's Duck Fat Roast Potatoes700g,£3,£4.29 per kg,"Offer price £3, was £3.99",frozen
Aunt Bessie's Honey Glazed Parsnips,Aunt Bessie's Honey Glazed Parsnips500g,£2,£4.00 per kg,"Offer price £2, was £2.49",frozen
Aunt Bessie's Jam Roly Poly,Aunt Bessie's Jam Roly Poly300g,£2.19,73p per 100g,"Offer price £2.19, was £2.29",frozen
Aunt Bessie's Mashed Potato,Aunt Bessie's Mashed Potato650g,£2.49,£3.83 per kg,,frozen
Aunt Bessie's Mini Roast Potatoes,Aunt Bessie's Mini Roast Potatoes700g,£2.79,39.9p per 100g,,frozen
Aunt Bessie's Onion Rings ,Aunt Bessie's Onion Rings 375g,£2.35,62.7p per 100g,,frozen
Aunt Bessie's Proper Apple Pie ,Aunt Bessie's Proper Apple Pie 550g,£2.19,39.8p per 100g,"Offer price £2.19, was £2.29",frozen
Aunt Bessie's Roast Potatoes,Aunt Bessie's Roast Potatoes1.3kg,£3.89,£2.99 per kg,,frozen
Aunt Bessie's Roast Potatoes,Aunt Bessie's Roast Potatoes720g,£2.49,£3.46 per kg,,frozen
Aunt Bessie's Toad In The Hole,Aunt Bessie's Toad In The Hole190g,£1.99,£10.47 per kg,,frozen
Baileys Original Ice Cream Sticks ,Baileys Original Ice Cream Sticks 3 x 90ml,£3.75,£1.39 per 100ml,,frozen
Ballineen Cooked Irish Sausages In A Crispy Batter,Ballineen Cooked Irish Saus...240g,£1.75,£7.29 per kg,,frozen
Bannisters Farm 4 Cheese & Bacon Potato Skins,Bannisters Farm 4 Cheese & Bacon Potato Skins260g,£1.65,£6.35 per kg,,frozen
Bannisters Farm 4 Cheese & Jalapeno Potato Skins,Bannisters Farm 4 Cheese & Jalapeno Potato Skins260g,£1.65,£6.35 per kg,,frozen
Bannisters Farm 4 Hasselback Baked Potatoes ,Bannisters Farm 4 Hasse...460g,£2.49,54.1p per 100g,,frozen
Barratt Fruit Salad & Dip Dabs Ice Duos,Barratt Fruit Salad & Dip Dabs Ice Duos8 x 80ml,£1.50,23.4p per 100ml,,frozen
Ben & Jerry's A Chocolate Love A-Fair Sea Salt Caramel Non Dairy ,Ben & Jerry's A Chocolate Love A-Fair...465ml,£4.89,£1.05 per 100ml,,frozen
Ben & Jerry's Baked Alaska Vanilla Ice Cream Tub,Ben & Jerry's Baked Alaska...465ml,£3.75,80.6p per 100ml,"Offer price £3.75, was £5.49",frozen
Ben & Jerry's Caramel Chew Chew Ice Cream Tub,Ben & Jerry's Caramel Che...465ml,£3.75,80.6p per 100ml,"Offer price £3.75, was £5.49",frozen
Ben & Jerry's Choco-lotta Cheesecake Sundae,Ben & Jerry's Choco-lotta Cheesecake Sundae427ml,£5.49,£1.29 per 100ml,,frozen
Ben & Jerry's Chocolate Chip Cookie Dough Ice Cream Chunks,Ben & Jerry's Chocolate Chip Cook...170g,£4.49,£2.64 per 100g,,frozen
Ben & Jerry's Chocolate Fudge Ice Cream Tub,Ben & Jerry's Chocolate Fudge Ice Cream Tub465ml,£3.75,80.6p per 100ml,"Offer price £3.75, was £4.80",frozen
Ben & Jerry's Cone Together Vanilla Ice Cream Tub,Ben & Jerry's Cone Together...465ml,£5.49,£1.18 per 100ml,,frozen
Ben & Jerry's Cookie & Brownie Cool-lection,Ben & Jerry's Cookie & Brownie Cool-lection4 x 100ml,£5.49,£1.37 per 100ml,,frozen
Ben & Jerry's Cookie Dough Ice Cream Tub,Ben & Jerry's Cookie Dough Ice Cream Tub465ml,£3.75,80.6p per 100ml,"Offer price £3.75, was £5.49",frozen
Ben & Jerry's Cookie Dough Non - Dairy Ice Cream ,Ben & Jerry's Cookie Dough...465ml,£4.89,£1.05 per 100ml,,frozen
Ben & Jerry's Dulce De-lish Sundae,Ben & Jerry's Dulce De-lish Sundae427ml,£5.49,£1.29 per 100ml,,frozen
Ben & Jerry's Half Baked Chocolate Ice Cream Tub,Ben & Jerry's Half Baked Chocolate Ice Cream Tub465ml,£3.75,80.6p per 100ml,"Offer price £3.75, was £4.80",frozen
Ben & Jerry's Karamel Sutra Core Caramel Ice Cream Tub,Ben & Jerry's Karamel Sutra Cor...465ml,£3.75,80.6p per 100ml,"Offer price £3.75, was £5.49",frozen
Ben & Jerry's Lighten Up Chocolate Cookie Dough,Ben & Jerry's Lighten Up Chocolate Cookie Dough465ml,£5.49,£1.18 per 100ml,,frozen
Ben & Jerry's Lighten Up Vanilla Brownie,Ben & Jerry's Lighten Up Vanilla Brownie465ml,£5.49,£1.18 per 100ml,,frozen
Ben & Jerry's Netflix & Chill'D Peanut Butter Ice Cream Tub,Ben & Jerry's Netflix & Chill'D P...465ml,£3.75,80.6p per 100ml,"Offer price £3.75, was £5.49",frozen
Ben & Jerry's Peanut Butter Cup ,Ben & Jerry's Peanut Butter Cup 465ml,£3.75,80.6p per 100ml,"Offer price £3.75, was £5.49",frozen
Ben & Jerry's Phish Food Chocolate Ice Cream Tub,Ben & Jerry's Phish Food Chocolate Ice Cream Tub465ml,£3.75,80.6p per 100ml,"Offer price £3.75, was £4.80",frozen
Ben & Jerry's Strawberry Cheesecake Ice Cream Tub,Ben & Jerry's Strawberry Ch...465ml,£3.75,80.6p per 100ml,"Offer price £3.75, was £5.49",frozen
Ben & Jerry's Sundae Cookie Vermont-Ster Ice Cream Tub,Ben & Jerry's Sundae Cookie Ver...427ml,£5.49,£1.29 per 100ml,,frozen
Ben & Jerry's Sundae Hazel-Nuttin' But Chocolate Ice Cream Tub,Ben & Jerry's Sundae Hazel-Nuttin'...427ml,£5.49,£1.29 per 100ml,,frozen
Ben & Jerry's Sundae Oh My Banoffee Pie Ice Cream Tub,Ben & Jerry's Sundae Oh My Ba...427ml,£5.49,£1.29 per 100ml,,frozen
Ben And Jerry's A Chocolate Love A-Fair Sea Salt Caramel Ice Cream,Ben And Jerry's A Chocolate Love A-Fair...465ml,£3.75,80.6p per 100ml,"Offer price £3.75, was £5.49",frozen
Bernard Matthews Farms Turkey Breast Roast,Bernard Matthews Farms Turkey Breast Roast450g,£2.75,£6.11 per kg,,frozen
Bernard Matthews Golden Turkey Drummers,Bernard Matthews Golden Turkey Drummers350g,£2.25,64.3p per 100g,,frozen
Bernard Matthews Turkey Dinosaurs,Bernard Matthews Turkey Dinosaurs350g,£2.25,64.3p per 100g,,frozen
Bernard Matthews Turkey Mini Kievs,Bernard Matthews Turkey Mini Kievs13 x 295g,£2.25,5.9p per 100g,,frozen
Beyond Meat Plant Based Meatballs,Beyond Meat Plant Based Meatballs200g,£4,£2.00 per 100g,,frozen
Beyond Meat Plant Based Mince,Beyond Meat Plant Based Mince250g,£4,£1.60 per 100g,,frozen
Beyond Meat Plant Based Sausage,Beyond Meat Plant Based Sausage4 x 50g,£4,£2.00 per 100g,,frozen
Beyond Meat Plant Burgers,Beyond Meat Plant Burgers226g,£4,£1.77 per 100g,,frozen
Birds Eye 10 Chicken Fingers with Golden Wholegrain,Birds Eye 10 Chicken Fingers...250g,£2.79,£11.16 per kg,,frozen
Birds Eye 10 Cod Fish Fingers,Birds Eye 10 Cod Fish Fingers280g,£3,£10.71 per kg,"Offer price £3, was £3.99",frozen
Birds Eye 10 Green Cuisine Vegan Veggie Fingers,Birds Eye 10 Green Cuisin...284g,£1.79,£6.30 per kg,,frozen
Birds Eye 10 Haddock Fish Fingers,Birds Eye 10 Haddock Fish Fingers280g,£3,£10.72 per kg,"Offer price £3, was £4.39",frozen
Birds Eye 10 Omega 3 Fish Fingers,Birds Eye 10 Omega 3 Fish Fingers280g,£2.99,£10.68 per kg,,frozen
Birds Eye 10 Original Beef Burgers with Onion,Birds Eye 10 Original Beef Burgers with Onion567g,£5.85,£10.32 per kg,,frozen
Birds Eye 10 Original Potato Waffles,Birds Eye 10 Original Potato Waffles567g,£2.35,£4.14 per kg,,frozen
Birds Eye 12 Crispy Chicken Dippers,Birds Eye 12 Crispy Chicken Dippers220g,£2.79,£12.68 per kg,,frozen
Birds Eye 18 Potato Waffles,Birds Eye 18 Potato Waffles1.02kg,£3.80,£3.73 per kg,"Buy 3, Get 25% Off",frozen
Birds Eye 20 Fish Fingers Cod,Birds Eye 20 Fish Fingers Cod560g,£6.49,£11.59 per kg,,frozen
Birds Eye 20 Fish Fingers Omega 3,Birds Eye 20 Fish Fingers Omega 3560g,£3.50,£6.25 per kg,"Offer price £3.50, was £4.19",frozen
Birds Eye 20 Fish Nuggets,Birds Eye 20 Fish Nuggets490g,£3.79,£7.73 per kg,,frozen
Birds Eye 22 Crispy Chicken Dippers,Birds Eye 22 Crispy Chicken Dippers403g,£4.45,£11.04 per kg,,frozen
Birds Eye 22 Gluten Free Chicken Nuggets,Birds Eye 22 Gluten Free Chicken Nuggets455g,£3.99,87.7p per 100g,,frozen
Birds Eye 22 Green Cuisine Vegan Chicken Free Dippers,Birds Eye 22 Green Cuisine Ve...403g,£3,£7.45 per kg,"Offer price £3, was £4.09",frozen
Birds Eye 24 Chicken Nuggets With Golden Wholegrain,Birds Eye 24 Chicken Nuggets...379g,£3.50,£9.23 per kg,"Offer price £3.50, was £4.45",frozen
Birds Eye 26 Battered Fish Fingers,Birds Eye 26 Battered Fish Fingers728g,£5.25,£7.21 per kg,,frozen
Birds Eye 2 Breaded Cod Fish Burgers,Birds Eye 2 Breaded Cod Fish Burgers227g,£2.75,£12.11 per kg,,frozen
Birds Eye 2 Cheese & Ham Chicken Kievs ,Birds Eye 2 Cheese & Ham Chicken Kievs 204g,£2.89,£14.17 per kg,,frozen
Birds Eye 2 Chicken Quarter Pounders,Birds Eye 2 Chicken Quarter Pounders227g,£2,£8.81 per kg,"Offer price £2, was £2.79",frozen
Birds Eye 2 Cod Tomato and Rosemary Perfectly Baked,Birds Eye 2 Cod Tomato and Ro...260g,£4.79,£18.42 per kg,,frozen
Birds Eye 2 Creamy Pasta Steamfresh,Birds Eye 2 Creamy Pasta Steamfresh350g,£2.89,£8.26 per kg,,frozen
Birds Eye 2 Crispy Chicken Grills in Tempura Batter,Birds Eye 2 Crispy Chicken Grills in Tempura Batter170g,£2,£11.76 per kg,"Offer price £2, was £2.79",frozen
Birds Eye 2 Fish Chargrills with Tomato & Basil,Birds Eye 2 Fish Chargrills with Tomato & Basil250g,£4.09,£16.36 per kg,,frozen
Birds Eye 2 Fish Fillets With Linseeds,Birds Eye 2 Fish Fillets With Linseeds220g,£1.49,£6.77 per kg,,frozen
Birds Eye 2 Garlic & Herb Chicken Kievs,Birds Eye 2 Garlic & Herb Chicken Kievs204g,£2.89,£14.17 per kg,,frozen
Birds Eye 2 Gluten Free Southern Fried Chicken Grills,Birds Eye 2 Gluten Free South...180g,£2.75,£15.28 per kg,,frozen
Birds Eye 2 Golden Rice Steamfresh,Birds Eye 2 Golden Rice Steamfresh380g,£2.89,£7.61 per kg,,frozen
Birdseye 2 Green Cuisine Vegan Battered Fishless Fillets,Birdseye 2 Green Cuisine Vegan...240g,£2.50,£10.42 per kg,"Offer price £2.50, was £3",frozen
Birdseye 2 Green Cuisine Vegan Breaded Fishless Fillets,Birdseye 2 Green Cuisine Vegan...216g,£2.50,£1.16 per 100g,"Offer price £2.50, was £3",frozen
Birds Eye 2 Green Cuisine Vegan Burgers,Birds Eye 2 Green Cuisine Vegan Burgers200g,£2.99,£14.95 per kg,,frozen
Birds Eye 2 Green Cuisine Vegan Chicken Free Burgers,Birds Eye 2 Green Cuisine Veg...2 per pack,£2.25,£1.13 each,,frozen
Birds Eye 2 Green Cuisine Vegan Chicken Free Crispy Grills,Birds Eye 2 Green Cuisine Vegan C...2 per pack,£2.69,£1.35 each,,frozen
Birds Eye 2 Green Cuisine Vegan Chicken Free Southern Fried Grills,Birds Eye 2 Green Cuisine Vegan Chicken...2 per pack,£2.69,£1.35 each,,frozen
Birds Eye 2 Green Medley Steamfresh,Birds Eye 2 Green Medley Steamfresh300g,£2,£6.66 per kg,"Offer price £2, was £2.89",frozen
Birds Eye 2 Haddock White Wine Perfectly Baked,Birds Eye 2 Haddock White...260g,£4.79,£18.42 per kg,,frozen
Birds Eye 2 Hot & Spicy Chicken Grills,Birds Eye 2 Hot & Spicy Chicken Grills180g,£2,£11.11 per kg,"Offer price £2, was £2.79",frozen
Birds Eye 2 Jumbo Battered Fish Fillets,Birds Eye 2 Jumbo Battered Fish Fillets400g,£3.49,87.3p per 100g,,frozen
Birds Eye 2 Lightly Dusted Lemon & Pepper Fish Fillets,Birds Eye 2 Lightly Dusted Lemo...280g,£2.50,89.1p per 100g,"Offer price £2.50, was £3.79",frozen
Birds Eye 2 Original Chicken Chargrills ,Birds Eye 2 Original Chicken Chargrills 170g,£2,£11.76 per kg,"Offer price £2, was £2.79",frozen
Birds Eye 2 Peri Peri Chicken Chargrills,Birds Eye 2 Peri Peri Chicken Chargrills174g,£2,£11.49 per kg,"Offer price £2, was £2.79",frozen
Birds Eye 2 Southern Fried Chicken Grills,Birds Eye 2 Southern Fried Chicken Grills180g,£2,£11.11 per kg,"Offer price £2, was £2.79",frozen
Birds Eye 2 Steamfresh Mediterranean Vegetable Rice,Birds Eye 2 Steamfresh Medite...380g,£2.89,£7.61 per kg,,frozen
Birds Eye 2 Sticky & Sweet BBQ Chicken Chargrills,Birds Eye 2 Sticky & Sweet BBQ Chicken Chargrills174g,£2,£11.49 per kg,"Offer price £2, was £2.79",frozen
Birds Eye 30 Fish Fillet Fingers Cod,Birds Eye 30 Fish Fillet Fingers Cod840g,£7.75,£9.23 per kg,,frozen
Birds Eye 38 Crispy Chicken Dippers,Birds Eye 38 Crispy Chicken Dippers697g,£4.50,£6.45 per kg,"Offer price £4.50, was £5.69 - Online Exclusive",frozen
Birds Eye 44 Chicken Nuggets with Golden Wholegrain,Birds Eye 44 Chicken Nuggets...695g,£5.69,£8.19 per kg,,frozen
Birds Eye 4 Battered Cod Fish Fillets,Birds Eye 4 Battered Cod Fish Fillets440g,£4,£9.09 per kg,"Offer price £4, was £6.15",frozen
Birds Eye 4 Battered Fish Fillets,Birds Eye 4 Battered Fish Fillets400g,£2.50,£6.25 per kg,"Offer price £2.50, was £3.95",frozen
Birds Eye 4 Breaded Cod Fish Fillets,Birds Eye 4 Breaded Cod Fish Fillets440g,£6.15,£13.98 per kg,,frozen
Birds Eye 4 Breaded Haddock Fish Fillets,Birds Eye 4 Breaded Haddock Fish Fillets440g,£6.15,£13.98 per kg,,frozen
Birds Eye 4 Chicken Burgers,Birds Eye 4 Chicken Burgers200g,£2.79,£13.95 per kg,,frozen
Birds Eye 4 Family Favourites Steamfresh,Birds Eye 4 Family Favourites Steamfresh540g,£2.89,£5.35 per kg,,frozen
Birds Eye 4 Garden Mix Steamfresh,Birds Eye 4 Garden Mix Steamfresh540g,£2,£3.70 per kg,"Offer price £2, was £2.89",frozen
Birds Eye 4 Hearty Farmhouse Mix Steamfresh,Birds Eye 4 Hearty Farm...4 x 540g,£2.89,£1.34 per kg,,frozen
Birds Eye 4 HomeBake Sausage Rolls,Birds Eye 4 HomeBake Sausage Rolls360g,£1.99,£5.53 per kg,,frozen
Birds Eye 4 Large Haddock Fillets Battered,Birds Eye 4 Large Haddock Fillets Battered440g,£4,£9.09 per kg,"Offer price £4, was £6.15",frozen
Birds Eye 4 Original Beef Burgers with Onion,Birds Eye 4 Original Beef Burgers with Onion227g,£2.59,£11.41 per kg,,frozen
Birds Eye 4 Original Beef Quarter Pounder Burgers,Birds Eye 4 Original Beef Quarter Pounder Burgers456g,£3,£6.58 per kg,"Offer price £3, was £4.09",frozen
Birds Eye 4 Shortcrust Chicken Pies,Birds Eye 4 Shortcrust Chicken Pies620g,£3.99,£6.44 per kg,,frozen
Birds Eye 4 Super Sunshine Steamfresh,Birds Eye 4 Super Sunshine Steamfresh540g,£2.89,£5.35 per kg,,frozen
Birds Eye 4 Tomato & Mozzarella Crispy Pancakes,Birds Eye 4 Tomato & Mozz...250g,£1.50,60p per 100g,,frozen
Birds Eye 6 Chunky Breaded Fish Fingers,Birds Eye 6 Chunky Breaded Fish Fingers360g,£3.49,£9.69 per kg,,frozen
Birds Eye 6 Crispy Battered Fish Fingers,Birds Eye 6 Crispy Battered Fish Fingers360g,£3.49,£9.69 per kg,,frozen
Birds Eye 6 Crispy Chicken Grills in Tempura Batter,Birds Eye 6 Crispy Chicken Grills in Tempura Batter510g,£5.63,£11.04 per kg,,frozen
Birds Eye 6 Green Cuisine Vegan Cumberland Style Sausages,Birds Eye 6 Green Cuisine Vegan C...300g,£2.99,£9.97 per kg,,frozen
Birds Eye 6 Original Chicken Chargrills ,Birds Eye 6 Original Chicken Chargrills 510g,£5.59,£10.96 per kg,,frozen
Birds Eye 6 Southern Fried Chicken Grills,Birds Eye 6 Southern Fried Chicken Grills540g,£5.63,£10.43 per kg,,frozen
Birds Eye 6 Sweet & Sticky Bbq Chicken Chargrills ,Birds Eye 6 Sweet & Sticky Bbq Chicken Chargrills 522g,£5.59,£10.71 per kg,,frozen
Birds Eye 8 Battered Fish Fingers,Birds Eye 8 Battered Fish Fingers224g,£1.50,£6.69 per kg,"Offer price £1.50, was £1.99",frozen
Birds Eye Chicken Shop 2 Sizzler Fillet Burgers,Birds Eye Chicken Shop 2 Sizzler Fillet Burgers227g,£4.09,£18.02 per kg,,frozen
Birds Eye Chicken Shop 2 Ultimate Fillet Burgers,Birds Eye Chicken Shop 2 Ultimate Fillet Burgers227g,£4.09,£18.02 per kg,,frozen
Birds Eye Chicken Shop Buttermilk Chicken Strips,Birds Eye Chicken Shop Buttermilk Chicken Strips350g,£3.50,£10.00 per kg,"Offer price £3.50, was £5.29",frozen
Birds Eye Chicken Shop Hot & Fiery Chicken Breast Chunks,Birds Eye Chicken Shop Hot & Fi...350g,£3.50,£10.00 per kg,"Offer price £3.50, was £5.29",frozen
Birds Eye Chicken Shop Salt & Pepper Chicken Goujons,Birds Eye Chicken Shop Salt &...325g,£4.09,£1.26 per 100g,,frozen
Birds Eye Chicken Shop Texas Style BBQ Popcorn,Birds Eye Chicken Shop Texas Style BBQ Popcorn325g,£4.09,£12.58 per kg,,frozen
Birds Eye Cod Fish Cakes 4 Pack,Birds Eye Cod Fish Cakes 4 Pack198g,£1.59,£8.03 per kg,,frozen
Birds Eye Garden Peas,Birds Eye Garden Peas800g,£2.79,£3.49 per kg,,frozen
Birds Eye Garden Peas,Birds Eye Garden Peas375g,£1.40,£3.74 per kg,"Offer price £1.40, was £1.60",frozen
Birds Eye Garden Peas,Birds Eye Garden Peas1.2kg,£3.75,£3.13 per kg,,frozen
Birds Eye Gluten Free 12 Fish Fingers ,Birds Eye Gluten Free 12 Fish Fingers 360g,£3.25,£9.03 per kg,"Offer price £3.25, was £3.75",frozen
Birds Eye Green Cuisine Vegan Chicken Free Dippers,Birds Eye Green Cuisine Veg...220g,£2.99,£13.59 per kg,,frozen
Birds Eye Green Cuisine Vegan Chicken Free Southern Fried Strips,Birds Eye Green Cuisine Vegan Chicken...210g,£2.99,£14.24 per kg,,frozen
Birds Eye Original Arctic Roll Raspberry,Birds Eye Original Arctic Roll Raspberry250g,£1.69,67.6p per 100g,"Offer price £1.69, was £1.79",frozen
Birds Eye Petits Pois,Birds Eye Petits Pois545g,£2.35,£4.31 per kg,,frozen
Birds Eye Petits Pois ,Birds Eye Petits Pois 960g,£3,£3.13 per kg,"Offer price £3, was £3.59",frozen
Birds Eye Seeded Crust 2 Fish Fillets With Pumpkin Seeds ,Birds Eye Seeded Crust 2 Fish Fil...220g,£1.49,£6.77 per kg,,frozen
Birds Eye Supersweet Sweetcorn,Birds Eye Supersweet Sweetcorn640g,£2.85,£4.45 per kg,,frozen
Birds Eye Traditional Roast Beef Dinner ,Birds Eye Traditional Roast Beef Dinner 400g,£2.75,68.8p per 100g,,frozen
Birds Eye Veggie Power Seasoned Butternut Squash & Quinoa ,Birds Eye Veggie Power Seasoned B...400g,£2.29,57.3p per 100g,,frozen
Birds Eye Veggie Power Spiced Courgette & Bulgar Wheat ,Birds Eye Veggie Power Spiced C...400g,£2.29,57.3p per 100g,,frozen
Bisto Bangers & Mash,Bisto Bangers & Mash375g,£1.69,£4.51 per kg,,frozen
Bisto Classic Chilli Con Carne ,Bisto Classic Chilli Con Carne 375g,£1.69,£4.51 per kg,,frozen
Bisto Cottage Pie     ,Bisto Cottage Pie     375g,£1.69,£4.51 per kg,,frozen
Bisto Roast Beef Dinner,Bisto Roast Beef Dinner400g,£2.89,£7.23 per kg,Buy 2 for £5,frozen
Bisto Roast Chicken Dinner,Bisto Roast Chicken Dinner450g,£2.89,£6.42 per kg,Buy 2 for £5,frozen
Bisto Shepherd's Pie,Bisto Shepherd's Pie375g,£1.69,£4.51 per kg,,frozen
Bisto Yorkshire Puddings ,Bisto Yorkshire Puddings 190g,£1.95,£10.26 per kg,,frozen
Bounty Ice Cream,Bounty Ice Cream4 x 39.1g,£2.49,£1.59 per 100g,Buy 2 for £4,frozen
Brew City BBQ Mozzarella Melts,Brew City BBQ Mozzarella Melts220g,£2.99,£1.36 per 100g,,frozen
Brew City Halloumi Fries ,Brew City Halloumi Fries 150g,£2.99,£1.99 per 100g,,frozen
Brew City Mozzarella Gouda Cheese Bites,Brew City Mozzarella Gouda Cheese Bites200g,£2.99,£1.50 per 100g,,frozen
Cadbury Caramel Ice Cream Tub,Cadbury Caramel Ice Cream Tub480ml,£3.29,68.5p per 100ml,Buy 2 for £5,frozen
Cadbury Caramilk Ice Creams,Cadbury Caramilk Ice Creams4 x 90ml,£3.49,96.9p per 100ml,Buy 2 for £5,frozen
Cadbury Choc Top Ice Cream Cones,Cadbury Choc Top Ice Cream Cones4 x 100ml,£3.99,99.8p per 100ml,,frozen
Cadbury Crunchie Blast Ice Cream Stick,Cadbury Crunchie Blast Ice Cream Stick4 x 100ml,£2.50,62.5p per 100ml,"Offer price £2.50, was £3.49",frozen
Cadbury Dairy Milk Buttons Ice Cream Cones,Cadbury Dairy Milk Buttons Ice Cream Cones4 x 100ml,£2.49,62.3p per 100ml,Buy 2 for £4,frozen
Cadbury Dairy Milk Caramel Ice Cream Cones,Cadbury Dairy Milk Caramel Ice Cream Cones4 x 100ml,£2.49,62.3p per 100ml,Buy 2 for £4,frozen
Cadbury Dairy Milk Chocolate Brownie,Cadbury Dairy Milk Chocolate Brownie400g,£3.79,94.8p per 100g,,frozen
Cadbury Dairy Milk Chocolate Ice Cream Tops,Cadbury Dairy Milk Chocolate Ice Cream Tops4 x 110ml,£3.99,90.7p per 100ml,,frozen
Cadbury Dairy Milk Ice Cream Stick,Cadbury Dairy Milk Ice Cream Stick4 x 100ml,£2.50,62.5p per 100ml,"Offer price £2.50, was £3.49",frozen
Cadbury Flake 99 Ice Cream Cones,Cadbury Flake 99 Ice Cream Cones4 x 125ml,£3.50,70p per 100ml,"Offer price £3.50, was £3.99",frozen
Cadbury Flake Ice Cream Tub,Cadbury Flake Ice Cream Tub480ml,£3.29,68.5p per 100ml,Buy 2 for £5,frozen
Calippo Cola Ice Lollies,Calippo Cola Ice Lollies5 x 80ml,£2.29,57.3p per 100ml,Buy 2 for £4,frozen
Calippo Mini Orange & Lime Ice Lollies,Calippo Mini Orange & Lime Ice Lollies5 x 80ml,£2.29,57.3p per 100ml,Buy 2 for £4,frozen
Carte D'or Indulgent Chocolate Ice Cream Tub ,Carte D'or Indulgent Chocolate Ice Cream Tub 900ml,£3.69,41p per 100ml,,frozen
Carte D'or Madagascan Vanilla Ice Cream Tub,Carte D'or Madagascan Vanilla Ice Cream Tub900ml,£3.69,41p per 100ml,,frozen
Carte D'or Madigascan Vanilla Light Ice Cream Tub,Carte D'or Madigascan Vanil...900ml,£3.69,41p per 100ml,,frozen
Carte D'or Salted Caramel Ice Cream Tub ,Carte D'or Salted Caramel Ice Cream Tub 900ml,£3.69,41p per 100ml,,frozen
Carte D'or Strawberry Ice Cream Tub,Carte D'or Strawberry Ice Cream Tub900ml,£3.69,41p per 100ml,,frozen
Carte D'Or Vanilla & Cinnamon Biscuit Ice Cream ,Carte D'Or Vanilla & Cinnam...900ml,£3.69,41p per 100ml,,frozen
Chicago Town Cheese Pizza Cheesy Stuffed Crust Takeaway,Chicago Town Cheese Pizza Chees...630g,£4.99,£7.92 per kg,,frozen
Chicago Town Cheese Pizza Tomato Stuffed Crust Takeaway,Chicago Town Cheese Pizza Tomat...630g,£4.99,£7.92 per kg,,frozen
Chicago Town Crispy Chicago Thin Loaded Cheese ,Chicago Town Crispy Chica...439g,£4,91.1p per 100g,,frozen
Chicago Town Crispy Chicago Thin Sausage N Pepperoni ,Chicago Town Crispy Chicago T...431g,£4,92.8p per 100g,,frozen
Chicago Town Deep Dish Cheese Pizzas,Chicago Town Deep Dish Cheese Pizzas2 per pack,£2.29,£1.15 each,,frozen
Chicago Town Deep Dish Chicken & Bacon Pizzas,Chicago Town Deep Dish Chicken & Bacon Pizzas2 per pack,£2.29,£1.15 each,,frozen
Chicago Town Deep Dish Mega Meaty Pizzas,Chicago Town Deep Dish Mega Meaty Pizzas2 per pack,£2.29,£1.15 each,,frozen
Chicago Town Deep Dish Peppered Cheese steak ,Chicago Town Deep Dish Peppered Cheese steak 320g,£1.75,54.7p per 100g,"Offer price £1.75, was £2.50",frozen
Chicago Town Deep Dish Pepperoni Pizzas,Chicago Town Deep Dish Pepperoni Pizzas2 per pack,£2.29,£1.15 each,,frozen
Chicago Town Deep Dish Piccante N'Duja ,Chicago Town Deep Dish Piccante N'Duja 306g,£1.75,57.2p per 100g,"Offer price £1.75, was £2.50",frozen
Chicago Town Deep Dish Vegan Cheeseburger Pizzas,Chicago Town Deep Dish Vega...2 x 166g,£2.99,£9.01 per kg,,frozen
Chicago Town Meat Supreme Pizza Subs ,Chicago Town Meat Supreme Pizza Subs 250g,£1.99,£7.96 per kg,,frozen
Chicago Town Stuffed Crust Takeaway Vegan BBQ Jackfruit ,Chicago Town Stuffed Crust Take...490g,£4,81.6p per 100g,,frozen
Chicago Town Takeaway Large Cheesy Stuffed Pepperoni Pizza,Chicago Town Takeaway Large Chees...640g,£4.99,£7.80 per kg,,frozen
Chicago Town Takeaway Large Stuffed Pepperoni Pizza (Tomato stuffed crust),Chicago Town Takeaway Large Stu...645g,£4.99,£7.74 per kg,,frozen
Chicago Town Takeaway Sauce Filled Crust Chicken & Bacon Pizza,Chicago Town Takeaway Sauce Filled...640g,£4.99,£7.80 per kg,,frozen
Chicago Town Takeaway Stuffed Crust Magnificent Meat Feast Large Pizza ,Chicago Town Takeaway Stuffed Crust Magni...690g,£4.99,£7.23 per kg,,frozen
Chicago Town Tiger Crust Cheese Medley,Chicago Town Tiger Crust Cheese Medley305g,£3.99,£13.08 per kg,,frozen
Chicago Town Tiger Crust Cheesy Ham & Bacon Pizza,Chicago Town Tiger Crust Ch...315g,£3.99,£12.67 per kg,,frozen
 Chicago Town Tiger Crust Double Pepperoni, Chicago Town Tiger Crust Double Pepperoni320g,£3.99,£12.47 per kg,,frozen
Chicago Town Tiger Crust Garlic Bread Cheesy ,Chicago Town Tiger Crust Garlic Bread Cheesy 258g,£3,£1.16 per 100g,,frozen
Chicago Town Tomato Stuffed Crust Takeaway Honey BBQ Salami ,Chicago Town Tomato Stuffed Crust T...635g,£4.99,78.6p per 100g,,frozen
Chicago Town Tomato Stuffed Crust Vegan Pizza,Chicago Town Tomato Stuffed Crust Vegan Pizza500g,£3.75,£7.50 per kg,,frozen
Chicago Town Triple Cheese & Tomato Pizza,Chicago Town Triple Cheese & Tomato Pizza250g,£1.99,79.6p per 100g,,frozen
Cooks Pie & Mash,Cooks Pie & Mash450g,£2.95,£6.56 per kg,,frozen
Cornetto Classico Ice cream Cone 6 Pack,Cornetto Classico Ice cream Cone 6 Pack540ml,£3.29,60.9p per 100ml,Buy 2 for £5,frozen
Cornetto Soft Cookie And Chocolate Ice Cream Sticks ,Cornetto Soft Cookie And Choc...560ml,£3,53.6p per 100ml,,frozen
Cornetto Soft Strawberry Ice Cream Cones,Cornetto Soft Strawberry Ice Cream Cones4 x 140ml,£3.50,62.5p per 100ml,,frozen
Cornetto Strawberry Ice cream cone,Cornetto Strawberry Ice cream cone540ml,£3.29,60.9p per 100ml,Buy 2 for £5,frozen
Crosta & Mollica Margherita Sour Dough Pizza,Crosta & Mollica Marghe...2 per pack,£4.75,£2.38 each,"Offer price £4.75, was £5.25",frozen
Crosta & Mollica Stromboli Sour Dough Pizza,Crosta & Mollica Stromboli Sour Dough Pizza2 per pack,£4.75,£2.38 each,"Offer price £4.75, was £5.25",frozen
Daim Chocolate Cake With Crunchy Caramel ,Daim Chocolate Cake With Crunchy Caramel 400g,£3.99,99.8p per 100g,,frozen
Del Monte 100% Orange Ice Lollies,Del Monte 100% Orange Ice Lollies3 x 75ml,£2.29,£1.02 per 100ml,Buy 2 for £4,frozen
Doughlicious Dough-Chi Chocolate Chip 6 Pieces,Doughlicious Dough-Chi Chocolate Chip 6 Pieces204g,£4.49,£2.20 per 100g,,frozen
Doughlicious Dough-Chi Chocolate Truffle,Doughlicious Dough-Chi Chocolate Truffle6 x 34g,£4.49,£2.20 per 100g,,frozen
Doughlicious Dough-Chi Dulce De Leche Pieces,Doughlicious Dough-Chi Dulce De Leche Pieces6 x 204g,£4.49,36.7p per 100g,,frozen
Doughlicious Dough-Chi Strawberry Eton Mess 6 Pieces,Doughlicious Dough-Chi Strawb...204g,£4.49,£2.20 per 100g,,frozen
Dr. Oetker Ristorante Gluten Free Mozzarella Pizza,Dr. Oetker Ristorante Glute...370g,£3.50,£9.46 per kg,"Offer price £3.50, was £3.80",frozen
Dr. Oetker Ristorante Hawaii Pizza,Dr. Oetker Ristorante Hawaii Pizza355g,£2,£5.64 per kg,"Offer price £2, was £2.99",frozen
Dr. Oetker Ristorante Margherita Pomodori Vegan Pizza,Dr. Oetker Ristorante Margher...340g,£3.25,£9.56 per kg,,frozen
Dr. Oetker Ristorante Mozzarella Pizza,Dr. Oetker Ristorante Mozzarella Pizza335g,£2,£5.97 per kg,"Offer price £2, was £2.99",frozen
Dr. Oetker Ristorante Pepperoni-Salame Pizza,Dr. Oetker Ristorante Pepperoni-Salame Pizza320g,£2,£6.25 per kg,"Offer price £2, was £2.99",frozen
Dr. Oetker Ristorante Pollo Pizza,Dr. Oetker Ristorante Pollo Pizza355g,£2,£5.64 per kg,"Offer price £2, was £2.99",frozen
Dr. Oetker Ristorante Speciale Pizza,Dr. Oetker Ristorante Speciale Pizza330g,£2,£6.06 per kg,"Offer price £2, was £2.99",frozen
Dr Oetker The Good Baker Meat Free Chicken Style ,Dr Oetker The Good Baker Meat Free Chicken Style 340g,£3.50,£1.03 per 100g,,frozen
Dr. Oetker The Good Baker Stonebaked Sourdough Vegetable Pizza,Dr. Oetker The Good Baker Stonebake...390g,£3.50,£8.97 per kg,,frozen
Easibake Gluten Free Garlic Bread Baguette With Garlic & Parsley,Easibake Gluten Free Garlic Bread Bag...170g,£2.29,£1.35 per 100g,,frozen
Equi's Lees' Snowball Ice Cream,Equi's Lees' Snowball Ice Cream500ml,£3.99,79.8p per 100ml,,frozen
Extreme Exotic Mango & Passionfruit Ice Cream Cones,Extreme Exotic Mango & Passio...4 x 118ml,£3.49,73.9p per 100ml,Buy 2 for £5,frozen
Extreme Salted Caramel & White Chocolate Ice Cream Cones,Extreme Salted Caramel & White...4 x 120ml,£3.49,72.7p per 100ml,Buy 2 for £5,frozen
Fab Strawberry Ice Lollies,Fab Strawberry Ice Lollies6 x 58ml,£2.29,65.8p per 100ml,Buy 2 for £4,frozen
Feast Chocolate Ice Cream ,Feast Chocolate Ice Cream 90ml,£1.20,£1.33 per 100ml,,frozen
Feast Original Ice Cream Sticks,Feast Original Ice Cream Sticks4 x 90ml,£2.99,83.1p per 100ml,Buy 2 for £5,frozen
Ferrero Raffaello Coconut Ice Cream Sticks Multipack,Ferrero Raffaello Coconut Ice Cream Sticks Multipack4 x 47g,£4.75,£2.53 per 100g,,frozen
Ferrero Rocher Classic Milk Chocolate & Hazelnut Ice Cream Sticks Multipack,Ferrero Rocher Classic Milk Chocolate & Hazel...4 x 50g,£4.75,£2.38 per 100g,,frozen
Ferrero Rocher Dark Chocolate & Hazelnut Ice Cream Sticks Multipack,Ferrero Rocher Dark Chocolate & Hazelnu...4 x 50g,£4.75,£2.38 per 100g,,frozen
Gastro 2 Lemon & Pepper Fish,Gastro 2 Lemon & Pepper Fish270g,£4.75,£17.59 per kg,,frozen
Genius Gluten Free Denby Dale Gluten Free Chicken Pie,Genius Gluten Free Denby Dale...320g,£3.79,£11.84 per kg,Buy 2 for £6.30,frozen
Genius Gluten Free Sausage Rolls ,Genius Gluten Free Sausage Rolls 2 x 100g,£2.69,£13.45 per kg,,frozen
Genius Roasted Vegetable Quiche 2 Pack,Genius Roasted Vegetable Quiche 2 Pack320g,£3.19,£9.97 per kg,,frozen
Gino's Battered Chicken Nuggets,Gino's Battered Chicken Nuggets500g,£2.25,£4.50 per kg,,frozen
Ginos Breaded Chicken Nuggets,Ginos Breaded Chicken Nuggets500g,£2.19,£4.38 per kg,,frozen
Gino's Southern Fried Chicken Popcorn,Gino's Southern Fried Chicken Popcorn500g,£2.25,£4.50 per kg,,frozen
Glenhaven Shredded Plain Chicken,Glenhaven Shredded Plain Chicken320g,£2.79,£8.72 per kg,"Offer price £2.79, was £3",frozen
Glenhaven Shredded Salt & Chilli Chicken,Glenhaven Shredded Salt & Chilli Chicken320g,£2.79,£8.72 per kg,"Offer price £2.79, was £3",frozen
Goodfella's 2 Triple Cheese Pizza Pockets,Goodfella's 2 Triple Cheese Pizza Pockets2 x 250g,£2.29,£4.58 per kg,,frozen
Goodfella's Deep Pan Baked Pepperoni Pizza,Goodfella's Deep Pan Baked Pepperoni Pizza411g,£2.50,60.8p per 100g,"Buy 3, Get 25% Off",frozen
Goodfella's Deep Pan Cheese Pizza,Goodfella's Deep Pan Cheese Pizza421g,£2.50,£5.94 per kg,"Buy 3, Get 25% Off",frozen
Goodfella's Gluten Free Margherita Pizza,Goodfella's Gluten Free Margherita Pizza328g,£4,£12.20 per kg,,frozen
Goodfella's Stonebaked Thin Cheese & Ham Pizza,Goodfella's Stonebaked Thin Cheese & Ham Pizza351g,£3.39,96.6p per 100g,,frozen
Goodfella's Stonebaked Thin Chicken Pizza,Goodfella's Stonebaked Thin Chicken Pizza365g,£3.39,£9.29 per kg,,frozen
Goodfella's Stonebaked Thin Italian Hot Pizza,Goodfella's Stonebaked Thin Italian Hot Pizza353g,£3,£8.50 per kg,,frozen
Goodfella's Stonebaked Thin Margherita Pizza,Goodfella's Stonebaked Thin Margherita Pizza345g,£3.39,£9.83 per kg,,frozen
Goodfella's Stonebaked Thin Pepperoni Pizza,Goodfella's Stonebaked Thin Pepperoni Pizza332g,£3.39,£1.02 per 100g,,frozen
Goodfella's Takeaway Meat Feast Pizza,Goodfella's Takeaway Meat Feast Pizza570g,£3.50,£6.14 per kg,"Offer price £3.50, was £4.99",frozen
Goodfella's Takeaway Pepperoni Pizza,Goodfella's Takeaway Pepperoni Pizza524g,£3.50,66.8p per 100g,"Offer price £3.50, was £4.99",frozen
GoodFella's Takeaway The Big Cheese Pizza,GoodFella's Takeaway The Big Cheese Pizza555g,£3.50,£6.31 per kg,"Offer price £3.50, was £4.99",frozen
Griddle 6 Wholegrain Waffles Choc Chip,Griddle 6 Wholegrain Waffles Choc Chip200g,£2.79,£1.40 per 100g,,frozen
Haagen-Dazs Belgian Chocolate Ice Cream,Haagen-Dazs Belgian Chocolate Ice Cream460ml,£5.19,£1.13 per 100ml,,frozen
Haagen-Dazs Caramel Collection Ice Cream Mini Cups,Haagen-Dazs Caramel Collect...4 x 95ml,£3.50,92.1p per 100ml,"Offer price £3.50, was £4.79",frozen
Haagen-Dazs Fruit Collection Ice Cream Mini Cups Ice Cream,Haagen-Dazs Fruit Collection Ice...4 x 95ml,£3.50,92.1p per 100ml,"Offer price £3.50, was £4.79",frozen
Haagen-Dazs Gelato 150 Calories Caramel Swirl ,Haagen-Dazs Gelato 150 Calories Caramel Swirl 460ml,£3.50,75.8p per 100ml,"Offer price £3.50, was £4.99",frozen
Haagen-Dazs Gelato 150 Calories Caramel Swirl Ice Cream,Haagen-Dazs Gelato 150 Calories...4 x 95ml,£5.39,£1.42 per 100ml,,frozen
Haagen-Dazs Gelato 150 Calories Chocolate Drizzle Ice Cream,Haagen-Dazs Gelato 150 Calories C...4 x 95ml,£5.39,£1.42 per 100ml,,frozen
Haagen-Dazs Gelato 170 Calories Creamy Fudge Brownie ,Haagen-Dazs Gelato 170 Calori...4 x 95ml,£3.50,91.9p per 100ml,"Offer price £3.50, was £4.99",frozen
Haagen-Dazs Salted Caramel Ice Cream,Haagen-Dazs Salted Caramel Ice Cream460ml,£5.19,£1.13 per 100ml,,frozen
Haagen-Dazs Strawberry & Cream Ice Cream,Haagen-Dazs Strawberry & Cream Ice Cream460ml,£5.19,£1.13 per 100ml,,frozen
Haagen-Dazs Vanilla Collection Ice Cream Mini Cups,Haagen-Dazs Vanilla Collect...4 x 95ml,£3.50,92.1p per 100ml,"Offer price £3.50, was £4.79",frozen
Haagen-Dazs Vanilla Ice Cream,Haagen-Dazs Vanilla Ice Cream460ml,£5.19,£1.13 per 100ml,,frozen
Haagen Dazs Macaron Double Choc Ganache,Haagen Dazs Macaron Double Choc Ganache420ml,£3.50,83.1p per 100ml,"Offer price £3.50, was £5.59",frozen
Haagen Dazs Macaron Strawberry & Raspberry,Haagen Dazs Macaron Strawberry & Raspberry420ml,£3.50,83.1p per 100ml,"Offer price £3.50, was £5.59",frozen
Haagen Dazs Mini Cups Macaron Collection,Haagen Dazs Mini Cups Macaron Collection4 x 95ml,£3.50,92.2p per 100ml,"Offer price £3.50, was £5.59",frozen
Haagen Dazs Watermelon & Strawberry,Haagen Dazs Watermelon & Strawberry460g,£5.19,£1.13 per 100g,,frozen
Halo Top Gooey Brownie Ice Cream,Halo Top Gooey Brownie Ice Cream473ml,£5.25,£1.11 per 100ml,,frozen
Halo Top Sea Salt Caramel Ice Cream,Halo Top Sea Salt Caramel Ice Cream473ml,£5.25,£11.10 per litre,,frozen
Hank & Joes Chicken Fillets,Hank & Joes Chicken Fillets1kg,£5.50,£5.50 per kg,,frozen
Heinz Beanz Bowl Fragrant Coconut,Heinz Beanz Bowl Fragrant Coconut400g,£2.50,62.5p per 100g,Buy 2 for £4,frozen
Heinz Beanz Bowl Herby Tomato,Heinz Beanz Bowl Herby Tomato440g,£2.50,56.8p per 100g,Buy 2 for £4,frozen
Heinz Beanz Bowl Smoky Chilli,Heinz Beanz Bowl Smoky Chilli410g,£2.50,61p per 100g,Buy 2 for £4,frozen
Heinz Beanz Burgerz Italian Style,Heinz Beanz Burgerz Italian Style2 x 180g,£2.50,69.4p per 100g,Buy 2 for £4,frozen
Heinz Beanz Burgerz Original,Heinz Beanz Burgerz Original2 x 180g,£2.50,69.4p per 100g,Buy 2 for £4,frozen
Heinz Beanz Burgerz Texan Style,Heinz Beanz Burgerz Texan Style2 x 180g,£2.50,69.4p per 100g,Buy 2 for £4,frozen
Hershey's Cookies N Creme Stick,Hershey's Cookies N Creme Stick3 x 90ml,£3.79,£1.40 per 100ml,,frozen
Holland's 2 Chicken Balti Pies,Holland's 2 Chicken Balti Pies2 x 440g,£3.25,36.9p per 100g,,frozen
Holland's Cheddar Cheese & Onion Pie,Holland's Cheddar Cheese & Onion Pie650g,£3.75,£5.77 per kg,,frozen
Holland's Cheese & Onion Pies,Holland's Cheese & Onion Pies740g,£3,£4.06 per kg,"Offer price £3, was £4",frozen
Holland's Meat Pies,Holland's Meat Pies4 per pack,£3,75p each,"Offer price £3, was £4",frozen
Hollands Minced Beef & Onion Pie ,Hollands Minced Beef & Onion Pie 650g,£3.75,£5.77 per kg,,frozen
Holland's Potato & Meat Pies,Holland's Potato & Meat Pies4 x 184g,£3,£4.07 per kg,"Offer price £3, was £4",frozen
Holland's Steak & Kidney Puddings,Holland's Steak & Kidney Puddings4 x 173g,£3,£4.34 per kg,"Offer price £3, was £4",frozen
Hortex Carrot With Peas ,Hortex Carrot With Peas 400g,£1,£2.50 per kg,,frozen
Hortex Stir-Fry Vegetables With Herbs And Red Pepper ,Hortex Stir-Fry Vegetables Wi...400g,£1.50,£3.75 per kg,,frozen
Hortex Stir-Fry Vegetables With Italian Seasoning ,Hortex Stir-Fry Vegetables With Italian Seasoning 400g,£2,£5.00 per kg,,frozen
Hortex Stir-Fry Vegetables With Oriental Seasoning ,Hortex Stir-Fry Vegetables With Oriental Seasoning 400g,£2,£5.00 per kg,,frozen
Humza Chicken Samosa,Humza Chicken Samosa20 x 650g,£4.50,3.5p per 100g,Buy 2 for £8,frozen
Humza Chicken Spring Roll,Humza Chicken Spring Roll20 x 650g,£4.50,3.5p per 100g,Buy 2 for £8,frozen
Humza Meat Samosa,Humza Meat Samosa20 x 650g,£4.50,3.5p per 100g,Buy 2 for £8,frozen
Humza Meat Spring Roll,Humza Meat Spring Roll20 x 650g,£4.50,3.5p per 100g,Buy 2 for £8,frozen
Humza Veg Samosa,Humza Veg Samosa20 x 650g,£4.50,3.5p per 100g,Buy 2 for £8,frozen
Humza Veg Spring Roll,Humza Veg Spring Roll20 x 650g,£4.50,3.5p per 100g,Buy 2 for £8,frozen
 Hungry Joe's BBQ Chicken Melt, Hungry Joe's BBQ Chicken Melt550g,£2.59,£4.71 per kg,,frozen
Hungry Joe's Mighty Meatball Pasta Feast ,Hungry Joe's Mighty Meatball Pasta Feast 550g,£2.59,47.1p per 100g,,frozen
Hungry Joe's Triple Cheese & Pepperoni Lasagne,Hungry Joe's Triple Cheese & Pepperoni Lasagne550g,£2.59,47.1p per 100g,,frozen
Ice Club Classic Ice Cubes,Ice Club Classic Ice Cubes1.8kg,£1.15,63.9p per kg,"Offer price £1.15, was £1.25",frozen
Ice Club Crushed Ice,Ice Club Crushed Ice1.8kg,£1.15,63.9p per kg,"Offer price £1.15, was £1.25",frozen
Itsu 6 Teriyaki Chicken Bao Buns,Itsu 6 Teriyaki Chicken Bao Buns270g,£3.95,£1.46 per 100g,,frozen
Itsu Chicken Gyoza Japanese Dumplings,Itsu Chicken Gyoza Japanese Dumplings240g,£4.25,£17.71 per kg,,frozen
Itsu Hoisin Duck 6 Bao Buns ,Itsu Hoisin Duck 6 Bao Buns 270g,£4.25,£15.74 per kg,,frozen
Itsu Korean BBQ Beef Gyoza,Itsu Korean BBQ Beef Gyoza240g,£4.25,£1.77 per 100g,,frozen
Itsu Prawn Gyoza Japanese Dumplings,Itsu Prawn Gyoza Japanese Dumplings240g,£4.25,£17.71 per kg,,frozen
Itsu Sizzling Pork Gyoza Japanese Dumplings,Itsu Sizzling Pork Gyoza Japanese Dumplings240g,£4.25,£1.77 per 100g,,frozen
Itsu Vegetable Fusion Gyoza,Itsu Vegetable Fusion Gyoza270g,£4.25,£1.57 per 100g,,frozen
Jude's Low Calorie Vanilla & Salted Caramel Mini Tubs ,Jude's Low Calorie Vanilla & Sa...4 x 95ml,£4.80,£1.26 per 100ml,,frozen
Jude's Mini's Assorted Belgian Chocolate Minis ,Jude's Mini's Assorted Belgian Chocolate Minis 6 x 50ml,£4,£1.33 per 100ml,,frozen
Jude's Salted Caramel Ice Cream,Jude's Salted Caramel Ice Cream460ml,£2.75,59.8p per 100ml,"Offer price £2.75, was £4.30",frozen
Jude's Vanilla Clotted Cream ,Jude's Vanilla Clotted Cream 460ml,£2.75,59.8p per 100ml,"Offer price £2.75, was £4.30",frozen
Jus-Rol Puff Pastry Block,Jus-Rol Puff Pastry Block500g,£1.59,£3.18 per kg,,frozen
Jus Rol Frozen Filo Pastry Ready Rollled Sheets x7,Jus Rol Frozen Filo Pastry Ready Rollled Sheets x7270g,£2,74.1p per 100g,,frozen
Jus Rol Puff Pastry Ready Rolled Sheet,Jus Rol Puff Pastry Ready Rolled Sheet320g,£1.25,£3.91 per kg,"Offer price £1.25, was £1.75",frozen
Jus Rol Shortcrust Pastry Block,Jus Rol Shortcrust Pastry Block500g,£1.59,£3.18 per kg,,frozen
Jus Rol Shortcrust Pastry Ready Rolled Sheet,Jus Rol Shortcrust Pastry Ready Rolled Sheet320g,£1.25,£3.91 per kg,"Offer price £1.25, was £1.75",frozen
Jus Rol Vol Au Vent 18 Medium,Jus Rol Vol Au Vent 18 Medium313g,£2.49,£7.96 per kg,,frozen
Kelly's Cornish Clotted Cream & British Raspberry Ripple Ice Cream ,Kelly's Cornish Clotted Cream & British...950ml,£3.50,36.8p per 100ml,"Offer price £3.50, was £3.99",frozen
Kelly's Cornish Clotted Ice Cream,Kelly's Cornish Clotted Ice Cream950ml,£3.50,36.8p per 100ml,"Offer price £3.50, was £3.99",frozen
Kelly's Cornish Honeycomb Crunch Ice Cream,Kelly's Cornish Honeyco...950ml,£3.50,36.8p per 100ml,"Offer price £3.50, was £3.99",frozen
Kelly's Vanilla Cornish Dairy Ice Cream,Kelly's Vanilla Cornish Dairy Ice Cream2L,£4.99,25p per 100ml,,frozen
Kershaws Classic Fish & Chips,Kershaws Classic Fish & Chips400g,£2.49,£6.23 per kg,Buy 3 for £6,frozen
Kershaws Classic Steaklet & Chips,Kershaws Classic Steaklet & Chips360g,£2.49,£6.92 per kg,Buy 3 for £6,frozen
Kershaws Classic Steak Pie & Chips,Kershaws Classic Steak Pie & Chips400g,£2.49,£6.23 per kg,Buy 3 for £6,frozen
Kershaws Homestyle Beef Dinner,Kershaws Homestyle Beef Dinner400g,£2.49,£6.23 per kg,Buy 3 for £6,frozen
Kershaws Homestyle Chicken Dinner,Kershaws Homestyle Chicken Dinner400g,£2.49,£6.23 per kg,Buy 3 for £6,frozen
Kershaws Homestyle Lamb Dinner,Kershaws Homestyle Lamb Dinner400g,£2.49,£6.23 per kg,Buy 3 for £6,frozen
Kershaws Homestyle Liver & Onions,Kershaws Homestyle Liver & Onions400g,£2.49,£6.23 per kg,Buy 3 for £6,frozen
Kershaws Sausage & Chips,Kershaws Sausage & Chips400g,£2.49,£6.23 per kg,Buy 3 for £6,frozen
 Kershaw's The All Day Big Breakfast, Kershaw's The All Day Big Breakfast400g,£2.49,£6.23 per kg,Buy 3 for £6,frozen
Kiltie Scampi Bites,Kiltie Scampi Bites400g,£2.50,£6.25 per kg,"Offer price £2.50, was £2.95",frozen
Lagoon King Prawn Tails,Lagoon King Prawn Tails170g,£1.60,94.1p per 100g,,frozen
Lakeland Whole Duck (Minimum 1.9Kg) Serves 4-6,Lakeland Whole Duck (Mini...1.9kg,£5,£2.63 per kg,,frozen
Linda McCartney Mince,Linda McCartney Mince500g,£3.29,£6.58 per kg,,frozen
Linda McCartney's 2 Meat-Free Country Pies,Linda McCartney's 2 Meat-Free Country Pies280g,£2.50,£8.93 per kg,,frozen
Linda McCartney's 2 Vegetarian Chicken & Mushroom Pies,Linda McCartney's 2 Vegetarian...380g,£2.50,65.8p per 100g,,frozen
Linda McCartney's 2 Vegetarian Chicken Pesto Burgers,Linda McCartney's 2 Vegetaria...227g,£2.50,£1.10 per 100g,,frozen
Linda McCartney's 6 Vegetarian Chorizo & Red Pepper Sausages ,Linda McCartney's 6 Vegetarian Chor...270g,£1.50,£5.56 per kg,"Offer price £1.50, was £2.50",frozen
Linda McCartney's 6 Vegetarian Lincolnshire Sausages ,Linda McCartney's 6 Vegetaria...300g,£1.50,50p per 100g,"Offer price £1.50, was £2.50",frozen
Linda McCartney's 6 Vegetarian Sausages ,Linda McCartney's 6 Vegetarian Sausages 270g,£1.50,£5.56 per kg,"Offer price £1.50, was £2.50",frozen
Linda McCartney's Cheese Leek & Red Onion Plaits,Linda McCartney's Cheese Leek & Red Onion Plaits2 x 170g,£2.25,£6.62 per kg,,frozen
Linda McCartney's Family Value Vegetarian Burgers,Linda McCartney's Family Value Vegetarian Burgers400g,£3,£7.50 per kg,,frozen
Linda McCartney's Family Value Vegetarian Meatballs,Linda McCartney's Family Valu...399g,£3,£7.52 per kg,,frozen
Linda McCartney's Family Value Vegetarian Nuggets ,Linda McCartney's Family Value Vegetarian Nuggets 460g,£3,£6.52 per kg,,frozen
Linda McCartney's Family Value Vegetarian Sausages ,Linda McCartney's Family Valu...450g,£3,£6.67 per kg,,frozen
Linda McCartney's Mozzarella Quarter Pounder Burger,Linda McCartney's Mozzarella...2 x 113g,£2.50,£11.06 per kg,,frozen
Linda McCartney's Sausage Rolls    ,Linda McCartney's Sausage Rolls    342g,£2.50,£7.31 per kg,,frozen
Linda McCartney's Vegetable Chicken Pieces ,Linda McCartney's Vegetable Chicken Pieces 300g,£2.49,£8.30 per kg,,frozen
Linda McCartney's Vegetarian Fish Fingers,Linda McCartney's Vegetarian Fish Fingers320g,£3,£9.38 per kg,,frozen
Linda McCartney's Vegetarian Quarter Pounder,Linda McCartney's Veget...227g,£2.50,£11.01 per kg,,frozen
Linda McCartney's Vegetarian Tomato & Basil Meatballs,Linda McCartney's Vegetarian...292g,£2.50,£8.56 per kg,,frozen
Little Moons Coconut Mochi Ice Cream,Little Moons Coconut Mochi Ice Cream6 x 32g,£4.99,£2.60 per 100g,,frozen
Little Moons Himalayan Salted Caramel Ice Cream Mochi,Little Moons Himalayan Salted...6 x 32g,£4.99,£2.60 per 100g,,frozen
Little Moons Honey Roasted Pistachio Mochi Ice Cream,Little Moons Honey Roasted Pi...6 x 32g,£4.99,£2.60 per 100g,,frozen
Little Moons Mochi Ice Cream Golden Blond Chocolate ,Little Moons Mochi Ice Cream...192g,£4.99,£2.60 per 100g,,frozen
Little Moons Mochi Ice Cream Iced Latte,Little Moons Mochi Ice Cream Iced Latte6 x 32g,£4.99,£2.60 per 100g,,frozen
Little Moons Mochi Ice Cream Italian Hazelnut,Little Moons Mochi Ice Cream Italian Hazelnut192g,£4.99,£2.60 per 100g,,frozen
Little Moons Mochi Sorbet Pineapple And Mandarin Refresho's,Little Moons Mochi Sorbet Pineapp...6 x 32g,£3.50,£1.82 per 100g,"Offer price £3.50, was £4.99",frozen
Little Moons Mochi Sorbet Very Berry Refresho's,Little Moons Mochi Sorbet Very Berry Refresho's6 x 32g,£3.50,£1.82 per 100g,"Offer price £3.50, was £4.99",frozen
Little Moons Passionfruit & Mango Mochi Ice Cream,Little Moons Passionfruit & Mango Mochi Ice Cream6 x 32g,£4.99,£2.60 per 100g,,frozen
Little Moons Raspberry Ice Cream Mochi,Little Moons Raspberry Ice Cream Mochi6 x 32g,£4.99,£2.60 per 100g,,frozen
Lotus Biscoff Ice Cream Sticks x 3,Lotus Biscoff Ice Cream Sticks x 33 x 90ml,£3.99,£1.48 per 100ml,,frozen
Lotus Biscoff Ice Cream Tub ,Lotus Biscoff Ice Cream Tub 460ml,£3,65.2p per 100ml,"Offer price £3, was £3.99",frozen
Lotus Biscoff Mini Ice Cream Sticks ,Lotus Biscoff Mini Ice Cream Sticks 6 x 60ml,£4,£1.11 per 100ml,,frozen
Lotus Biscoff White Chocolate Ice Cream Sticks ,Lotus Biscoff White Choco...3 x 90ml,£4,£1.48 per 100ml,,frozen
Mackie's Mini Collection Ice Cream Pack,Mackie's Mini Collection Ice Cream Pack4 x 120ml,£4,83.3p per 100ml,,frozen
Mackie's Strawberry Swirl Real Dairy Ice Cream,Mackie's Strawberry Swirl Real Dairy Ice Cream1L,£2.20,22p per 100ml,"Offer price £2.20, was £2.99",frozen
Mackies Traditional Real Dairy Ice Cream,Mackies Traditional Real Dairy Ice Cream1L,£2.20,22p per 100ml,"Offer price £2.20, was £3.29",frozen
Magnum Almond Ice Cream Sticks,Magnum Almond Ice Cream Sticks3 x 100ml,£3.29,£1.10 per 100ml,,frozen
Magnum Caramel Billion Ice Cream Sticks ,Magnum Caramel Billion Ice Cream Sticks 3 x 85ml,£3.99,£1.56 per 100ml,,frozen
Magnum Classic Chocolate Ice Cream Sticks,Magnum Classic Chocol...3 x 100ml,£3.29,£1.10 per 100ml,,frozen
Magnum Classic Chocolate Ice Cream Sticks,Magnum Classic Chocol...6 x 100ml,£4.50,75p per 100ml,"Offer price £4.50, was £5.99",frozen
Magnum Double Caramel Ice Cream Sticks,Magnum Double Caramel Ice Cream Sticks3 x 100ml,£3.99,£1.33 per 100ml,,frozen
Magnum Double Raspberry Ice Cream Sticks,Magnum Double Raspber...3 x 100ml,£3.99,£1.33 per 100ml,,frozen
"Magnum Double Starchaser Chocolate, Caramel, Popcorn Flavour Ice Cream",Magnum Double Starchaser Choc...3 x 85ml,£3.99,£1.56 per 100ml,,frozen
"Magnum Double Sunlover White Chocolate, Mango, Coconut Ice Cream Sticks","Magnum Double Sunlover White Chocolate, M...3 x 85ml",£3.99,£1.56 per 100ml,,frozen
"Magnum Mini Classic, Almond & White Ice Cream ","Magnum Mini Classic, Almo...6 x 55ml",£4.25,£1.29 per 100ml,,frozen
Magnum Mini Classic Chocolate Ice Cream Sticks,Magnum Mini Classic Choco...6 x 55ml,£4.25,£1.29 per 100ml,,frozen
Magnum Mini Classic Mint,Magnum Mini Classic Mint330ml,£4.25,£1.29 per 100ml,,frozen
Magnum Mini Double Caramel Almond & Caramel Billionaire Ice Cream Sticks,Magnum Mini Double Caramel Almo...6 x 55ml,£4.99,£1.51 per 100ml,,frozen
Magnum Mint Ice Cream Sticks,Magnum Mint Ice Cream Sticks3 x 100ml,£3.29,£1.10 per 100ml,,frozen
Magnum Salted Caramel Ice Cream Sticks,Magnum Salted Caramel Ice Cream Sticks3 x 100ml,£3.29,£1.10 per 100ml,,frozen
Magnum Vegan Classic Chocolate Ice Cream Sticks ,Magnum Vegan Classic Chocol...3 x 90ml,£3,£1.11 per 100ml,"Offer price £3, was £3.99",frozen
Magnum White Chocolate Ice Cream Sticks,Magnum White Chocolate Ice Cream Sticks3 x 100ml,£3.29,£1.10 per 100ml,,frozen
Magnum White Chocolate Ice Cream Sticks,Magnum White Chocolate Ice Cream Sticks6 x 100ml,£4.50,75p per 100ml,"Offer price £4.50, was £5.99",frozen
Magnum White Ice Cream,Magnum White Ice Cream110ml,£1.60,£1.45 per 100ml,,frozen
Mars 4 pack Ice Cream Bars,Mars 4 pack Ice Cream Bars204ml,£2.49,£1.22 per 100ml,Buy 2 for £4,frozen
Mccain Baked Frozen Jacket Potatoes 8 Pack,Mccain Baked Frozen Jacket Potatoes 8 Pack1.6kg,£5.29,£3.31 per kg,,frozen
McCain Crispy French Fries ,McCain Crispy French Fries 1.4kg,£3,£2.14 per kg,"Offer price £3, was £3.99",frozen
McCain Crispy French Fries ,McCain Crispy French Fries 900g,£3.19,£3.54 per kg,,frozen
Mccain Crispy Sweet Potato Fries,Mccain Crispy Sweet Potato Fries500g,£3.29,£6.58 per kg,Buy 2 for £5,frozen
McCain Flavour Maker Fries Salt & Pepper,McCain Flavour Maker Fries Salt & Pepper762g,£3.49,45.8p per 100g,,frozen
McCain Frozen Hash Browns,McCain Frozen Hash Browns625g,£2.69,£4.30 per kg,,frozen
McCain Frozen Potato Croquettes,McCain Frozen Potato Croquettes550g,£2.49,£4.53 per kg,,frozen
McCain Frozen Triple Cooked Gastro Chips,McCain Frozen Triple Cooked Gastro Chips700g,£3.49,£4.99 per kg,Buy 2 for £5,frozen
McCain Gastro Chips,McCain Gastro Chips1.2kg,£4.59,£3.83 per kg,,frozen
McCain Gluten Free Crispy Skin On Fries,McCain Gluten Free Crispy Skin On Fries800g,£3.49,£4.36 per kg,Buy 2 for £5,frozen
McCain Home Chips ,McCain Home Chips 2.1kg,£4.79,£2.28 per kg,,frozen
McCain Home Chips Chunky,McCain Home Chips Chunky1kg,£2,20p per 100g,"Offer price £2, was £2.99",frozen
McCain Home Chips Crinkle,McCain Home Chips Crinkle1kg,£3.19,£3.19 per kg,,frozen
McCain Home Chips Crinkle,McCain Home Chips Crinkle1.6kg,£4.29,£2.68 per kg,,frozen
McCain Home Chips Lighter Straight Cut,McCain Home Chips Lighter Straight Cut1.6kg,£4.29,£2.68 per kg,,frozen
McCain Home Chips Straight,McCain Home Chips Straight1.6kg,£3,£1.87 per kg,"Offer price £3, was £3.99",frozen
McCain Home Chips Straight,McCain Home Chips Straight1kg,£3.19,£3.19 per kg,,frozen
Mccain Home Chips Straight Cut Gluten Free ,Mccain Home Chips Straight Cut Gluten Free 1.6kg,£4.29,£2.68 per kg,,frozen
McCain Lighter Home Chips,McCain Lighter Home Chips1kg,£3.19,£3.19 per kg,,frozen
McCain Lightly Spiced Wedges ,McCain Lightly Spiced Wedges 650g,£1.50,£2.31 per kg,"Offer price £1.50, was £2.39",frozen
McCain Microwave Quick Chips Straight Cut,McCain Microwave Quick Chips Straight Cut4 x 100g,£2.79,£6.98 per kg,Buy 2 for £4,frozen
McCain Naked Oven Chips Crinkle,McCain Naked Oven Chips Crinkle1.7kg,£2.50,£1.47 per kg,"Offer price £2.50, was £3.49",frozen
McCain Naked Oven Chips Straight,McCain Naked Oven Chips Straight1.7kg,£3.69,£2.17 per kg,,frozen
McCain Potato Smiles,McCain Potato Smiles454g,£1.50,£3.31 per kg,"Offer price £1.50, was £2.25",frozen
McCain Quick Chips,McCain Quick Chips4 x 100g,£2.79,£6.98 per kg,Buy 2 for £4,frozen
McCain Quick Cook French Fries,McCain Quick Cook French Fries750g,£3.19,£4.25 per kg,,frozen
McCain Slow Baked Jacket Potatoes,McCain Slow Baked Jacket Potatoes4 x 200g,£2.69,£3.36 per kg,,frozen
Mccain Street Fries Cheese & Bacon,Mccain Street Fries Cheese & Bacon300g,£3.19,£10.63 per kg,,frozen
McCain Street Fries Pulled Pork,McCain Street Fries Pulled Pork300g,£2.99,£9.97 per kg,,frozen
McCain Triple Cooked Roast Potatoes,McCain Triple Cooked Roast Potatoes700g,£2.99,£4.27 per kg,,frozen
Meatless Farm Plant Based 4 Burgers,Meatless Farm Plant Based 4 Burgers400g,£3.50,£8.75 per kg,,frozen
Meatless Farm Plant Based 4 Chicken Burgers,Meatless Farm Plant Based 4 Chicken Burgers360g,£3.50,£9.72 per kg,,frozen
Meatless Farm Plant Based 8 Sausages ,Meatless Farm Plant Based 8 Sausages 320g,£3,£9.38 per kg,,frozen
Meatless Farm Plant Based Meatballs,Meatless Farm Plant Based Meatballs270g,£3,£11.11 per kg,,frozen
Meatless Farm Plant Based Mince,Meatless Farm Plant Based Mince400g,£3,£7.50 per kg,,frozen
Microwave Fries-To-Go,Microwave Fries-To-Go3 x 90g,£2.69,£9.96 per kg,,frozen
Morrisons 10 Cod Fish Fingers,Morrisons 10 Cod Fish Fingers300g,£2.19,£7.30 per kg,,frozen
Morrisons 10 Garlic Bread Slices,Morrisons 10 Garlic Bread Slices10 x 26g,£1.49,£5.73 per kg,,frozen
Morrisons 10 Haddock Fish Fingers,Morrisons 10 Haddock Fish Fingers300g,£2.19,£7.30 per kg,,frozen
Morrisons 10 Mac 'N' Cheese Bites ,Morrisons 10 Mac 'N' Cheese Bites 192g,£1.49,£7.76 per kg,,frozen
Morrisons 10 Omega 3 Fish Fingers,Morrisons 10 Omega 3 Fish Fingers300g,£1.49,£4.97 per kg,,frozen
Morrisons 10 Prawn Toast,Morrisons 10 Prawn Toast120g,£2.99,£2.49 per 100g,,frozen
Morrisons 10 Steamed Vegetable Gyoza,Morrisons 10 Steamed Vegetable Gyoza210g,£2.99,£14.24 per kg,,frozen
Morrisons 12 Cheese & Tomato Mini Deep Dish Pizzas ,Morrisons 12 Cheese & Tomato...336g,£2.99,£8.90 per kg,,frozen
Morrisons 12 Chilli Cheese Bites,Morrisons 12 Chilli Cheese Bites180g,£1.49,£8.28 per kg,,frozen
Morrisons 12 Duck Spring Rolls,Morrisons 12 Duck Spring Rolls216g,£2.99,£13.84 per kg,,frozen
Morrisons 12 Mozzarella Sticks ,Morrisons 12 Mozzarella Sticks 180g,£1.49,£8.28 per kg,,frozen
Morrisons 12 Tempura Prawns,Morrisons 12 Tempura Prawns156g,£2.99,£19.17 per kg,,frozen
Morrisons 12 Vegetable Spring Rolls ,Morrisons 12 Vegetable Spring Rolls 240g,£1.49,£6.21 per kg,,frozen
Morrisons 12 Yorkshire Puddings,Morrisons 12 Yorkshire Puddings230g,£1.39,£6.04 per kg,,frozen
Morrisons 16 Gluten Free Profiteroles With Chocolate Sauce,Morrisons 16 Gluten Free Profiter...292g,£2.99,£1.02 per 100g,,frozen
Morrisons 20 Thick Pork Sausages,Morrisons 20 Thick Pork Sausages1kg,£3.25,£3.25 per kg,,frozen
Morrisons 25 Battered Chicken Dippers,Morrisons 25 Battered Chicken Dippers450g,£2.25,£5.00 per kg,,frozen
Morrisons 2 Chicken Bakes,Morrisons 2 Chicken Bakes280g,£1.49,£5.32 per kg,Buy 3 for £4,frozen
Morrisons 2 Cod & Chive Fish Cakes,Morrisons 2 Cod & Chive Fish Cakes230g,£2.29,£9.96 per kg,,frozen
Morrisons 2 Garlic Baguettes,Morrisons 2 Garlic Baguettes2 x 169g,£1.49,£4.41 per kg,,frozen
 Morrisons 2 Pizza Baguettes Cheese, Morrisons 2 Pizza Baguettes Cheese265g,£1.19,£4.49 per kg,,frozen
Morrisons 2 Salmon & Broccoli Fish Cakes,Morrisons 2 Salmon & Broccoli Fish Cakes2 x 230g,£2.29,£4.98 per kg,,frozen
Morrisons 2 Sausage & Bean Slices,Morrisons 2 Sausage & Bean Slices280g,£1.49,£5.32 per kg,Buy 3 for £4,frozen
"Morrisons 2 Spinach, Leek & West Country Cheddar Parcels","Morrisons 2 Spinach, Leek & Wes...400g",£2.49,£6.23 per kg,,frozen
Morrisons 2 Steak Bakes,Morrisons 2 Steak Bakes280g,£1.49,£5.32 per kg,Buy 3 for £4,frozen
Morrisons 4 Battered Chunky Cod Fillet,Morrisons 4 Battered Chunky Cod Fillet500g,£5.25,£10.50 per kg,,frozen
Morrisons 4 Beef Grill Steaks,Morrisons 4 Beef Grill Steaks340g,£2.25,£6.62 per kg,,frozen
Morrisons 4 Breaded Chicken Steaks,Morrisons 4 Breaded Chicken Steaks4 x 95g,£1.99,£5.24 per kg,,frozen
Morrisons 4 Breaded Plaice Fillets,Morrisons 4 Breaded Plaice Fillets500g,£5.25,£10.50 per kg,,frozen
Morrisons 4 Burgers with Onions,Morrisons 4 Burgers with Onions227g,£1.75,£7.71 per kg,,frozen
Morrisons 4 Cauliflower Cheese Grills,Morrisons 4 Cauliflower Cheese Grills396g,£1.99,£5.03 per kg,Buy 3 for £5,frozen
Morrisons 4 Chicken & Vegetable Pies,Morrisons 4 Chicken & Vegetable Pies600g,£2.75,£4.58 per kg,,frozen
Morrisons 4 Chunky Breaded Cod Fillets,Morrisons 4 Chunky Breaded Cod Fillets500g,£5.25,£10.50 per kg,,frozen
Morrisons 4 Chunky Breaded Haddock Fillets,Morrisons 4 Chunky Breaded Haddock Fillets500g,£5.25,£10.50 per kg,,frozen
Morrisons 4 Cod Fillets,Morrisons 4 Cod Fillets360g,£4.75,£13.19 per kg,,frozen
Morrisons 4 Garlic & Herb Chicken Kievs,Morrisons 4 Garlic & Herb Chicken Kievs500g,£3.50,£7.00 per kg,,frozen
Morrisons 4 Haddock Fillets,Morrisons 4 Haddock Fillets360g,£4.75,£13.19 per kg,,frozen
Morrisons 4 Lamb Grills Steaks,Morrisons 4 Lamb Grills Steaks340g,£2.50,£7.35 per kg,,frozen
 Morrisons 4 Mint Chocolate Ice Cream Cones, Morrisons 4 Mint Choco...4 x 110ml,£1.35,30.7p per 100ml,,frozen
 Morrisons 4 Nutty Chocolate Ice Cream Cones, Morrisons 4 Nutty Choc...4 x 110ml,£1.35,30.7p per 100ml,,frozen
Morrisons 4 Southern Fried Chicken Steaks,Morrisons 4 Southern Fried Chicken Steaks4 x 95g,£1.99,£5.24 per kg,,frozen
Morrisons 4 Steak Pies,Morrisons 4 Steak Pies600g,£2.75,£4.58 per kg,,frozen
Morrisons 4 White Rice,Morrisons 4 White Rice800g,£2.29,£2.86 per kg,,frozen
 Morrisons 4 Wild Pink Salmon Fillets, Morrisons 4 Wild Pink Salmon Fillets360g,£5.69,£15.81 per kg,"Offer price £5.69, was £5.99",frozen
Morrisons 50 Breaded Chicken Nuggets,Morrisons 50 Breaded Chicken Nuggets1kg,£4.25,£4.25 per kg,,frozen
Morrisons 6 Bean Mix,Morrisons 6 Bean Mix450g,£1.55,£3.44 per kg,,frozen
Morrisons 6 Cheesy Garlic Bread Slices,Morrisons 6 Cheesy Garlic Bread Slices192g,£1.49,77.6p per 100g,,frozen
Morrisons 6 Dark Chocolate Ices,Morrisons 6 Dark Chocolate Ices420ml,£1.49,35.5p per 100ml,,frozen
Morrisons 6 Eclairs Frozen Dessert,Morrisons 6 Eclairs Frozen Dessert160g,£1.89,£1.18 per 100g,,frozen
Morrisons 6 Large Yorkshire Puddings,Morrisons 6 Large Yorkshire Puddings180g,£1.59,£8.83 per kg,,frozen
Morrisons 6 Milk Choc Ices Ice Cream,Morrisons 6 Milk Choc Ices Ice Cream420ml,£1.49,35.5p per 100ml,,frozen
Morrisons 8 Chicken Burgers,Morrisons 8 Chicken Burgers8 x 57g,£2,£4.39 per kg,,frozen
Morrisons 8 Cod Fish Cakes,Morrisons 8 Cod Fish Cakes400g,£2.49,£6.23 per kg,,frozen
Morrisons Alphabet Bites,Morrisons Alphabet Bites500g,£1.45,£2.90 per kg,"Offer price £1.45, was £1.65",frozen
Morrisons Apple Cider Lolly,Morrisons Apple Cider Lolly6 x 73ml,£1.35,30.8p per 100ml,,frozen
Morrisons Apple Crumble  ,Morrisons Apple Crumble  500g,£1.65,33p per 100g,,frozen
Morrisons Apple Strudel,Morrisons Apple Strudel600g,£1.99,33.2p per 100g,,frozen
Morrisons Asparagus Spears,Morrisons Asparagus Spears200g,£1.35,67.5p per 100g,"Offer price £1.35, was £1.85",frozen
Morrisons Assorted Milk Lollies ,Morrisons Assorted Milk Lollies 8 x 35ml,£1.35,48.2p per 100ml,,frozen
Morrisons Baby Carrots,Morrisons Baby Carrots1kg,£1.19,£1.19 per kg,,frozen
Morrisons Bake at Home All Butter Croissants ,Morrisons Bake at Home All Butter Croissants 360g,£2.89,80.3p per 100g,"Offer price £2.89, was £2.99",frozen
Morrisons Bake At Home Cinnamon Rolls 4pk,Morrisons Bake At Home Cinnamon Rolls 4pk376g,£2.89,76.8p per 100g,"Offer price £2.89, was £2.99",frozen
Morrisons Bake At Home Maple & Pecan Plaits ,Morrisons Bake At Home Maple & Pecan Plaits 380g,£2.99,78.7p per 100g,,frozen
Morrisons Bake at Home Pain au Chocolat ,Morrisons Bake at Home Pain au Chocolat 320g,£2.89,90.3p per 100g,"Offer price £2.89, was £2.99",frozen
Morrisons Bake at Home Pain au Raisin ,Morrisons Bake at Home Pain au Raisin 440g,£2.89,65.7p per 100g,"Offer price £2.89, was £2.99",frozen
Morrisons Banoffee Pie   ,Morrisons Banoffee Pie   500g,£2.55,51p per 100g,,frozen
Morrisons Basa Fillets,Morrisons Basa Fillets550g,£4.75,£8.64 per kg,,frozen
Morrisons Battered Onion Rings,Morrisons Battered Onion Rings500g,£1.59,£3.18 per kg,,frozen
Morrisons Bbq Chicken Stonebake Pizza,Morrisons Bbq Chicken Stonebake Pizza395g,£2.29,£5.80 per kg,,frozen
Morrisons Beef Hotpot   ,Morrisons Beef Hotpot   400g,£1.69,£4.23 per kg,,frozen
Morrisons Beef Lasagne ,Morrisons Beef Lasagne 400g,£1.69,£4.23 per kg,,frozen
Morrisons Beef Quarter Pound Burger,Morrisons Beef Quarter Pound Burger454g,£2.99,£6.59 per kg,Burger and Chips Bundle for £4.50,frozen
Morrisons Beef Quarter Pounders With Onion 5% Fat ,Morrisons Beef Quarter Poun...454g,£2.99,£6.59 per kg,,frozen
Morrisons Beef Slices In Gravy,Morrisons Beef Slices In Gravy210g,£1.69,£8.05 per kg,,frozen
Morrisons Beef Stew & Dumplings,Morrisons Beef Stew & Dumplings400g,£2.25,£5.63 per kg,,frozen
Morrisons Beer Battered Onion Rings,Morrisons Beer Battered Onion Rings375g,£2.39,£6.37 per kg,,frozen
Morrisons Berry Smoothie Mix ,Morrisons Berry Smoothie Mix 500g,£2.75,55p per 100g,Buy 2 for £5,frozen
Morrisons Blackforest Fruits ,Morrisons Blackforest Fruits 500g,£2.75,55p per 100g,Buy 2 for £5,frozen
Morrisons Black Forest Gateau,Morrisons Black Forest Gateau630g,£2.99,47.5p per 100g,,frozen
Morrisons Blueberries ,Morrisons Blueberries 350g,£2.75,78.6p per 100g,Buy 2 for £5,frozen
Morrisons Breaded Garlic Mushrooms,Morrisons Breaded Garlic Mushrooms400g,£1.99,£4.98 per kg,"Offer price £1.99, was £2.29",frozen
Morrisons Breaded Onion Rings,Morrisons Breaded Onion Rings500g,£1.59,£3.18 per kg,,frozen
Morrisons British Garden Peas,Morrisons British Garden Peas1.5kg,£1.69,£1.13 per kg,,frozen
 Morrisons British Slices Carrots, Morrisons British Slices Carrots1kg,£1.19,£1.19 per kg,,frozen
Morrisons Broad Beans,Morrisons Broad Beans500g,£1.49,£2.98 per kg,,frozen
Morrisons Broccoli Florets,Morrisons Broccoli Florets900g,£1.55,£1.72 per kg,,frozen
Morrisons Buttermilk Coated Chicken Strips,Morrisons Buttermilk Coated Chicken Strips350g,£3.25,£9.29 per kg,,frozen
Morrisons Butternut Squash Risotto,Morrisons Butternut Squash Risotto400g,£1.99,49.8p per 100g,Buy 3 for £5,frozen
Morrisons Buttery Roast Potatoes ,Morrisons Buttery Roast Potatoes 400g,£1.75,£4.38 per kg,,frozen
Morrisons Button Sprouts,Morrisons Button Sprouts1kg,£1.19,£1.19 per kg,,frozen
Morrisons Casserole Mix,Morrisons Casserole Mix1kg,£1.55,£1.55 per kg,,frozen
Morrisons Cauliflower & Broccoli Mix,Morrisons Cauliflower & Broccoli Mix1kg,£1.65,£1.65 per kg,,frozen
Morrisons Cauliflower Cheese,Morrisons Cauliflower Cheese400g,£1.59,£3.98 per kg,,frozen
Morrisons Cauliflower Cheese,Morrisons Cauliflower Cheese750g,£2.55,£3.40 per kg,,frozen
Morrisons Cauliflower Florets,Morrisons Cauliflower Florets1kg,£1.19,£1.19 per kg,,frozen
Morrisons Chargrilled Vegetables,Morrisons Chargrilled Vegetables500g,£1.79,£3.58 per kg,,frozen
Morrisons Cheese & Ham Croquettes ,Morrisons Cheese & Ham Croquettes 220g,£2.99,£13.59 per kg,,frozen
Morrisons Cheese & Tomato Pasta Bake ,Morrisons Cheese & Tomato Pasta Bake 400g,£1.69,42.3p per 100g,,frozen
Morrisons Cheese and Potato Gratin,Morrisons Cheese and Potato Gratin480g,£2.99,£6.23 per kg,,frozen
Morrisons Cheese Feast Stuffed Crust Pizza,Morrisons Cheese Feast Stuffed Crust Pizza440g,£2.75,£6.25 per kg,,frozen
Morrisons Chicken & Bacon Pies 4 Pack,Morrisons Chicken & Bacon Pies 4 Pack600g,£2.75,£4.58 per kg,,frozen
Morrisons Chicken Arrabiata & Tomato Pasta Bake ,Morrisons Chicken Arrabiata...400g,£1.69,£4.23 per kg,,frozen
 Morrisons Chicken Breast Fillets, Morrisons Chicken Breast Fillets700g,£4.79,£6.84 per kg,,frozen
 Morrisons Chicken Breast Joint, Morrisons Chicken Breast Joint550g,£3.50,£6.36 per kg,,frozen
Morrisons Chicken Curry & Rice ,Morrisons Chicken Curry & Rice 400g,£1.69,£4.23 per kg,,frozen
Morrisons Chicken Drumsticks,Morrisons Chicken Drumsticks1kg,£2.89,£2.89 per kg,"Offer price £2.89, was £2.99",frozen
Morrisons Chicken Hotpot,Morrisons Chicken Hotpot400g,£1.69,£4.23 per kg,,frozen
Morrisons Chicken Jalfrezi & Rice,Morrisons Chicken Jalfrezi & Rice400g,£1.69,£4.23 per kg,,frozen
Morrisons Chicken Thighs,Morrisons Chicken Thighs1kg,£3.19,£3.19 per kg,"Offer price £3.19, was £3.49",frozen
Morrisons Chicken Tikka Masala With Rice ,Morrisons Chicken Tikka Masala With Rice 400g,£1.69,£4.23 per kg,,frozen
Morrisons Chocolate Fudge Frozen Cake,Morrisons Chocolate Fudge Frozen Cake450g,£1.85,41.1p per 100g,,frozen
Morrisons Chopped Chilli,Morrisons Chopped Chilli75g,£1.39,£18.53 per kg,,frozen
Morrisons Chopped Garlic,Morrisons Chopped Garlic100g,£1.39,£13.90 per kg,,frozen
Morrisons Chopped Parsley,Morrisons Chopped Parsley75g,£1.39,£18.53 per kg,,frozen
Morrisons Chunky Battered Haddock 4 Pack,Morrisons Chunky Battered Haddock 4 Pack500g,£5.25,£10.50 per kg,,frozen
Morrisons Chunky Vegetable Soup Mix ,Morrisons Chunky Vegetable Soup Mix 500g,£1.29,£2.58 per kg,,frozen
Morrisons Classic Vegetable Base Mix ,Morrisons Classic Vegetable Base Mix 600g,£1.29,£2.15 per kg,,frozen
Morrisons Cocktail Prawns,Morrisons Cocktail Prawns300g,£4.15,£13.83 per kg,,frozen
Morrisons Cocktail Sausage Rolls 50 Pack,Morrisons Cocktail Sausage Rolls 50 Pack800g,£1.79,£2.24 per kg,,frozen
Morrisons Cooked Chicken Strips,Morrisons Cooked Chicken Strips550g,£4.65,£8.45 per kg,,frozen
Morrisons Cookie Dough Pie,Morrisons Cookie Dough Pie241g,£1.99,82.3p per 100g,"Offer price £1.99, was £2.49",frozen
Morrisons Corn on the Cob,Morrisons Corn on the Cob500g,£1.39,£2.78 per kg,,frozen
Morrisons Cottage Pie  ,Morrisons Cottage Pie  400g,£1.69,£4.23 per kg,,frozen
Morrisons Counted Beef Lasagne,Morrisons Counted Beef Lasagne350g,£1.89,£5.40 per kg,,frozen
 Morrisons Counted Chicken Curry, Morrisons Counted Chicken Curry350g,£1.89,£5.40 per kg,,frozen
Morrisons Counted Chicken Hotpot ,Morrisons Counted Chicken Hotpot 350g,£1.89,£5.40 per kg,,frozen
Morrisons Counted Chicken Tikka Masala,Morrisons Counted Chicken Tikka Masala350g,£1.89,£5.40 per kg,,frozen
Morrisons Counted Chilli Con Carne,Morrisons Counted Chilli Con Carne350g,£1.89,£5.40 per kg,,frozen
 Morrisons Counted Ham & Mushroom Tagliatelle, Morrisons Counted Ham & Mushroom Tagliatelle350g,£1.89,£5.40 per kg,,frozen
 Morrisons Counted Spaghetti Bolognese, Morrisons Counted Spaghetti Bolognese350g,£1.89,£5.40 per kg,,frozen
 Morrisons Counted Sweet & Sour Chicken, Morrisons Counted Sweet & Sour Chicken350g,£1.89,£5.40 per kg,,frozen
Morrisons Country Mix,Morrisons Country Mix1kg,£1.65,£1.65 per kg,,frozen
Morrisons Crinkle Cut Chips,Morrisons Crinkle Cut Chips1.2kg,£1.85,£1.54 per kg,,frozen
Morrisons Dark Sweet Cherries ,Morrisons Dark Sweet Cherries 350g,£2.75,78.6p per 100g,Buy 2 for £5,frozen
Morrisons Deep Pan Cheese Pizza ,Morrisons Deep Pan Cheese Pizza 402g,£1.85,46p per 100g,,frozen
Morrisons Deep Pan Meat Feast,Morrisons Deep Pan Meat Feast,£1.85,,,frozen
Morrisons Diced Beef ,Morrisons Diced Beef 500g,£4.50,£9.00 per kg,,frozen
Morrisons Diced Onions,Morrisons Diced Onions500g,£1.55,£3.10 per kg,,frozen
Morrisons Double Chocolate Gateau,Morrisons Double Chocolate Gateau600g,£2.99,49.8p per 100g,,frozen
 Morrisons Double Chocolate Ice Cream, Morrisons Double Chocolate Ice Cream900ml,£2.19,24.3p per 100ml,,frozen
Morrisons Double Pepperoni Stonebake Pizza,Morrisons Double Pepper...357g,£2.29,£6.41 per kg,,frozen
Morrisons Edamame Beans ,Morrisons Edamame Beans 500g,£2.29,£4.58 per kg,,frozen
Morrisons Family Lasagne 1.4Kg,Morrisons Family Lasagne 1.4Kg1.4g,£4.99,£356.43 per 100g,,frozen
Morrisons Filo Pastry Sheets,Morrisons Filo Pastry Sheets200g,£1.35,£6.75 per kg,,frozen
 Morrisons Fine Green Beans, Morrisons Fine Green Beans750g,£1.19,£1.59 per kg,,frozen
Morrisons Fishmongers Frozen Raw Peeled Argentinian Red Shrimp,Morrisons Fishmongers Frozen Raw Pe...150g,£4.25,£28.33 per kg,Buy 3 for £10,frozen
Morrisons Fishmongers Frozen Ready To Cook Breaded Squid Rings,Morrisons Fishmongers Frozen Ready...300g,£4.25,£14.17 per kg,Buy 3 for £10,frozen
Morrisons Fishmongers Frozen Yellow Fin Tuna Steaks ,Morrisons Fishmongers Frozen...225g,£4.25,£18.89 per kg,Buy 3 for £10,frozen
Morrisons Fishmongers Raw PatagonianScallops,Morrisons Fishmongers Raw PatagonianScallops125g,£4.25,£34.00 per kg,Buy 3 for £10,frozen
Morrisons Four Cheese Stonebake Pizza,Morrisons Four Cheese Stonebake Pizza325g,£2.29,£7.05 per kg,,frozen
Morrisons Free From 4 Chocolate & Nut Ice Cream Cones ,Morrisons Free From 4 Chocolate...4 x 120ml,£2.75,57.3p per 100ml,,frozen
Morrisons Free From Gluten Free Margherita Pizza ,Morrisons Free From Gluten...250g,£1.45,£5.80 per kg,,frozen
Morrisons Free From Gluten Free Pepperoni Pizza ,Morrisons Free From Gluten...250g,£2.35,£9.40 per kg,,frozen
Morrisons Free From Homestyle Chips ,Morrisons Free From Homestyle Chips 750g,£1.49,£1.99 per kg,,frozen
Morrisons Free From Mini Hash Browns,Morrisons Free From Mini Hash Browns750g,£1.70,£2.27 per kg,,frozen
Morrisons Free From Strawberry Ice Cream Cones ,Morrisons Free From Straw...4 x 120ml,£2.75,57.3p per 100ml,,frozen
Morrisons Frozen Hot & Spicy Chicken Breast Strips,Morrisons Frozen Hot & Spic...500g,£4.19,£8.38 per kg,,frozen
Morrisons Frozen Tikka Chicken Breast Strips,Morrisons Frozen Tikka Chicken Breast Strips500g,£4.19,£8.38 per kg,,frozen
Morrisons Frozen Turkey Breast Crown Medium 2-2.3kg Serves 5-7,Morrisons Frozen Turkey Breast Crow...,£21.99,,,frozen
Morrisons Frozen Whole Leaf Spinach,Morrisons Frozen Whole Leaf Spinach1kg,£1.79,£1.79 per kg,,frozen
 Morrisons Gammon Joint Honey Glaze, Morrisons Gammon Joint Honey Glaze600g,£4.35,£7.25 per kg,,frozen
Morrisons Garden Peas,Morrisons Garden Peas1kg,£1.39,£1.39 per kg,,frozen
Morrisons Garlic & Herb Potato Wedges ,Morrisons Garlic & Herb Potato Wedges 750g,£1.65,22p per 100g,,frozen
Morrisons Garlic And Mushroom Crispbakes ,Morrisons Garlic And Mushroom Crispbakes 2 x 140g,£1.99,£7.11 per kg,Buy 3 for £5,frozen
Morrisons Giant Yorkshire Puddings Twin Pack,Morrisons Giant Yorkshire Puddings Twin Pack220g,£1.85,£8.41 per kg,,frozen
Morrisons Hash Browns,Morrisons Hash Browns750g,£1.65,£2.20 per kg,,frozen
Morrisons Hash Brown Waffle,Morrisons Hash Brown Waffle504g,£1.99,£3.95 per kg,,frozen
Morrisons Homestyle Chips,Morrisons Homestyle Chips1.2kg,£2.69,£2.24 per kg,,frozen
Morrisons Hot & Spicy Coated Chicken Strips,Morrisons Hot & Spicy Coated Chicken Strips350g,£3.25,£9.29 per kg,,frozen
Morrisons  Hunters Chicken & Wedges,Morrisons  Hunters Chicken & Wedges475g,£2.49,£5.24 per kg,,frozen
Morrisons Italian Sausage Pasta Bake ,Morrisons Italian Sausage Pasta Bake 400g,£1.69,£4.23 per kg,,frozen
Morrisons Jaffa Cake Dessert,Morrisons Jaffa Cake Dessert430g,£2.25,52.3p per 100g,,frozen
Morrisons Jumbo Wholetail Scampi ,Morrisons Jumbo Wholetail Scampi 280g,£3,£1.07 per 100g,,frozen
Morrisons Lamb Mince,Morrisons Lamb Mince500g,£4.99,£9.98 per kg,,frozen
Morrisons Large Prawns,Morrisons Large Prawns250g,£4.49,£17.96 per kg,,frozen
Morrisons Lean Beef Mince 5% Fat ,Morrisons Lean Beef Mince 5% Fat 500g,£4.89,£9.78 per kg,"Offer price £4.89, was £5.25",frozen
Morrisons Lemon Cheesecake,Morrisons Lemon Cheesecake470g,£2.25,47.9p per 100g,,frozen
Morrisons Lemon Meringue Pie,Morrisons Lemon Meringue Pie475g,£2.75,57.9p per 100g,,frozen
Morrisons Limited Edition Seasoned Chips ,Morrisons Limited Edition Seasoned Chips 750g,£1.99,£2.65 per kg,,frozen
Morrisons Loaded Choc Brownie Ice Cream,Morrisons Loaded Choc Brownie Ice Cream500ml,£2.69,53.8p per 100ml,,frozen
Morrisons Loaded Cookie Dough Ice Cream,Morrisons Loaded Cookie Dough Ice Cream500ml,£2.69,53.8p per 100ml,,frozen
Morrisons Low Calorie Caramel Sticks,Morrisons Low Calorie Caramel Sticks3 x 60g,£1.89,£10.50 per kg,,frozen
Morrisons Low Calorie High Protein Choc Chip Cookie Dough Ice Cream,Morrisons Low Calorie High Protein Choc...480ml,£2.99,£6.23 per litre,,frozen
Morrisons Low Calorie High Protein Salted Caramel Ice Cream,Morrisons Low Calorie High Protei...480ml,£2.99,£6.23 per litre,,frozen
Morrisons Low Calorie Raspberry Sticks x 3,Morrisons Low Calorie Raspberry Sticks x 33 x 60ml,£1.89,£1.05 per 100ml,,frozen
Morrisons Low Fat Oven Chips,Morrisons Low Fat Oven Chips900g,£1.85,£2.06 per kg,,frozen
Morrisons Mackerel Fillets With Salsa Verde Marinade,Morrisons Mackerel Fillets Wi...280g,£4,£14.29 per kg,,frozen
Morrisons Mango Chunks ,Morrisons Mango Chunks 500g,£2.75,55p per 100g,Buy 2 for £5,frozen
Morrisons Mashed Potato,Morrisons Mashed Potato750g,£1.29,£1.72 per kg,,frozen
Morrisons Meat Feast Stuffed Crust Pizza ,Morrisons Meat Feast Stuffed Crust Pizza 459g,£2.75,59.9p per 100g,,frozen
Morrisons Meat Free Cottage Pie,Morrisons Meat Free Cottage Pie375g,£1.99,£5.31 per kg,Buy 3 for £5,frozen
Morrisons Melon Slice Ice Lollies,Morrisons Melon Slice Ice Lollies4 x 220g,£1.35,15.3p per 100g,,frozen
Morrisons Milk Chocolate Amour Ice Cream Sticks ,Morrisons Milk Chocolate Amour Ice Cream Sticks 3 x 120ml,£1.45,40.3p per 100ml,,frozen
Morrisons Minced Beef,Morrisons Minced Beef1kg,£6.25,£6.25 per kg,,frozen
Morrisons Minced Beef,Morrisons Minced Beef500g,£4.99,£9.98 per kg,,frozen
Morrisons  Mini Peppered Steak Bakes ,Morrisons  Mini Peppered Steak Bakes 300g,£2.99,£9.97 per kg,,frozen
Morrisons Mini Selection Amour Ice Cream Sticks ,Morrisons Mini Selection Amour Ice Cream Sticks 8 x 50ml,£2.39,59.8p per 100ml,,frozen
Morrisons Mint Choc Chip Ice Cream,Morrisons Mint Choc Chip Ice Cream2L,£2.19,11p per 100ml,,frozen
Morrisons Mint Chocolate Chip Ice Cream,Morrisons Mint Chocolate Chip Ice Cream900ml,£2.19,24.3p per 100ml,,frozen
Morrisons Mixed Vegetables,Morrisons Mixed Vegetables1kg,£1.19,£1.19 per kg,,frozen
Morrisons Mochi Ice Cream Selection,Morrisons Mochi Ice Cream Selection156g,£3.49,£2.24 per 100g,,frozen
Morrisons Neapolitan Ice Cream,Morrisons Neapolitan Ice Cream2L,£2.19,11p per 100ml,,frozen
Morrisons Neapolitan Ice Cream Sandwiches,Morrisons Neapolitan Ice Cream Sandwiches8 x 90ml,£2.19,30.4p per 100ml,,frozen
Morrisons New York Cheesecake,Morrisons New York Cheesecake450g,£2.49,55.3p per 100g,,frozen
Morrisons Paella Mix ,Morrisons Paella Mix 500g,£1.95,39p per 100g,"Offer price £1.95, was £2.19",frozen
Morrisons Passion Star Martini Mix,Morrisons Passion Star Martini Mix300g,99p,33p per 100g,"Offer price 99p, was £2",frozen
Morrisons Peas Sweetcorn Carrots Broccoli & Red Pepper,Morrisons Peas Sweetcorn Carrot...1kg,£1.55,£1.55 per kg,,frozen
Morrisons Pepperoni Pizza Deep Pan 378G,Morrisons Pepperoni Pizza Deep Pan 378G378g,£1.85,48.9p per 100g,,frozen
Morrisons Petit Pois,Morrisons Petit Pois1kg,£1.69,£1.69 per kg,,frozen
Morrisons Pineapple,Morrisons Pineapple450g,£2.75,£6.11 per kg,Buy 2 for £5,frozen
Morrisons Plant Revolution 10 Pumpkin Falafels,Morrisons Plant Revolutio...300g,£2.50,£8.33 per kg,,frozen
Morrisons Plant Revolution 16 Chicken Style Nuggets,Morrisons Plant Revolution 16...320g,£1.99,£6.22 per kg,Buy 3 for £5,frozen
Morrisons Plant Revolution 4 Spicy Bean Burgers,Morrisons Plant Revolutio...454g,£1.99,£4.38 per kg,Buy 3 for £5,frozen
Morrisons Plant Revolution Beefless Wellington,Morrisons Plant Revolutio...560g,£3.50,£6.25 per kg,,frozen
Morrisons Plant Revolution Caramel Brownie Ice Cream,Morrisons Plant Revolution Ca...500ml,£2.99,59.8p per 100ml,,frozen
Morrisons Plant Revolution Chicken Style Pieces,Morrisons Plant Revolutio...300g,£1.99,£6.63 per kg,Buy 3 for £5,frozen
Morrisons Plant Revolution Choc Cookie Dough Ice Cream,Morrisons Plant Revolution Choc...500ml,£2.99,59.8p per 100ml,,frozen
Morrisons Plant Revolution Meat Free Burgers,Morrisons Plant Revolut...342g,£1.99,£5.82 per kg,Buy 3 for £5,frozen
Morrisons Plant Revolution Meat Free Mince ,Morrisons Plant Revolut...400g,£1.99,£4.98 per kg,Buy 3 for £5,frozen
Morrisons Plant Revolution Meat Free Sausages,Morrisons Plant Revolutio...300g,£1.99,£6.63 per kg,Buy 3 for £5,frozen
Morrisons Plant Revolution Vegetable Burger,Morrisons Plant Revolut...454g,£1.99,£4.38 per kg,Buy 3 for £5,frozen
Morrisons Pollock Fillets,Morrisons Pollock Fillets690g,£4.75,£6.88 per kg,,frozen
Morrisons Pork Loin Joint With Herb Crumb Topping,Morrisons Pork Loin Joint With Herb Crumb Topping550g,£3.50,£6.36 per kg,,frozen
Morrisons Potato Bites,Morrisons Potato Bites750g,£1.85,£2.47 per kg,,frozen
Morrisons Potato Croquettes,Morrisons Potato Croquettes750g,£1.69,£2.25 per kg,,frozen
Morrisons Potato Crunchies With Bacon,Morrisons Potato Crunchies With Bacon550g,£1.89,£3.44 per kg,,frozen
Morrisons Potato Lattice,Morrisons Potato Lattice550g,£2.19,£3.98 per kg,,frozen
Morrisons Potato Waffles,Morrisons Potato Waffles680g,£1.65,£2.43 per kg,,frozen
Morrisons Pub Style 2 Chicken Pies ,Morrisons Pub Style 2 Chicken Pies 440g,£3.30,£7.50 per kg,Save 80p Off Your Next Shop,frozen
Morrisons Push Up Lollies,Morrisons Push Up Lollies4 x 70ml,£1.10,39.3p per 100ml,,frozen
Morrisons Push Ups 5 Pack,Morrisons Push Ups 5 Pack350ml,£1.35,38.6p per 100ml,,frozen
Morrisons Quarter Pound Beef Burger With Cheese,Morrisons Quarter Pound Beef Burger With Cheese454g,£2.95,£6.50 per kg,,frozen
Morrisons Raspberries,Morrisons Raspberries300g,£2.75,91.7p per 100g,Buy 2 for £5,frozen
Morrisons Raspberry Pavlova,Morrisons Raspberry Pavlova315g,£3.19,£1.01 per 100g,,frozen
Morrisons Raspberry Ripple Ice Cream,Morrisons Raspberry Ripple Ice Cream2L,£2.19,11p per 100ml,,frozen
Morrisons Ratatouille,Morrisons Ratatouille500g,£1.65,£3.30 per kg,"Offer price £1.65, was £2.19",frozen
Morrisons Raw Peeled King Prawns,Morrisons Raw Peeled King Prawns200g,£3.69,£18.45 per kg,,frozen
Morrisons Ready Cooked King Prawns,Morrisons Ready Cooked King Prawns200g,£3.69,£18.45 per kg,,frozen
Morrisons Red Sangria Mix,Morrisons Red Sangria Mix300g,99p,33p per 100g,"Offer price 99p, was £2",frozen
Morrisons Roast Chicken Family Pie,Morrisons Roast Chicken Family Pie700g,£3.15,£4.50 per kg,,frozen
Morrisons Roasting Parsnips,Morrisons Roasting Parsnips750g,£1.99,£2.65 per kg,,frozen
Morrisons Roast Potatoes,Morrisons Roast Potatoes1kg,£1.09,£1.09 per kg,,frozen
Morrisons Rocket Ice Lollies,Morrisons Rocket Ice Lollies8 x 58ml,£1.35,29.1p per 100ml,,frozen
Morrisons Salted Caramel Amour Ice Cream Sticks ,Morrisons Salted Caramel Amour Ice Cream Sticks 3 x 120ml,£1.45,40.3p per 100ml,,frozen
Morrisons Salted Caramel Ice Cream,Morrisons Salted Caramel Ice Cream900ml,£2.19,24.3p per 100ml,,frozen
Morrisons  Salted Caramel Ice Cream Cones,Morrisons  Salted Caramel Ice Cream Cones440g,£1.35,£3.07 per kg,,frozen
Morrisons Sardine Fillets With Spicy Tomato Marinade,Morrisons Sardine Fillets Wit...210g,£4,£19.05 per kg,,frozen
Morrisons Sausage & Mash,Morrisons Sausage & Mash400g,£1.69,42.3p per 100g,,frozen
Morrisons Savers 15 Yorkshire Puddings,Morrisons Savers 15 Yorkshire Puddings230g,48p,£2.09 per kg,,frozen
Morrisons Savers 20 Thick Sausages,Morrisons Savers 20 Thick Sausages1kg,£1.49,£1.49 per kg,,frozen
Morrisons Savers 8 British Beef Burgers ,Morrisons Savers 8 British Beef Burgers 397g,£1.56,39.3p per 100g,,frozen
Morrisons Savers Beef & Pork Mince,Morrisons Savers Beef & Pork Mince1kg,£4.25,£4.25 per kg,,frozen
Morrisons Savers Beef & Pork Mince,Morrisons Savers Beef & Pork Mince1kg,£3.50,£3.50 per kg,,frozen
Morrisons Savers Fish Fillets ,Morrisons Savers Fish Fillets 450g,£2.15,47.8p per 100g,,frozen
Morrisons Savers Fish Fingers 10 Pack,Morrisons Savers Fish Fingers 10 Pack250g,75p,£3.00 per kg,,frozen
Morrisons Savers Frozen Prawns ,Morrisons Savers Frozen Prawns 200g,£2.32,£1.16 per 100g,,frozen
Morrisons Savers Ice Lollies,Morrisons Savers Ice Lollies8 x 35ml,85p,30.4p per 100ml,,frozen
Morrisons Seabass Fillet With Tomato And Pesto Marinade,Morrisons Seabass Fillet With T...210g,£4,£19.05 per kg,,frozen
Morrisons Seabream Fillets With Lemon And Caper Mariande,Morrisons Seabream Fillets With...210g,£4,£19.05 per kg,,frozen
Morrisons Seasoned Curly Fries,Morrisons Seasoned Curly Fries600g,£1.89,£3.15 per kg,Burger and Chips Bundle for £4.50,frozen
 Morrisons Seasoned Fried Wedges, Morrisons Seasoned Fried Wedges750g,£1.89,£2.52 per kg,,frozen
Morrisons Seasoned Sweet Potato Wedges,Morrisons Seasoned Sweet Potato Wedges500g,£2.99,£5.98 per kg,,frozen
Morrisons Shepherds Pie ,Morrisons Shepherds Pie 400g,£1.59,£3.98 per kg,,frozen
Morrisons Skin On Fries,Morrisons Skin On Fries600g,£1.99,£3.32 per kg,,frozen
Morrisons Sliced Green Beans ,Morrisons Sliced Green Beans 1kg,£1.55,£1.55 per kg,,frozen
Morrisons Sliced Green Cabbage,Morrisons Sliced Green Cabbage1kg,£2.09,£2.09 per kg,,frozen
Morrisons Sliced Leeks,Morrisons Sliced Leeks700g,£1.49,£2.13 per kg,,frozen
Morrisons Sliced Mixed Peppers,Morrisons Sliced Mixed Peppers500g,£1.49,£2.98 per kg,,frozen
Morrisons Sliced Mushrooms ,Morrisons Sliced Mushrooms 500g,£1.39,£2.78 per kg,,frozen
Morrisons Sliced Red Onion,Morrisons Sliced Red Onion650g,£1.99,£3.06 per kg,,frozen
Morrisons Southern Fried Chicken Thighs,Morrisons Southern Fried Chicken Thighs750g,£3,£4.00 per kg,,frozen
Morrisons Southern Fried Coated Chicken Strips,Morrisons Southern Fried Coated Chicken Strips350g,£3.25,92.9p per 100g,,frozen
Morrisons South Indian Veg Curry,Morrisons South Indian Veg Curry400g,£1.99,49.8p per 100g,Buy 3 for £5,frozen
Morrisons Spaghetti Bolognese,Morrisons Spaghetti Bolognese400g,£1.69,£4.23 per kg,,frozen
Morrisons Steak Cut Chips,Morrisons Steak Cut Chips1.2kg,£1.85,£1.54 per kg,,frozen
Morrisons Steak Family Pie,Morrisons Steak Family Pie700g,£3.15,£4.50 per kg,,frozen
Morrisons Stir Fry Biryani Vegetables With Rice,Morrisons Stir Fry Biryani Vegetables With Rice500g,£1.95,£3.90 per kg,"Offer price £1.95, was £2.19",frozen
Morrisons Stir Fry Fajita Vegetable Mix ,Morrisons Stir Fry Fajita Vegetable Mix 500g,£1.95,£3.90 per kg,,frozen
Morrisons Stir Fry Vegetables,Morrisons Stir Fry Vegetables500g,£1.55,£3.10 per kg,,frozen
Morrisons Stonebaked Meat Feast,Morrisons Stonebaked Meat Feast373g,£2.29,£6.14 per kg,,frozen
Morrisons Straight Cut Chips,Morrisons Straight Cut Chips1.2kg,£1.85,£1.54 per kg,,frozen
Morrisons Strawberries ,Morrisons Strawberries 350g,£2.75,78.6p per 100g,Buy 2 for £5,frozen
Morrisons Strawberries & Cream Gateau,Morrisons Strawberries & Cream Gateau630g,£2.99,47.5p per 100g,,frozen
Morrisons Strawberry & Banana Smoothie Mix,Morrisons Strawberry & Banana Smoothie Mix500g,£2.75,55p per 100g,Buy 2 for £5,frozen
 Morrisons Strawberry & Cream Ice Cream, Morrisons Strawberry & Cream Ice Cream900ml,£2.19,24.3p per 100ml,,frozen
Morrisons Strawberry Cheesecake,Morrisons Strawberry Cheesecake485g,£2.09,43.1p per 100g,,frozen
Morrisons Strawberry Daiquiri Mix,Morrisons Strawberry Daiquiri Mix300g,99p,33p per 100g,"Offer price 99p, was £2",frozen
Morrisons Strawberry Ice Cream Cones,Morrisons Strawberry Ice Cream Cones4 x 110ml,£1.35,30.7p per 100ml,,frozen
Morrisons Strawberry Split Ice Lollies,Morrisons Strawberry Split Ice Lollies6 x 70ml,£1.35,32.1p per 100ml,,frozen
Morrisons Super Sweet Sweetcorn,Morrisons Super Sweet Sweetcorn1kg,£1.69,£1.69 per kg,,frozen
Morrisons Sweet & Sour Battered Chicken,Morrisons Sweet & Sour Battered Chicken400g,£1.69,£4.23 per kg,,frozen
Morrisons Sweet Potato Chunks  ,Morrisons Sweet Potato Chunks  600g,£1.79,£2.98 per kg,,frozen
Morrisons Sweet Potato Fries ,Morrisons Sweet Potato Fries 500g,£2.99,£5.98 per kg,,frozen
Morrisons Takeaway Battered Chicken Chunks,Morrisons Takeaway Battered Chicken Chunks500g,£3.25,£6.50 per kg,,frozen
Morrisons Tex Mex Stonebake Pizza,Morrisons Tex Mex Stonebake Pizza380g,£2.29,£6.03 per kg,,frozen
 Morrisons The Best 4 Pink Lemonade Lollies, Morrisons The Best 4 Pink Lemonade Lollies4 x 73ml,£2.35,80.5p per 100ml,"Offer price £2.35, was £2.49",frozen
Morrisons The Best 4 Scotch Beef Quarter Pounders,Morrisons The Best 4 Scotch...454g,£3.50,£7.71 per kg,,frozen
Morrisons The Best 6 Beef Dripping Yorkshire Puddings,Morrisons The Best 6 Beef Dri...240g,£2.99,£12.46 per kg,,frozen
Morrisons The Best Beef Fat Roast Potatoes,Morrisons The Best Beef Fat Roast Potatoes800g,£2.49,£3.11 per kg,,frozen
Morrisons The Best British King Scallop Meat,Morrisons The Best British King Scallop Meat250g,£7.50,£30.00 per kg,,frozen
Morrisons The Best Cajun Chicken & Sweet Red Peppers Pizza,Morrisons The Best Cajun Chicken...465g,£3.25,£6.99 per kg,Buy 2 for £6,frozen
Morrisons The Best Chocolate & Caramel Twin Tarts,Morrisons The Best Chocolat...178g,£2.29,£1.29 per 100g,"Offer price £2.29, was £2.79",frozen
Morrisons The Best Chunky Chips  ,Morrisons The Best Chunky Chips  1.5kg,£3.99,£2.66 per kg,,frozen
Morrisons The Best Fries With Rosemary & Sea Salt ,Morrisons The Best Fries With Rosemary & Sea Salt 600g,£1.79,29.8p per 100g,,frozen
Morrisons The Best Goats Cheese & Onion  Pizza,Morrisons The Best Goats Cheese & Onion  Pizza420g,£3.25,£7.74 per kg,Buy 2 for £6,frozen
Morrisons The Best Ham & Mushroom Pizza,Morrisons The Best Ham & Mushroom Pizza438g,£3.25,£7.42 per kg,Buy 2 for £6,frozen
Morrisons The Best Lemon Tart Twin Pack,Morrisons The Best Lemon Tart Twin Pack2 x 89g,£2.29,£1.29 per 100g,"Offer price £2.29, was £2.79",frozen
Morrisons The Best Madagascan Vanilla Ice Cream ,Morrisons The Best Madagasc...500ml,£3.49,69.8p per 100ml,,frozen
Morrisons The  Best Margherita & Pesto Pizza,Morrisons The  Best Margherita & Pesto Pizza398g,£3.25,£8.17 per kg,Buy 2 for £6,frozen
Morrisons The Best Peeled & Cooked Jumbo King Prawns ,Morrisons The Best Peeled & C...225g,£4.99,£2.22 per 100g,,frozen
Morrisons The Best Petit Pois ,Morrisons The Best Petit Pois 500g,£1.35,£2.70 per kg,,frozen
Morrisons The Best Pizza Pucks With Sourdough x4,Morrisons The Best Pizza Pucks With Sourdough x4880g,£2.75,31.3p per 100g,,frozen
Morrisons The Best Raw Peeled King Prawns,Morrisons The Best Raw Peeled King Prawns225g,£4.69,£20.85 per kg,"Offer price £4.69, was £4.99",frozen
Morrisons The Best Spicy Italian Meats Pizza,Morrisons The Best Spicy Italian Meats Pizza454g,£3.25,£7.16 per kg,Buy 2 for £6,frozen
Morrisons The Best Sprouts With Chestnuts & Butter ,Morrisons The Best Sprouts Wi...500g,£2.29,£4.58 per kg,,frozen
Morrisons The Best Sticky Toffee Pudding,Morrisons The Best Sticky Toffee Pudding400g,£4.99,£1.25 per 100g,,frozen
Morrisons The Best Toffee & Pecan Roulade ,Morrisons The Best Toffee & Pecan Roulade 420g,£4.99,£1.19 per 100g,,frozen
Morrisons The Best Valencia Orange Ice Lollies,Morrisons The Best Valencia Orange Ice Lollies4 x 73ml,£2.35,80.5p per 100ml,"Offer price £2.35, was £2.49",frozen
Morrisons Thin Cut French Fries,Morrisons Thin Cut French Fries1.2kg,£1.85,£1.54 per kg,,frozen
Morrisons Tilapia Fillets With Soy Ginger And Garlic Marinade,Morrisons Tilapia Fillets With Soy...210g,£4,£19.05 per kg,,frozen
Morrisons Toad In The Hole ,Morrisons Toad In The Hole 300g,£1.69,£5.63 per kg,,frozen
 Morrisons Toffee & Vanilla Ice Cream, Morrisons Toffee & Vanilla Ice Cream900ml,£2.19,24.3p per 100ml,,frozen
Morrisons Toffee Cheesecake,Morrisons Toffee Cheesecake400g,£2.09,52.3p per 100g,,frozen
Morrisons Toffee Ice Cream Cones,Morrisons Toffee Ice Cream Cones4 x 110ml,£1.35,30.7p per 100ml,,frozen
Morrisons Tomato & Red Pepper Soup Mix,Morrisons Tomato & Red Pepper Soup Mix500g,£1.29,£2.58 per kg,,frozen
Morrisons Triple Chocolate Cheesecake ,Morrisons Triple Chocolate Cheesecake 420g,£2.25,53.6p per 100g,,frozen
Morrisons Tropical Swirl Ice Creams,Morrisons Tropical Swirl Ice Creams3 x 100ml,£1.49,49.7p per 100ml,,frozen
Morrisons Tuna Steaks,Morrisons Tuna Steaks360g,£4.75,£13.19 per kg,,frozen
 Morrisons Turkey Breast Joint, Morrisons Turkey Breast Joint500g,£3.50,£7.00 per kg,,frozen
Morrisons Twin Pops Ice Lollies,Morrisons Twin Pops Ice Lollies5 x 60ml,£1,33.3p per 100ml,,frozen
Morrisons Twisty Lollies,Morrisons Twisty Lollies5 x 70ml,£1.35,38.6p per 100ml,,frozen
Morrisons Twistys Lollies,Morrisons Twistys Lollies4 x 70ml,£1.10,39.3p per 100ml,,frozen
 Morrisons Unsmoked Bacon, Morrisons Unsmoked Bacon750g,£4.25,56.7p per 100g,,frozen
Morrisons Vanilla Ice Cream,Morrisons Vanilla Ice Cream900ml,£2.19,24.3p per 100ml,,frozen
Morrisons Veg & Cheese Pies 4 Pack,Morrisons Veg & Cheese Pies 4 Pack600g,£2.75,£4.58 per kg,,frozen
Morrisons Vegetable Floret Mix,Morrisons Vegetable Floret Mix1kg,£1.65,£1.65 per kg,,frozen
Morrisons Vegetable Lasagne,Morrisons Vegetable Lasagne375g,£1.99,£5.31 per kg,Buy 3 for £5,frozen
Morrisons White Chocolate Amour Lollies,Morrisons White Chocolate Amour Lollies3 x 120ml,£1.45,40.3p per 100ml,,frozen
Morrisons Wonky Berry Mix,Morrisons Wonky Berry Mix1kg,£2.99,£2.99 per kg,,frozen
Morrisons Yellow Vanilla Ice Cream,Morrisons Yellow Vanilla Ice Cream2L,£1.79,9p per 100ml,"Offer price £1.79, was £1.99",frozen
Morrisons Yorkshire Pudding Wraps Twin Pack,Morrisons Yorkshire Pudding Wraps Twin Pack260g,£1.85,£7.12 per kg,,frozen
Morrison Thin Crust Cheese Pizza,Morrison Thin Crust Cheese Pizza314g,75p,£2.39 per kg,,frozen
Mr Brains 6 Pork Faggots,Mr Brains 6 Pork Faggots657g,£1.80,£2.74 per kg,,frozen
Naughty Vegan 2 No Chick N Mushroom Pies ,Naughty Vegan 2 No Chick N Mushroom Pies 400g,£2.50,£6.25 per kg,,frozen
Naughty Vegan 4 Sausage Rolls,Naughty Vegan 4 Sausage Rolls460g,£2,£4.35 per kg,,frozen
Nestle Family Favourites Mixed Ice Lollies 12 Pack,Nestle Family Favourites Mixed Ice Lollies 12 Pack712ml,£3.50,49.2p per 100ml,,frozen
Nobbly Bobbly Strawberry & Chocolate Ice Cream 4 Pack,Nobbly Bobbly Strawberry & Ch...240ml,£2.29,95.4p per 100ml,Buy 2 for £4,frozen
Nuii Caramel White Chocolate & Texan Pecan Ice Cream,Nuii Caramel White Chocolate...3 x 90ml,£4,£1.48 per 100ml,Buy 2 for £5,frozen
Nuii Dark Chocolate & Nordic Berry Ice Cream,Nuii Dark Chocolate & Nordic Berry Ice Cream270ml,£4,£1.48 per 100ml,Buy 2 for £5,frozen
"Nuii Mini Salted Caramel, Vanilla & Nordic Berry Ice Cream","Nuii Mini Salted Caramel, Vanilla...6 x 55ml",£4.25,£1.29 per 100ml,,frozen
Nuii Mini Texan Pecan Java And Scandinavian Ice Cream Sticks ,Nuii Mini Texan Pecan Java And Scan...6 x 55ml,£4.25,£1.29 per 100ml,,frozen
Nuii Salted Caramel & Australian Macadamia Ice Cream,Nuii Salted Caramel & Austral...3 x 90ml,£4,£14.81 per litre,Buy 2 for £5,frozen
Oatly Salted Caramel Ice Cream,Oatly Salted Caramel Ice Cream500ml,£3,60p per 100ml,"Offer price £3, was £4.50",frozen
Oreo Ice Cream Cones 4 Pack,Oreo Ice Cream Cones 4 Pack440ml,£3.50,79.5p per 100ml,,frozen
Oreo Ice Cream Sandwich ,Oreo Ice Cream Sandwich 4 x 55ml,£2.29,10.4p per 10ml,Buy 2 for £4,frozen
Oreo Ice Cream Tub ,Oreo Ice Cream Tub 480ml,£3.29,68.5p per 100ml,Buy 2 for £5,frozen
Oreo Topped Ice Cream Cones,Oreo Topped Ice Cream Cones4 x 100ml,£3.99,99.8p per 100ml,,frozen
Oresundschark Original Swedish Meatballs,Oresundschark Original Swedish Meatballs600g,£3.75,£6.25 per kg,,frozen
Plant-It Chicken - Free Southern Fried Bites,Plant-It Chicken - Free Southern Fried Bites200g,£2.50,£12.50 per kg,,frozen
Plant It Chicken Free Salt & Chilli Strips,Plant It Chicken Free Salt & Chilli Strips200g,£2.50,£12.50 per kg,,frozen
Plant It Egg Free Veggie Omelette,Plant It Egg Free Veggie Omelette180g,£2.50,£1.39 per 100g,,frozen
Princes Indian-Style Tandoori Chicken Kebabs ,Princes Indian-Style Tandoori Chicken Kebabs 260g,£3.50,£13.46 per kg,"Offer price £3.50, was £3.99",frozen
Princes Korean-Style Bbq Chicken Kebabs,Princes Korean-Style Bbq Chicken Kebabs260g,£3.50,£13.46 per kg,"Offer price £3.50, was £3.99",frozen
Princes Malaysian-Style Satay Chicken Kebabs,Princes Malaysian-Style Satay Chicken Kebabs260g,£3.50,£13.46 per kg,"Offer price £3.50, was £3.99",frozen
Pukka 2 Chicken & Bacon Shortcrust Microwave Pies,Pukka 2 Chicken & Bacon Shortcrust Microwave Pies388g,£2.89,£7.45 per kg,"Offer price £2.89, was £3.25",frozen
Pukka 2 Chicken Bakes,Pukka 2 Chicken Bakes306g,£2.50,81.7p per 100g,,frozen
Pukka 2 Sausage & Bean Bakes,Pukka 2 Sausage & Bean Bakes306g,£2.50,81.7p per 100g,,frozen
Pukka 2 Steak Bakes,Pukka 2 Steak Bakes278g,£2.50,89.9p per 100g,,frozen
Pukka 4 Beef & Vegetable Pies,Pukka 4 Beef & Vegetable Pies726g,£3.50,£4.82 per kg,,frozen
Pukka 4 Chicken & Vegetable Pies ,Pukka 4 Chicken & Vegetable Pies 726g,£3.50,£4.82 per kg,,frozen
Pukka 4 Sausage Rolls,Pukka 4 Sausage Rolls360g,£2.50,69.4p per 100g,,frozen
Pukka Steak Microwaveable Shortcrust Pies,Pukka Steak Microwave...2 per pack,£2.89,£1.45 each,,frozen
Quorn 4 Vegan Sausage Rolls,Quorn 4 Vegan Sausage Rolls400g,£2.55,£6.38 per kg,,frozen
Quorn Chicktastic Burgers,Quorn Chicktastic Burgers4 x 63g,£2.55,£10.12 per kg,,frozen
Quorn Quarter Pounder Burger 2 Pack,Quorn Quarter Pounder Burger 2 Pack227g,£2.55,£11.23 per kg,,frozen
Quorn Sausage Patties ,Quorn Sausage Patties 168g,£2.55,£15.18 per kg,,frozen
Quorn Sausages,Quorn Sausages504g,£3,£5.95 per kg,,frozen
Quorn Takeaway 2 Crunchy Fillet Burgers,Quorn Takeaway 2 Crunchy Fillet Burgers190g,£3,£15.79 per kg,,frozen
Quorn Takeaway Sticky BBQ Wings,Quorn Takeaway Sticky BBQ Wings263g,£3,£11.41 per kg,,frozen
Quorn Vegetarian Chicken & Bacon Lattices 2 Pack,Quorn Vegetarian Chicken & Bacon Lattices 2 Pack300g,£2.55,£8.50 per kg,,frozen
Quorn Vegetarian Chicken Style Pieces,Quorn Vegetarian Chicken Style Pieces300g,£1.50,£5.00 per kg,"Offer price £1.50, was £2.49",frozen
Quorn Vegetarian Chicken style Pieces,Quorn Vegetarian Chicken style Pieces500g,£3,£6.00 per kg,,frozen
Quorn Vegetarian Crispy Fillets,Quorn Vegetarian Crispy Fillets200g,£2.55,£12.75 per kg,,frozen
Quorn Vegetarian Crispy Nuggets,Quorn Vegetarian Crispy Nuggets300g,£2.55,£8.50 per kg,,frozen
Quorn Vegetarian Crispy Nuggets Family Pack,Quorn Vegetarian Crispy Nuggets Family Pack476g,£3,£6.30 per kg,,frozen
Quorn Vegetarian Fillets,Quorn Vegetarian Fillets312g,£2.55,£8.17 per kg,,frozen
Quorn Vegetarian Garlic & Mushroom Escalopes,Quorn Vegetarian Garlic & Mushroom Escalopes240g,£2.55,£10.63 per kg,,frozen
Quorn Vegetarian Mince,Quorn Vegetarian Mince300g,£2.55,£8.50 per kg,,frozen
Quorn Vegetarian Mince,Quorn Vegetarian Mince500g,£3,£6.00 per kg,,frozen
Quorn Vegetarian Roast        ,Quorn Vegetarian Roast        454g,£2.50,55.1p per 100g,"Offer price £2.50, was £3.75",frozen
Quorn Vegetarian Sausages,Quorn Vegetarian Sausages8 x 42g,£2.55,£7.59 per kg,,frozen
Quorn Vegetarian Southern Fried Bites,Quorn Vegetarian Southern Fried Bites300g,£2.55,£8.50 per kg,,frozen
Quorn Vegetarian Steak & Gravy Pies 2 Pack,Quorn Vegetarian Steak & Gravy Pies 2 Pack400g,£2.55,£6.38 per kg,,frozen
Quorn Vegetarian Steak Strips,Quorn Vegetarian Steak Strips300g,£2.55,85p per 100g,,frozen
Quorn Vegetarian Swedish Style Balls,Quorn Vegetarian Swedish Style Balls300g,£2.55,£8.50 per kg,,frozen
Richmond 12 Thick Frozen Pork Sausages,Richmond 12 Thick Frozen Pork Sausages516g,£2.19,£4.24 per kg,,frozen
Richmond 16 Thin Frozen Pork Sausages ,Richmond 16 Thin Frozen Pork Sausages 444g,£2.50,56.3p per 100g,,frozen
Richmond 20 Thick Frozen Pork Sausages,Richmond 20 Thick Frozen Pork Sausages860g,£3.29,£3.83 per kg,,frozen
Richmond 6 Sausage Patties,Richmond 6 Sausage Patties342g,£2.19,£6.40 per kg,,frozen
Richmond 8 Thick Frozen Pork Sausages,Richmond 8 Thick Frozen Pork Sausages344g,£1.65,£4.80 per kg,,frozen
Richmond 8 Vegan Meat-Free Sausages,Richmond 8 Vegan Meat-Free Sausages336g,£2.15,£6.40 per kg,,frozen
Richmond Skinless Frozen Pork Sausages 16 Pack,Richmond Skinless Frozen Pork Sausages 16 Pack426g,£2.50,58.7p per 100g,,frozen
Rowntrees Fruit Blaster Ice Lollies ,Rowntrees Fruit Blaster Ice Lollies 6 x 58ml,£2.29,65.8p per 100ml,Buy 2 for £4,frozen
Rowntree's Fruit Pastilles Lollies,Rowntree's Fruit Pastilles Lollies4 x 65ml,£2.29,88.1p per 100ml,Buy 2 for £4,frozen
Rowntrees Fruit Pastilles Push - Ups,Rowntrees Fruit Pastilles Push - Ups480ml,£2.29,47.7p per 100ml,Buy 2 for £4,frozen
Rowntree's Watermelon Ice Lollies,Rowntree's Watermelon Ice Lollies4 x 73ml,£2.29,78.4p per 100ml,Buy 2 for £4,frozen
Rowntrees Yoggees Ice Lollies ,Rowntrees Yoggees Ice Lollies 6 x 55ml,£2.29,69.4p per 100ml,Buy 2 for £4,frozen
R Whites Premium Lemonade Ice Lollies X 3,R Whites Premium Lemonade Ice Lollies X 3675ml,£2.29,33.9p per 100ml,Buy 2 for £4,frozen
Schar Bonta D'Italia Gluten Free Pizza Margherita Lactose Free ,Schar Bonta D'Italia Gluten Free Pizz...300g,£3.49,£11.63 per kg,,frozen
Schar Gluten Free Pizza Veggie Vegan,Schar Gluten Free Pizza Veggie Vegan390g,£3.19,£8.18 per kg,,frozen
SFC Chicken Poppets,SFC Chicken Poppets170g,75p,44.1p per 100g,,frozen
SFC Chicken Pop Pops ,SFC Chicken Pop Pops 500g,£2.49,£4.98 per kg,,frozen
SFC Southern Fried Boneless Bucket,SFC Southern Fried Boneless Bucket500g,£3.49,69.8p per 100g,,frozen
Shana Chopped Spinach,Shana Chopped Spinach300g,£1.10,£3.67 per kg,"Offer price £1.10, was £1.25",frozen
Shana Green Chilli,Shana Green Chilli300g,£1.10,£3.67 per kg,"Offer price £1.10, was £1.25",frozen
Shana Karela,Shana Karela300g,£1.10,£3.67 per kg,"Offer price £1.10, was £1.25",frozen
Shana Methi,Shana Methi300g,£1.10,£3.67 per kg,"Offer price £1.10, was £1.25",frozen
Shana Okra Sliced Rings,Shana Okra Sliced Rings300g,£1.10,£3.67 per kg,"Offer price £1.10, was £1.25",frozen
Shana Original Paratha,Shana Original Paratha400g,£1.70,£4.25 per kg,"Offer price £1.70, was £1.89",frozen
Shana Saragawa,Shana Saragawa300g,£1.10,£3.67 per kg,"Offer price £1.10, was £1.25",frozen
Shana Shredded Coconut,Shana Shredded Coconut300g,£1.75,£5.83 per kg,"Offer price £1.75, was £1.89",frozen
Shana Whole Baby Okra ,Shana Whole Baby Okra 300g,£1.10,£3.67 per kg,"Offer price £1.10, was £1.25",frozen
Shana Wholemeal Chapatti,Shana Wholemeal Chapatti320g,£1.70,£5.32 per kg,"Offer price £1.70, was £1.89",frozen
Sharwood's Chicken Korma with Rice,Sharwood's Chicken Korma with Rice375g,£1.79,47.7p per 100g,,frozen
Sharwood's Chicken Tikka Masala with Rice ,Sharwood's Chicken Tikka Masala with Rice 375g,£1.79,£4.77 per kg,,frozen
Slush Puppie 5 Red Cherry Push Ups,Slush Puppie 5 Red Cherry Push Ups400ml,£2,50p per 100ml,,frozen
Slush Puppie 6 Cherry & Blue Raspberry Fusion Lollies,Slush Puppie 6 Cherry & Blue...300ml,£2,66.7p per 100ml,,frozen
Snacksters Big Stack ,Snacksters Big Stack 204g,£1.99,£9.75 per kg,,frozen
Snacksters Xl Doner Kebab,Snacksters Xl Doner Kebab172g,£1.99,£11.57 per kg,,frozen
Snickers 4 Pack Ice Cream Bars,Snickers 4 Pack Ice Cream Bars212ml,£2.49,£1.17 per 100ml,Buy 2 for £4,frozen
Solero Exotic Explosion Ice Cream Sticks,Solero Exotic Explosion Ice Cream Sticks3 x 90ml,£2.49,92.2p per 100ml,Buy 2 for £4,frozen
Solero Redberries Ice Cream Sticks,Solero Redberries Ice Cream Sticks3 x 90ml,£2.49,92.2p per 100ml,Buy 2 for £4,frozen
Spam Fritters,Spam Fritters300g,£2.25,£7.50 per kg,,frozen
Speakeasy Alcohol Infused Ice Cream Amaretto,Speakeasy Alcohol Infus...500ml,99p,19.8p per 100ml,"Offer price 99p, was £3.99 - Online Exclusive",frozen
Speakeasy Limoncello Ice Cream ,Speakeasy Limoncello Ice Cream 500ml,99p,19.8p per 100ml,"Offer price 99p, was £3.99 - Online Exclusive",frozen
Strong Roots Mixed Root Vegetable Fries ,Strong Roots Mixed Root Vegetable Fries 500g,£3.29,£6.58 per kg,Buy 2 for £5,frozen
Strong Roots Oven Baked Sweet Potato Chips,Strong Roots Oven Baked Sweet Potato Chips500g,£3.29,£6.58 per kg,Buy 2 for £5,frozen
Strong Roots Skinny Fries ,Strong Roots Skinny Fries 750g,£3.29,£4.39 per kg,Buy 2 for £5,frozen
Strong Roots Sweet Potato Hash Brown,Strong Roots Sweet Potato Hash Brown350g,£3.29,£9.40 per kg,Buy 2 for £5,frozen
Swedish Glace Dairy Free Smooth Vanilla Vegan Ice Cream Tub,Swedish Glace Dairy Free Smooth V...750ml,£3.30,44p per 100ml,"Offer price £3.30, was £3.59",frozen
Swizzels Refreshers Lemon Flavour Ice Lollies,Swizzels Refreshers Lemon Flavour Ice Lollies4 x 65ml,£2.69,£1.03 per 100ml,Buy 2 for £4,frozen
Taj Crushed Garlic,Taj Crushed Garlic400g,75p,£1.88 per kg,,frozen
Taj Crushed Ginger,Taj Crushed Ginger400g,75p,18.8p per 100g,,frozen
Taj Crushed Green Chilli,Taj Crushed Green Chilli400g,£1,£2.50 per kg,,frozen
Taj Diced Garlic,Taj Diced Garlic200g,70p,£3.50 per kg,,frozen
Taj Diced Ginger,Taj Diced Ginger200g,70p,£3.50 per kg,,frozen
Taj Ginger & Garlic Mixed Puree,Taj Ginger & Garlic Mixed Puree400g,70p,17.5p per 100g,,frozen
Taj Original Paratha Family Pack,Taj Original Paratha Family Pack,£2.75,,,frozen
Tango Sub Zero Tang Cherry Flavoured Iced Lollies,Tango Sub Zero Tang Cherry...4 x 70ml,£2.69,96.1p per 100ml,Buy 2 for £4,frozen
The Gym Kitchen BBQ Chicken & Bulgur Wheat ,The Gym Kitchen BBQ Chicken & Bulgur Wheat 400g,£2.50,62.5p per 100g,,frozen
The Gym Kitchen Beef Lasagne,The Gym Kitchen Beef Lasagne400g,£2.50,62.5p per 100g,,frozen
The Gym Kitchen Chicken Tikka Masala ,The Gym Kitchen Chicken Tikka Masala 400g,£2.50,62.5p per 100g,,frozen
The Gym Kitchen Chilli Con Carne ,The Gym Kitchen Chilli Con Carne 400g,£2.50,62.5p per 100g,,frozen
The Ice Co Super Cubes,The Ice Co Super Cubes1kg,£1.15,£1.15 per kg,"Offer price £1.15, was £1.25",frozen
The Northern Dough Co. Pizza Dough Beer Crust    ,The Northern Dough Co. Pizza Dough Beer Crust    440g,£2,£4.54 per kg,"Offer price £2, was £2.50",frozen
The Northern Dough Co. Pizza Dough Original,The Northern Dough Co. Pizza Dough Original2 x 220g,£2,£4.54 per kg,"Offer price £2, was £2.50",frozen
The Real Yorkshire Pudding Company Gluten Free Yorkshire Puddings,The Real Yorkshire Pudding Company Gl...180g,£2.49,£1.38 per 100g,,frozen
The Vegilantes Southern Fried Chicken Drumsticks ,The Vegilantes Southern Fried Chicken Drumsticks 260g,£3,£11.54 per kg,,frozen
Tivall Vegan Schnitzel ,Tivall Vegan Schnitzel 332g,£3.69,£11.11 per kg,,frozen
Tivall Vegetarian Cocktail Sausages,Tivall Vegetarian Cocktail Sausages280g,£3.69,£1.32 per 100g,,frozen
Tivall Vegetarian Mince,Tivall Vegetarian Mince360g,£3.69,£10.25 per kg,,frozen
Toxic Waste 5 Sour Blue Raspberry & Strawberry Slime Lollies,Toxic Waste 5 Sour Blue Raspberry &...280ml,£2,71.4p per 100ml,,frozen
Toxic Waste 5 Sour Lemon & Apple Spiral Lollies,Toxic Waste 5 Sour Lemon & Apple Spiral Lollies350ml,£2,57.1p per 100ml,,frozen
"Twister Mini Pineapple,Lemon-Lime & Strawberry Ice Lollies","Twister Mini Pineapple,Lemon-Lime...6 x 50ml",£2.29,76.3p per 100ml,Buy 2 for £4,frozen
"Twister Mini Pineapple, Lemon-Lime and Strawberry Ice Cream Lollies","Twister Mini Pineapple, Lem...8 x 50ml",£2,50p per 100ml,,frozen
Twister Peek-A-Blue,Twister Peek-A-Blue4 x 70ml,£2.19,78.2p per 100ml,Buy 2 for £4,frozen
Twister Peek-A-Blue Ice Lollies,Twister Peek-A-Blue Ice Lollies5 x 70ml,£2,57.1p per 100ml,,frozen
Twister Zingerrr Ice Lollies,Twister Zingerrr Ice Lollies4 x 70ml,£2.29,81.8p per 100ml,,frozen
Twix Ice Cream,Twix Ice Cream4 x 43ml,£2.49,£1.45 per 100ml,Buy 2 for £4,frozen
VFC 2 Original Recipe Vegan Crispy Chicken Fillets,VFC 2 Original Recipe Vegan...190g,£3,£1.58 per 100g,,frozen
VFC 2 Spicy Vegan Crispy Chicken Fillets,VFC 2 Spicy Vegan Crispy Chicken Fillets190g,£3,£1.58 per 100g,,frozen
VFC Original Recipe Vegan Crispy Chicken Tenders,VFC Original Recipe Vegan C...200g,£3,£1.50 per 100g,,frozen
VFC Original Recipe Vegan Crispy Popcorn Chicken,VFC Original Recipe Vegan C...220g,£3,£1.36 per 100g,,frozen
VFC Original Vegan Fried Stompers,VFC Original Vegan Fried Stompers288g,£3.50,£1.22 per 100g,,frozen
Viennetta Birthday Cake Ice Cream Dessert,Viennetta Birthday Cake Ice Cream Dessert650ml,£1.99,30.6p per 100ml,,frozen
Viennetta Mint Ice Cream Dessert,Viennetta Mint Ice Cream Dessert650ml,£1.49,22.9p per 100ml,,frozen
Viennetta Vanilla Ice Cream Dessert,Viennetta Vanilla Ice Cream Dessert650ml,£1.49,22.9p per 100ml,,frozen
Walls Calippo Orange   ,Walls Calippo Orange   105ml,£1.10,£1.05 per 100ml,,frozen
Wall's Cornetto Mint ,Wall's Cornetto Mint 6 x 90ml,£3.29,60.9p per 100ml,Buy 2 for £5,frozen
Wall's Soft Scoop Vanilla Ice Cream Tub Dessert,Wall's Soft Scoop Vanilla Ice Cream Tub Dessert1.8L,£2.75,15.3p per 100ml,,frozen
Wall's Soft Scoop Vanilla Light Ice Cream Tub Dessert,Wall's Soft Scoop Vanilla Lig...1.8L,£2.60,14.4p per 100ml,,frozen
Walls Thick Sausage,Walls Thick Sausage500g,£2.19,£4.38 per kg,,frozen
Weight Watchers Balance Penne Bolognaise,Weight Watchers Balance Penne Bolognaise320g,£2.49,77.8p per 100g,Buy 2 for £4.50,frozen
Weight Watchers from Heinz Beef Lasagne Frozen Ready Meal ,Weight Watchers from Heinz Beef L...320g,£2.49,£7.78 per kg,Buy 2 for £4.50,frozen
Weight Watchers from Heinz Chicken & Lemon Risotto Frozen Ready Meal,Weight Watchers from Heinz Ch...320g,£2.49,£7.78 per kg,Buy 2 for £4.50,frozen
Weight Watchers from Heinz Chicken Curry Frozen Ready Meal,Weight Watchers from Heinz Chicke...320g,£2.49,£7.78 per kg,Buy 2 for £4.50,frozen
Weight Watchers from Heinz Salmon & Broccoli Melt Frozen Ready Meal,Weight Watchers from Heinz Salmon & Bro...320g,£2.49,£7.78 per kg,Buy 2 for £4.50,frozen
Young's 10 Flipper Dippers,Young's 10 Flipper Dippers250g,£1.75,£7.00 per kg,,frozen
Youngs 2 Cod Steaks In Butter Sauce,Youngs 2 Cod Steaks In Butter Sauce280g,£3.50,£12.50 per kg,,frozen
Young's 4 Breaded Cod Fillets ,Young's 4 Breaded Cod Fillets 400g,£4,£10.00 per kg,"Offer price £4, was £4.49",frozen
Young's 4 Breaded Haddock Fillets ,Young's 4 Breaded Haddock Fillets 400g,£4,£10.00 per kg,"Offer price £4, was £4.49",frozen
Young's 4 Fish Steaks In Butter Sauce,Young's 4 Fish Steaks In Butter Sauce4 x 140g,£3.50,£6.25 per kg,,frozen
Young's 4 Fish Steaks In Parsley Sauce,Young's 4 Fish Steaks In Parsley Sauce4 x 140g,£3.50,£6.25 per kg,,frozen
Young's 6 Omega 3 Fish Cakes ,Young's 6 Omega 3 Fish Cakes 300g,£1.75,£5.83 per kg,,frozen
Young's Admiral's Pie 300G,Young's Admiral's Pie 300G300g,£1.99,£6.63 per kg,,frozen
Young's Battered Calamari,Young's Battered Calamari250g,£3.50,£14.00 per kg,,frozen
Young's Breaded Scampi,Young's Breaded Scampi220g,£3,£13.64 per kg,"Offer price £3, was £3.75",frozen
Young's Chip Shop 2 Extra Large Beer Batter Fillets,Young's Chip Shop 2 Extra Large Beer Batter Fillets300g,£3.25,£1.08 per 100g,,frozen
Young's Chip Shop 2 Extra Large Cod Fillets,Young's Chip Shop 2 Extra Large Cod Fillets300g,£4.75,£15.83 per kg,,frozen
Young's Chip Shop 2 Extra Large Fillets In Salt & Vinegar Batter,Young's Chip Shop 2 Extra Large Fille...300g,£3.25,£1.08 per 100g,,frozen
Young's Chip Shop 2 Extra Large Fish Cakes,Young's Chip Shop 2 Extra Large Fish Cakes210g,£1.50,£7.14 per kg,"Offer price £1.50, was £2.25",frozen
Young's Chip Shop 4 Cod Fillets,Young's Chip Shop 4 Cod Fillets400g,£4,£10.00 per kg,"Offer price £4, was £4.95",frozen
Young's Chip Shop 4 Haddock Fillets,Young's Chip Shop 4 Haddock Fillets400g,£4,£10.00 per kg,"Offer price £4, was £5.25",frozen
Young's Chip Shop Omega 3 Fish Fillets ,Young's Chip Shop Omega 3 Fish Fillets 400g,£3.75,£9.38 per kg,,frozen
Young's Family Pack Chip Shop Scampi In Bubbly Batter ,Young's Family Pack Chip Shop S...400g,£4.55,£11.38 per kg,,frozen
Young's Gastro 2 Sicilian Lemon & Black Pepper Sole Fillets ,Young's Gastro 2 Sicilian Lemon & B...280g,£4.50,£16.07 per kg,,frozen
Young's Gastro 2 Sicilian Lemon & Parsley Cod Fillets,Young's Gastro 2 Sicilian Lem...270g,£4.50,£16.67 per kg,,frozen
Young'S Gastro 2 Smoked Haddock & Cheddar,Young'S Gastro 2 Smoked Haddock & Cheddar270g,£3.95,£14.63 per kg,,frozen
Young's Gastro Fish Bakes 2 Cheese & Leek Chunky Fish Portions ,Young's Gastro Fish Bakes 2 Cheese &...340g,£3.50,£10.29 per kg,,frozen
Young's Gastro Fish Bakes 2 Mediterranean Tomato Chunky Portions ,Young's Gastro Fish Bakes 2 Mediterra...340g,£3.50,£10.29 per kg,,frozen
Young's Gastro Lightly Dusted 2 Sea Salt & Black Pepper Basa Fillets,Young's Gastro Lightly Dusted 2 Sea Sal...310g,£3,£9.68 per kg,"Offer price £3, was £4",frozen
Young's Gastro Signature Breaded 8 Chunky Fish Fingers,Young's Gastro Signature Breade...320g,£2.50,78.2p per 100g,"Offer price £2.50, was £3",frozen
Young's Gastro Signature Breaded 8 Chunky Haddock Fish Fingers 320G,Young's Gastro Signature Br...320g,£4.25,£1.33 per 100g,,frozen
Young's Gastro Tempura Battered 2 Lemon & Herb Basa Fillets,Young's Gastro Tempura Battered 2...310g,£3,£9.68 per kg,"Offer price £3, was £4",frozen
Young's Gastro Tempura Battered 8 Chunky Cod Fish Fingers ,Young's Gastro Tempura Battered 8...320g,£4.25,£13.28 per kg,,frozen
Young's Gastro Tempura Battered 8 Chunky Fish Fingers,Young's Gastro Tempura Batter...320g,£2.50,78.2p per 100g,"Offer price £2.50, was £3",frozen
Youngs Gastro Tempura Fish,Youngs Gastro Tempura Fish270g,£4.75,£17.59 per kg,,frozen
Young's Gastro Wholetail Scampi ,Young's Gastro Wholetail Scampi 220g,£6,£2.73 per 100g,,frozen
Young'S Light 2 Large Cod Fillet ,Young'S Light 2 Large Cod Fillet 220g,£3,£13.64 per kg,,frozen
Young's Popcorn Scampi Bites,Young's Popcorn Scampi Bites190g,£1,£5.26 per kg,"Offer price £1, was £1.49",frozen
Young's Salmon Fillet Dinner,Young's Salmon Fillet Dinner380g,£2.75,£7.24 per kg,,frozen
Young's Scampi ,Young's Scampi 400g,£4.50,£11.25 per kg,,frozen
Youngs Scottish Kipper Fillets,Youngs Scottish Kipper Fillets170g,£1.59,£9.35 per kg,,frozen
Morrisons Tomato Puree,Morrisons Tomato Puree200g,59p,£2.95 per kg,"Offer price 59p, was 79p",fruit-veg
Morrisons British Whole Chicken ,Morrisons Briti...1.4kg,£4.25,£3.04 per kg,Buy 3 for £10,fruit-veg
Morrisons Chicken Breast Fillet ,Morrisons Chick...630g,£4.99,£7.92 per kg,,fruit-veg
Morrisons Pears ,Morrisons Pears 1.2kg,£1.99,£1.66 per kg,,fruit-veg
Morrisons Raspberries,Morrisons Raspberries250g,£2.99,£1.20 per 100g,,fruit-veg
Savers Cherry Tomatoes,Savers Cherry Tomatoes250g,65p,26p per 100g,,fruit-veg
Albert Bartlett Rooster Potatoes ,Albert Bartlett Rooster Potatoes 2kg,£2.25,£1.13 per kg,,fruit-veg
Bistro Salad,Bistro Salad160g,£1.19,74.4p per 100g,,fruit-veg
Carrot & Broccoli Florets,Carrot & Broccoli Florets320g,£1.49,46.6p per 100g,,fruit-veg
Del Monte Cantaloupe Melon,Del Monte Cantaloupe Melon300g,£2.49,83p per 100g,,fruit-veg
Del Monte Melon & Grape ,Del Monte Melon & Grape 320g,£2.49,77.8p per 100g,,fruit-veg
Fyffes Pineapple,Fyffes Pineapple,99p,,,fruit-veg
Genuine Coconut Organic Drinking Coconut,Genuine Coconut Organic Drinking Coconut,£1.99,,,fruit-veg
Good 4 U Lentil & Sprout Mix,Good 4 U Lentil & Sprout Mix180g,£1.20,66.7p per 100g,,fruit-veg
Good 4 U Super Sprouts,Good 4 U Super Sprouts60g,£1.20,£2.00 per 100g,,fruit-veg
Linwoods Cold Flaxseed ,Linwoods Cold Flaxseed 200g,£2.50,£1.25 per 100g,,fruit-veg
Linwoods Flaxseed & Chai Seeds,Linwoods Flaxseed & Chai Seeds200g,£3,£1.50 per 100g,,fruit-veg
Love Me Tender Fruit Platter,Love Me Tender Fruit Platter350g,£2.99,85.4p per 100g,,fruit-veg
Love Me Tender Mango And Watermelon,Love Me Tender Mango And Watermelon230g,£2.25,97.8p per 100g,,fruit-veg
Love Me Tender Mango Fingers,Love Me Tender Mango Fingers410g,£3.25,79.3p per 100g,,fruit-veg
Love Me Tender Melon Pineapple And Mango,Love Me Tender Melon Pineapple And Mango240g,£2.25,93.8p per 100g,,fruit-veg
"Love Me Tender Pineapple, Apple & Grape","Love Me Tender Pineapple, Apple & Grape280g",£2.25,80.4p per 100g,,fruit-veg
Morrisons 2 Sweetcorn Cobs             ,Morrisons 2 Sweetcorn Cobs             2 per pack,£1.39,69.5p each,Buy 2 for £2.50,fruit-veg
Morrisons Almonds,Morrisons Almonds200g,£2.49,£1.25 per 100g,Buy 2 for £4,fruit-veg
Morrisons Almonds          ,Morrisons Almonds          60g,99p,£1.65 per 100g,Buy 2 for £1.50,fruit-veg
Morrisons Asparagus Bundle,Morrisons Asparagus Bundle,£2.99,,,fruit-veg
Morrisons Baby Corn ,Morrisons Baby Corn 125g,£1.39,£11.12 per kg,Buy 2 for £2.50,fruit-veg
Morrisons Baby Leaf Salad,Morrisons Baby Leaf Salad90g,85p,94.4p per 100g,,fruit-veg
Morrisons Baby Leaf Salad,Morrisons Baby Leaf Salad60g,89p,£1.48 per 100g,Buy 2 for £1,fruit-veg
Morrisons Baby Pearl Potatoes ,Morrisons Baby Pearl Potatoes 500g,99p,£1.98 per kg,"Offer price 99p, was £1.15",fruit-veg
Morrisons Baby Plum Tomatoes ,Morrisons Baby Plum Tomatoes 250g,89p,35.6p per 100g,,fruit-veg
Morrisons Baby Portobello Mushrooms ,Morrisons Baby Portobello Mushrooms 200g,£1.19,£5.95 per kg,,fruit-veg
Morrisons Baby Potatoes ,Morrisons Baby Potatoes 1kg,£1.19,£1.19 per kg,,fruit-veg
Morrisons Baby Spinach ,Morrisons Baby Spinach 160g,99p,61.9p per 100g,,fruit-veg
Morrisons Baking Potatoes ,Morrisons Baking Potatoes 4 per pack,62p,15.5p each,"Offer price 62p, was 69p",fruit-veg
Morrisons Baking Potatoes,Morrisons Baking Potatoes2.5kg,£1.59,63.6p per kg,"Offer price £1.59, was £1.99",fruit-veg
Morrisons Balsamic Dressing ,Morrisons Balsamic Dressing 175ml,£1.39,79.4p per 100ml,,fruit-veg
Morrisons Beansprouts,Morrisons Beansprouts300g,99p,33p per 100g,,fruit-veg
Morrisons Beautifully Wonky Courgette,Morrisons Beautifully Wonky Courgette,£2.25,,,fruit-veg
"Morrisons Beetroot, Baby Spinach & Baby Kale Salad","Morrisons Beetroot, Baby Sp...100g",99p,99p per 100g,,fruit-veg
Morrisons  Berry Medley ,Morrisons  Berry Medley 220g,£2.25,£10.23 per kg,,fruit-veg
Morrisons Berry Selection,Morrisons Berry Selection300g,£3.15,£10.50 per kg,,fruit-veg
Morrisons  Bistro Salad,Morrisons  Bistro Salad160g,99p,61.9p per 100g,"Offer price 99p, was £1.19",fruit-veg
Morrisons Bistro Salad With French Dressing ,Morrisons Bistro Salad With French Dressing 165g,£1.49,90.3p per 100g,,fruit-veg
Morrisons Blackbean Stir Fry Sauce,Morrisons Blackbean Stir Fry Sauce170g,£1.09,64.1p per 100g,Buy 3 for £2.50,fruit-veg
Morrisons Blackberries,Morrisons Blackberries150g,£2.29,£15.27 per kg,,fruit-veg
Morrisons Bloom Bouquet,Morrisons Bloom Bouquet,£9.99,,,fruit-veg
Morrisons Blueberries ,Morrisons Blueberries 300g,£3.19,£1.06 per 100g,,fruit-veg
Morrisons Blueberries ,Morrisons Blueberries 150g,£2.15,£14.33 per kg,Buy 3 for the Price of 2,fruit-veg
Morrisons  Blueberries ,Morrisons  Blueberries 450g,£3.99,£8.87 per kg,,fruit-veg
Morrisons Braeburn Apples,Morrisons Braeburn Apples6 per pack,£1.69,28.2p each,,fruit-veg
Morrisons Bramley Apples (minimum 3),Morrisons Bramley Apples (minimum 3)3 per pack,£1.99,66.3p each,,fruit-veg
Morrisons Brazil Nuts,Morrisons Brazil Nuts60g,99p,£1.65 per 100g,Buy 2 for £1.50,fruit-veg
Morrisons Brazil Nuts ,Morrisons Brazil Nuts 175g,£2.49,£14.23 per kg,Buy 2 for £4,fruit-veg
Morrisons British Apples,Morrisons British Apples6 per pack,£1.69,28.2p each,,fruit-veg
Morrisons British Apples & Pears (Minimum 7),Morrisons British Apples & Pears (Minimum 7),£2.79,,,fruit-veg
Morrisons British Strawberries,Morrisons British Strawberries227g,£2.29,£1.01 per 100g,,fruit-veg
Morrisons Broccoli,Morrisons Broccoli350g,69p,£1.97 per kg,,fruit-veg
Morrisons Broccoli & Cauliflower Florets ,Morrisons Broccoli & Cauliflower Florets 375g,£1.59,£4.24 per kg,,fruit-veg
Morrisons Broccoli Florets,Morrisons Broccoli Florets160g,£1.29,80.6p per 100g,,fruit-veg
Morrisons Brown Onions ,Morrisons Brown Onions 4 per pack,£1.29,32.3p each,,fruit-veg
Morrisons Brown Onions ,Morrisons Brown Onions 1kg,99p,99p per kg,,fruit-veg
Morrisons Brussel Sprouts ,Morrisons Brussel Sprouts 300g,£1.49,£4.97 per kg,,fruit-veg
Morrisons Bunched Beetroot,Morrisons Bunched Beetroot,£1.79,,,fruit-veg
Morrisons Bunched Coriander,Morrisons Bunched Coriander100g,£1.39,13.9p per 10g,,fruit-veg
Morrisons Butterhead Salad,Morrisons Butterhead Salad80g,99p,£1.24 per 100g,,fruit-veg
Morrisons Butternut Squash,Morrisons Butternut Squash,£1.35,,,fruit-veg
Morrisons Button Mushrooms,Morrisons Button Mushrooms200g,£1.19,£5.95 per kg,,fruit-veg
Morrisons Caesar Dressing ,Morrisons Caesar Dressing 175ml,£1.39,79.4p per 100ml,,fruit-veg
Morrisons Caesar Salad,Morrisons Caesar Salad200g,£1.49,74.5p per 100g,,fruit-veg
Morrisons Carrot & Broccoli Florets,Morrisons Carrot & Broccoli Florets375g,£1.49,39.7p per 100g,,fruit-veg
Morrisons Carrot & Peas,Morrisons Carrot & Peas300g,£1.09,36.3p per 100g,,fruit-veg
Morrisons Carrot & Swede Mash ,Morrisons Carrot & Swede Mash 400g,£1.39,£3.48 per kg,,fruit-veg
"Morrisons Carrot, Broccoli & Brussels Sprouts","Morrisons Carrot, Broccoli & Brussels Sprouts300g",£1.49,49.7p per 100g,,fruit-veg
"Morrisons Carrot, Broccoli & Cauliflower","Morrisons Carrot, Broccoli & Cauliflower250g",99p,£3.96 per kg,,fruit-veg
Morrisons Carrot Batons ,Morrisons Carrot Batons 325g,89p,£2.74 per kg,,fruit-veg
Morrisons Carrots ,Morrisons Carrots 500g,30p,60p per kg,"Offer price 30p, was 35p",fruit-veg
Morrisons Carrots ,Morrisons Carrots 1kg,19p,19p per kg,"Offer price 19p, was 50p",fruit-veg
Morrisons Cashew Nuts,Morrisons Cashew Nuts250g,£4,£1.60 per 100g,,fruit-veg
Morrisons Cashews,Morrisons Cashews180g,£2.49,£13.83 per kg,Buy 2 for £4,fruit-veg
Morrisons Casserole Vegetables,Morrisons Casserole Vegetables600g,£1.49,24.8p per 100g,,fruit-veg
Morrisons Celeriac ,Morrisons Celeriac 900g,£1.32,£1.47 per kg,,fruit-veg
Morrisons Celery ,Morrisons Celery ,57p,,"Offer price 57p, was 65p",fruit-veg
Morrisons Celery Sticks,Morrisons Celery Sticks250g,85p,£3.40 per kg,,fruit-veg
Morrisons Chantenay Carrots,Morrisons Chantenay Carrots500g,99p,£1.98 per kg,,fruit-veg
Morrisons Cherries,Morrisons Cherries200g,£2.15,£10.75 per kg,,fruit-veg
Morrisons Cherry Tomatoes  ,Morrisons Cherry Tomatoes  420g,£1.25,£2.98 per kg,,fruit-veg
Morrisons Chestnut Mushrooms ,Morrisons Chestnut Mushrooms 250g,£1.19,£4.76 per kg,,fruit-veg
Morrisons Chia Seeds ,Morrisons Chia Seeds 150g,£1.49,99.3p per 100g,,fruit-veg
"Morrisons Chicken, Bacon And Sweet Corn Pasta Salad","Morrisons Chicken, Bacon And...260g",£1.99,76.5p per 100g,,fruit-veg
Morrisons Chicory ,Morrisons Chicory 2 per pack,£1.49,74.5p each,,fruit-veg
Morrisons Chinese Leaf ,Morrisons Chinese Leaf ,£1.35,,,fruit-veg
Morrisons Chinese Stir Fry,Morrisons Chinese Stir Fry300g,£1.49,49.7p per 100g,Buy 3 for £2.50,fruit-veg
Morrisons Chopped Iceberg Lettuce,Morrisons Chopped Iceberg Lettuce200g,99p,49.5p per 100g,,fruit-veg
Morrisons Chow Mein Stir Fry Sauce,Morrisons Chow Mein Stir Fry Sauce170g,£1.09,64.1p per 100g,Buy 3 for £2.50,fruit-veg
Morrisons Classic Fruit Salad,Morrisons Classic Fruit Salad220g,£2.25,£1.02 per 100g,,fruit-veg
Morrisons Closed Cup Mushrooms ,Morrisons Closed Cup Mushrooms 300g,94p,£3.13 per kg,,fruit-veg
Morrisons Colcannon Mash,Morrisons Colcannon Mash400g,99p,£2.48 per kg,,fruit-veg
Morrisons Conference Pears,Morrisons Conference Pears4 per pack,£1.59,39.8p each,,fruit-veg
Morrisons Corn Cobettes ,Morrisons Corn Cobettes 4 per pack,£1.39,34.8p each,Buy 2 for £2.50,fruit-veg
Morrisons Counted Caesar Dressing ,Morrisons Counted Caesar Dressing 175ml,£1.39,79.4p per 100ml,,fruit-veg
Morrisons Courgettes (min 2 pack),Morrisons Courgettes (min 2 pack),£1.39,,,fruit-veg
Morrisons Cripps Red Apples,Morrisons Cripps Red Apples6 per pack,£1.99,33.2p each,,fruit-veg
Morrisons Crispy Leaf Mix,Morrisons Crispy Leaf Mix200g,99p,49.5p per 100g,Italian Meal Deal For £8,fruit-veg
Morrisons Crispy Potato Slices ,Morrisons Crispy Potato Slices 300g,£1.99,66.3p per 100g,Easy Chicken Dinner Meal Deal for £7,fruit-veg
Morrisons Crispy Salad,Morrisons Crispy Salad70g,89p,£1.27 per 100g,Buy 2 for £1,fruit-veg
Morrisons Crunchy Slaw Kit,Morrisons Crunchy Slaw Kit300g,£1.39,46.3p per 100g,,fruit-veg
Morrisons Cucumber ,Morrisons Cucumber ,75p,,,fruit-veg
Morrisons Dessert Apples ,Morrisons Dessert Apples 1.8kg,£2.99,£1.66 per kg,,fruit-veg
Morrisons Diced Swede & Carrot ,Morrisons Diced Swede & Carrot 450g,99p,£2.20 per kg,,fruit-veg
Morrisons Diced White Onion,Morrisons Diced White Onion400g,99p,24.8p per 100g,,fruit-veg
Morrisons Diva Bouquet,Morrisons Diva Bouquet,£11,,,fruit-veg
Morrisons Edamame & Broccoli Stir Fry,Morrisons Edamame & Broccoli Stir Fry270g,£1.49,55.2p per 100g,Buy 3 for £2.50,fruit-veg
Morrisons Egg Noodles,Morrisons Egg Noodles275g,£1.49,54.2p per 100g,Buy 3 for £2.50,fruit-veg
Morrisons Fennel ,Morrisons Fennel 250g,£1.25,£5.00 per kg,,fruit-veg
Morrisons Figs,Morrisons Figs4 per pack,£1.99,49.8p each,,fruit-veg
Morrisons Flat Parsley,Morrisons Flat Parsley100g,£1.39,£1.39 per 100g,,fruit-veg
Morrisons Flax Seeds ,Morrisons Flax Seeds 150g,99p,66p per 100g,,fruit-veg
Morrisons French Dressing,Morrisons French Dressing175ml,£1.39,79.4p per 100ml,,fruit-veg
Morrisons Fresh Basil,Morrisons Fresh Basil30g,89p,29.7p per 10g,"Offer price 89p, was 99p",fruit-veg
Morrisons Fresh Chives,Morrisons Fresh Chives20g,99p,49.5p per 10g,,fruit-veg
Morrisons Fresh Curly Parsley,Morrisons Fresh Curly Parsley30g,99p,33p per 10g,,fruit-veg
Morrisons Fresh Dill,Morrisons Fresh Dill20g,99p,49.5p per 10g,,fruit-veg
Morrisons Fresh Mint,Morrisons Fresh Mint30g,89p,29.7p per 10g,"Offer price 89p, was 99p",fruit-veg
Morrisons Fresh Rosemary ,Morrisons Fresh Rosemary 20g,89p,£4.45 per 100g,"Offer price 89p, was 99p",fruit-veg
Morrisons Fresh Sage,Morrisons Fresh Sage20g,99p,£49.50 per kg,,fruit-veg
Morrisons Fresh Thyme,Morrisons Fresh Thyme20g,89p,44.5p per 10g,"Offer price 89p, was 99p",fruit-veg
Morrisons Garlic & Herb Dressing,Morrisons Garlic & Herb Dressing175ml,£1.39,79.4p per 100ml,,fruit-veg
Morrisons Garlic Pack,Morrisons Garlic Pack4 per pack,99p,24.8p each,,fruit-veg
Morrisons Garlic Stuffed Mushrooms,Morrisons Garlic Stuffed Mushrooms200g,£1.99,99.5p per 100g,,fruit-veg
Morrisons Giant Garlic,Morrisons Giant Garlic,75p,,,fruit-veg
Morrisons Ginger,Morrisons Ginger125g,£1.09,£8.72 per kg,,fruit-veg
Morrisons Golden Delicious Apples ,Morrisons Golden Delicious Apples 6 per pack,£1.69,28.2p each,,fruit-veg
Morrisons Granny Smith Apples,Morrisons Granny Smith Apples6 per pack,£1.69,28.2p each,,fruit-veg
Morrisons Green Grapes,Morrisons Green Grapes170g,£1.15,67.6p per 100g,,fruit-veg
Morrisons Hazelnuts,Morrisons Hazelnuts200g,£2.49,£1.25 per 100g,Buy 2 for £4,fruit-veg
Morrisons Herb Dressed New Potatoes ,Morrisons Herb Dressed New Potatoes 300g,£2.20,£7.33 per kg,,fruit-veg
Morrisons Herby Baby Potatoes,Morrisons Herby Baby Potatoes360g,£1.09,£3.03 per kg,,fruit-veg
Morrisons Honey & Mustard Dressing ,Morrisons Honey & Mustard Dressing 175ml,£1.39,79.4p per 100ml,,fruit-veg
Morrisons House Salad Bowl ,Morrisons House Salad Bowl 145g,£1.29,89p per 100g,,fruit-veg
Morrisons Iceberg Lettuce,Morrisons Iceberg Lettuce,65p,,"Offer price 65p, was 69p",fruit-veg
Morrisons Italian Style Salad,Morrisons Italian Style Salad80g,99p,£1.24 per 100g,Italian Meal Deal For £8,fruit-veg
Morrisons Jazz Apple,Morrisons Jazz Apple6 per pack,£1.59,26.5p each,"Offer price £1.59, was £1.89",fruit-veg
Morrisons Jumbo Salad Onions ,Morrisons Jumbo Salad Onions 110g,99p,£9.00 per kg,,fruit-veg
Morrisons Just For Kids Mini Raisins ,Morrisons Just For Kids Mini Raisins 10 x 14g,99p,70.7p per 100g,Buy 2 for £1.50,fruit-veg
Morrisons Katsu Style Stir Fry Sauce,Morrisons Katsu Style Stir Fry Sauce170g,£1.09,64.1p per 100g,Buy 3 for £2.50,fruit-veg
Morrisons Kiwi,Morrisons Kiwi6 per pack,99p,16.5p each,,fruit-veg
"Morrisons Kiwi, Melon & Strawberry","Morrisons Kiwi, Melon & Strawberry210g",£2.25,£10.71 per kg,,fruit-veg
Morrisons Korean Style Sauce,Morrisons Korean Style Sauce170g,£1.09,64.1p per 100g,Buy 3 for £2.50,fruit-veg
Morrisons Large Flat Mushrooms ,Morrisons Large Flat Mushrooms 250g,£1.19,£4.76 per kg,,fruit-veg
Morrisons Large Mild Brown Onions ,Morrisons Large Mild Brown Onions 3 per pack,£1.69,56.3p each,,fruit-veg
Morrisons Large Oranges,Morrisons Large Oranges4 per pack,£2.15,53.8p each,,fruit-veg
Morrisons Lemongrass ,Morrisons Lemongrass 2 per pack,75p,37.5p each,,fruit-veg
Morrisons Limes,Morrisons Limes4 per pack,99p,24.8p each,,fruit-veg
Morrisons Little Gem Lettuce ,Morrisons Little Gem Lettuce 2 per pack,85p,42.5p each,"Offer price 85p, was 99p",fruit-veg
Morrisons Little Kitchen Kids Raisins & Strawberries,Morrisons Little Kitchen Kids...6 x 14g,99p,£1.18 per 100g,Buy 2 for £1.50,fruit-veg
Morrisons Living Flat Leaf Parsley,Morrisons Living Flat Leaf Parsley,£1.49,,,fruit-veg
Morrisons Living Mint,Morrisons Living Mint,£1.49,,,fruit-veg
Morrisons Loose Coconut,Morrisons Loose Coconut,89p,,,fruit-veg
Morrisons Loose Green Pepper ,Morrisons Loose Green Pepper ,49p,,,fruit-veg
Morrisons Loose Orange Pepper,Morrisons Loose Orange Pepper,49p,,,fruit-veg
Morrisons Loose Pomegranate,Morrisons Loose Pomegranate,£1.25,,,fruit-veg
Morrisons Loose Red Grapefruit,Morrisons Loose Red Grapefruit,55p,,,fruit-veg
Morrisons Loose Red Pepper ,Morrisons Loose Red Pepper ,49p,,,fruit-veg
Morrisons Loose Yellow Pepper ,Morrisons Loose Yellow Pepper ,49p,,,fruit-veg
Morrisons Mango ,Morrisons Mango 240g,£2.25,93.8p per 100g,,fruit-veg
Morrisons Maris Piper Potatoes,Morrisons Maris Piper Potatoes2.5kg,£1.59,63.6p per kg,,fruit-veg
Morrisons Market St Living Basil,Morrisons Market St Living Basil,£1.49,,,fruit-veg
Morrisons Market St Living Chives,Morrisons Market St Living Chives,£1.49,,,fruit-veg
Morrisons Market St Living Coriander,Morrisons Market St Living Coriander,£1.49,,,fruit-veg
Morrisons Market St Living Dill,Morrisons Market St Living Dill,£1.49,,,fruit-veg
Morrisons Market St Living Thyme,Morrisons Market St Living Thyme,£1.49,,,fruit-veg
Morrisons Market Street Large Cucumber,Morrisons Market Street Large Cucumber,99p,,,fruit-veg
Morrisons Mashed Potato,Morrisons Mashed Potato400g,99p,24.8p per 100g,,fruit-veg
Morrisons Mediterranean Style Vegetables ,Morrisons Mediterranean Style Vegetables 400g,£1.79,£4.48 per kg,Easy Chicken Dinner Meal Deal for £7,fruit-veg
Morrisons Medium Cauliflower ,Morrisons Medium Cauliflower ,99p,,,fruit-veg
Morrisons Mini Cucumbers,Morrisons Mini Cucumbers200g,99p,£4.95 per kg,,fruit-veg
Morrisons Mixed Chillies ,Morrisons Mixed Chillies 50g,69p,£13.80 per kg,,fruit-veg
Morrisons Mixed Leaf,Morrisons Mixed Leaf100g,99p,99p per 100g,,fruit-veg
Morrisons Mixed Nuts,Morrisons Mixed Nuts180g,£2.25,£12.50 per kg,Buy 2 for £4,fruit-veg
Morrisons Mixed Pepper Stir Fry,Morrisons Mixed Pepper Stir Fry300g,£1.49,49.7p per 100g,Buy 3 for £2.50,fruit-veg
Morrisons Mixed Radish,Morrisons Mixed Radish200g,79p,£3.95 per kg,,fruit-veg
Morrisons Mulberry Bouquet,Morrisons Mulberry Bouquet,£5.99,,,fruit-veg
Morrisons Mushroom Stir Fry,Morrisons Mushroom Stir Fry300g,£1.49,49.7p per 100g,Buy 3 for £2.50,fruit-veg
Morrisons Natural Cooked Beetroot ,Morrisons Natural Cooked Beetroot 300g,85p,£2.83 per kg,,fruit-veg
Morrisons Nectarines ,Morrisons Nectarines 4 per pack,£1.79,44.8p each,,fruit-veg
Morrisons Olive Oil & Sea Salt Croutons ,Morrisons Olive Oil & Sea Salt Croutons 95g,£1,£1.05 per 100g,,fruit-veg
Morrisons Onions ,Morrisons Onions 4kg,£2.99,74.8p per kg,,fruit-veg
Morrisons Oranges,Morrisons Oranges5 per pack,£1.49,29.8p each,Buy 3 for the Price of 2,fruit-veg
Morrisons Organic Blueberries ,Morrisons Organic Blueberries 125g,£2.29,£1.83 per 100g,Organic Berries - Buy 2 For £4,fruit-veg
Morrisons Organic Broccoli,Morrisons Organic Broccoli300g,99p,£3.30 per kg,,fruit-veg
Morrisons Organic Brown Onions,Morrisons Organic Brown Onions500g,99p,£1.98 per kg,,fruit-veg
Morrisons Organic Carrots,Morrisons Organic Carrots600g,99p,£1.65 per kg,,fruit-veg
Morrisons Organic Celery ,Morrisons Organic Celery ,£1.19,,,fruit-veg
Morrisons Organic Courgettes ,Morrisons Organic Courgettes 2 per pack,£1.79,89.5p each,,fruit-veg
Morrisons Organic Cucumber ,Morrisons Organic Cucumber ,£1.19,,,fruit-veg
Morrisons Organic Fairtrade Bananas ,Morrisons Organic Fairtrade Bananas 5 per pack,£1.29,25.8p each,,fruit-veg
Morrisons Organic Gala Apples ,Morrisons Organic Gala Apples 4 per pack,£1.99,49.8p each,,fruit-veg
Morrisons Organic Garlic,Morrisons Organic Garlic3 per pack,99p,33p each,,fruit-veg
Morrisons Organic Leeks ,Morrisons Organic Leeks 400g,£1.79,£4.48 per kg,,fruit-veg
Morrisons Organic Lemons,Morrisons Organic Lemons3 per pack,£1.75,58.3p each,,fruit-veg
Morrisons Organic Medium Cauliflower ,Morrisons Organic Medium Cauliflower ,£1.79,,,fruit-veg
Morrisons Organic Mushrooms ,Morrisons Organic Mushrooms 250g,£1.19,£4.76 per kg,,fruit-veg
Morrisons Organic Oranges ,Morrisons Organic Oranges 4 per pack,£1.99,49.8p each,,fruit-veg
Morrisons Organic Pears,Morrisons Organic Pears3 per pack,£1.99,66.3p each,,fruit-veg
Morrisons Organic Potatoes ,Morrisons Organic Potatoes 1.5kg,£1.65,£1.10 per kg,,fruit-veg
Morrisons Organic Salad Potatoes ,Morrisons Organic Salad Potatoes 750g,£1.19,£1.59 per kg,,fruit-veg
Morrisons Organic Spinach,Morrisons Organic Spinach100g,£1.49,£1.49 per 100g,,fruit-veg
Morrisons Organic Spring Onions ,Morrisons Organic Spring Onions 120g,99p,£8.25 per kg,,fruit-veg
Morrisons Organic Strawberries ,Morrisons Organic Strawberries 225g,£2.69,£1.20 per 100g,Organic Berries - Buy 2 For £4,fruit-veg
 Morrisons Organic Twin Peppers , Morrisons Organic Twin Peppers 2 per pack,£1.59,79.5p each,,fruit-veg
Morrisons Outdoor Daffodils,Morrisons Outdoor Daffodils,£1,,,fruit-veg
Morrisons Pak Choi,Morrisons Pak Choi200g,£1.09,£5.45 per kg,,fruit-veg
Morrisons Papaya,Morrisons Papaya,£1.79,,,fruit-veg
Morrisons Parsnips ,Morrisons Parsnips 500g,19p,38p per kg,"Offer price 19p, was 69p",fruit-veg
Morrisons Passion Fruit,Morrisons Passion Fruit3 per pack,£1.25,41.7p each,,fruit-veg
Morrisons Pears ,Morrisons Pears 1.2kg,£1.99,£1.66 per kg,,fruit-veg
Morrisons Pea Shoots,Morrisons Pea Shoots60g,£1.19,£1.98 per 100g,,fruit-veg
Morrisons Pecans,Morrisons Pecans175g,£2.49,£14.23 per kg,Buy 2 for £4,fruit-veg
Morrisons Peeled Maris Piper Potatoes,Morrisons Peeled Maris Piper Potatoes600g,99p,16.5p per 100g,,fruit-veg
Morrisons Peeled Sprouts,Morrisons Peeled Sprouts200g,£1.49,£7.45 per kg,,fruit-veg
Morrisons Physalis ,Morrisons Physalis 100g,99p,£9.90 per kg,,fruit-veg
Morrisons Pickled Beetroot ,Morrisons Pickled Beetroot 250g,79p,£3.16 per kg,,fruit-veg
Morrisons Pineapple ,Morrisons Pineapple 300g,£2.25,75p per 100g,,fruit-veg
Morrisons Pineapple ,Morrisons Pineapple 130g,99p,76.2p per 100g,,fruit-veg
Morrisons Pineapple Fingers,Morrisons Pineapple Fingers500g,£2.99,59.8p per 100g,,fruit-veg
Morrisons Pineapple Snack Bag ,Morrisons Pineapple Snack Bag 70g,49p,70p per 100g,Buy 3 for £1,fruit-veg
Morrisons Pine Nuts ,Morrisons Pine Nuts 100g,£3.75,£3.75 per 100g,,fruit-veg
Morrisons Pink Lady Apples,Morrisons Pink Lady Apples4 per pack,£2.15,53.8p each,Buy 3 for the Price of 2,fruit-veg
Morrisons Pistachios,Morrisons Pistachios175g,£2.49,£14.23 per kg,Buy 2 for £4,fruit-veg
Morrisons Plum Punnet,Morrisons Plum Punnet1kg,£2.19,£2.19 per kg,,fruit-veg
Morrisons Plums,Morrisons Plums400g,99p,£2.48 per kg,,fruit-veg
Morrisons Pomegranate,Morrisons Pomegranate80g,£1.15,£1.44 per 100g,,fruit-veg
Morrisons Pomegranate,Morrisons Pomegranate200g,£2.25,£1.13 per 100g,,fruit-veg
Morrisons  Potato & Egg Salad,Morrisons  Potato & Egg Salad275g,£1.99,72.4p per 100g,,fruit-veg
Morrisons Potato Croquettes ,Morrisons Potato Croquettes 250g,£1.99,£7.96 per kg,,fruit-veg
Morrisons Potato Wedges,Morrisons Potato Wedges500g,£1.49,29.8p per 100g,,fruit-veg
Morrisons Protein Noodles,Morrisons Protein Noodles275g,£1.49,54.2p per 100g,Buy 3 for £2.50,fruit-veg
Morrisons Prunes,Morrisons Prunes250g,£1.99,79.6p per 100g,,fruit-veg
Morrisons Pumpkin Seeds,Morrisons Pumpkin Seeds150g,99p,66p per 100g,,fruit-veg
Morrisons Purple Aubergine,Morrisons Purple Aubergine,85p,,,fruit-veg
Morrisons Radish ,Morrisons Radish 200g,59p,£2.95 per kg,,fruit-veg
Morrisons Rainbow Dyed Lilies,Morrisons Rainbow Dyed Lilies,£6.99,,,fruit-veg
Morrisons Rainbow Roses,Morrisons Rainbow Roses,£9.99,,,fruit-veg
Morrisons Raspberries ,Morrisons Raspberries 150g,£2.15,£14.33 per kg,Buy 3 for the Price of 2,fruit-veg
Morrisons Raspberries,Morrisons Raspberries250g,£2.99,£1.20 per 100g,,fruit-veg
Morrisons Ready To Eat Avocado,Morrisons Ready To Eat Avocado,99p,,,fruit-veg
Morrisons Ready to Eat Avocados Min,Morrisons Ready to Eat Avocados Min2 per pack,£1.69,84.5p each,,fruit-veg
Morrisons Ready To Eat Corn on the Cob ,Morrisons Ready To Eat Corn on the Cob 2 per pack,£1.75,87.5p each,,fruit-veg
Morrisons Ready To Eat Kiwi Fruit,Morrisons Ready To Eat Kiwi Fruit4 per pack,£1.19,29.8p each,"Offer price £1.19, was £1.49",fruit-veg
Morrisons Ready To Eat Loose Mango,Morrisons Ready To Eat Loose Mango,85p,,,fruit-veg
Morrisons Ready To Eat Plums,Morrisons Ready To Eat Plums,£1.79,,,fruit-veg
Morrisons Ready To Eat Qtee Pears ,Morrisons Ready To Eat Qtee Pears 4 per pack,£1.79,44.8p each,,fruit-veg
Morrisons Ready To Eat White Flesh Nectarines,Morrisons Ready To Eat White Flesh Nectarines4 per pack,£2.25,56.3p each,,fruit-veg
Morrisons Ready to Eat Yellow Flesh Nectarines,Morrisons Ready to Eat Yellow Flesh Nectarines4 per pack,£2.25,56.3p each,,fruit-veg
Morrisons Red Cabbage 450-1350g,Morrisons Red Cabbage 450-1350g,65p,,,fruit-veg
Morrisons Red Chillies ,Morrisons Red Chillies 50g,59p,£11.80 per kg,,fruit-veg
Morrisons Red Grapes ,Morrisons Red Grapes 170g,£1.15,67.6p per 100g,,fruit-veg
Morrisons Red Onions ,Morrisons Red Onions 1kg,99p,99p per kg,,fruit-veg
Morrisons Red Peppers,Morrisons Red Peppers3 per pack,£1.80,60p each,,fruit-veg
Morrisons Red Potatoes ,Morrisons Red Potatoes 2.5kg,£1.89,75.6p per kg,,fruit-veg
Morrisons Redskin Peanuts   ,Morrisons Redskin Peanuts   400g,£1.59,39.8p per 100g,Buy 2 for £2.50,fruit-veg
Morrisons Rhubarb ,Morrisons Rhubarb 400g,£2.69,£6.73 per kg,,fruit-veg
Morrisons Rice Noodles,Morrisons Rice Noodles225g,£1.49,66.2p per 100g,Buy 3 for £2.50,fruit-veg
Morrisons Ripe & Ready Conference Pears,Morrisons Ripe & Ready Conference Pears4 per pack,£1.89,47.3p each,Buy 3 for the Price of 2,fruit-veg
Morrisons Ripe & Ready To Eat Mango,Morrisons Ripe & Ready To Eat Mango2 per pack,£1.69,84.5p each,,fruit-veg
Morrisons Ripe And Ready Bananas,Morrisons Ripe And Ready Bananas5 per pack,99p,19.8p each,,fruit-veg
Morrisons Ripen At Home Bananas,Morrisons Ripen At Home Bananas5 per pack,99p,19.8p each,,fruit-veg
Morrisons Roasted & Salted Cashew & Peanuts,Morrisons Roasted & Salted Cashew & Peanuts65g,99p,£1.52 per 100g,Buy 2 for £1.50,fruit-veg
Morrisons Roasted Monkey Nuts ,Morrisons Roasted Monkey Nuts 200g,99p,49.5p per 100g,Buy 2 for £1.50,fruit-veg
Morrisons Rocket & Baby Leaf Salad,Morrisons Rocket & Baby Leaf Salad60g,89p,£1.48 per 100g,Buy 2 for £1,fruit-veg
Morrisons Romaine Lettuce Hearts ,Morrisons Romaine Lettuce Hearts 2 per pack,£1.09,54.5p each,,fruit-veg
Morrisons Round Lettuce ,Morrisons Round Lettuce ,58p,,"Offer price 58p, was 69p",fruit-veg
Morrisons Royal Gala Apples,Morrisons Royal Gala Apples6 per pack,£1.69,28.2p each,,fruit-veg
Morrisons Salad Cress ,Morrisons Salad Cress ,39p,,,fruit-veg
Morrisons Salad Onions (minimum 100g),Morrisons Salad Onions (minimum 100g),50p,,,fruit-veg
Morrisons Salad Tomatoes,Morrisons Salad Tomatoes,99p,,,fruit-veg
Morrisons Salted Pistachios,Morrisons Salted Pistachios260g,£3.15,£1.21 per 100g,,fruit-veg
Morrisons Samphire,Morrisons Samphire70g,£1.25,£17.86 per kg,,fruit-veg
Morrisons Savers Avocado,Morrisons Savers Avocado3 per pack,99p,33p each,,fruit-veg
Morrisons Savers Easy Peelers,Morrisons Savers Easy Peelers600g,99p,16.5p per 100g,,fruit-veg
Morrisons Savers Green Beans,Morrisons Savers Green Beans200g,77p,38.5p per 100g,,fruit-veg
Morrisons Savers Salad Peppers,Morrisons Savers Salad Peppers3 per pack,£1.35,45p each,,fruit-veg
Morrisons Savoy Cabbage,Morrisons Savoy Cabbage,19p,,"Offer price 19p, was 65p",fruit-veg
Morrisons Scotch Bonnet Chillies ,Morrisons Scotch Bonnet Chillies 50g,99p,£19.80 per kg,,fruit-veg
Morrisons Seedless Black Grapes,Morrisons Seedless Black Grapes400g,£1.69,£4.23 per kg,"Offer price £1.69, was £1.99",fruit-veg
Morrisons Seedless Grape Selection,Morrisons Seedless Grape Selection800g,£2.75,£3.44 per kg,,fruit-veg
Morrisons Seedless Grape Selection,Morrisons Seedless Grape Selection400g,£1.99,49.8p per 100g,Buy 3 for the Price of 2,fruit-veg
Morrisons Seedless Green Grapes,Morrisons Seedless Green Grapes400g,£1.99,£4.98 per kg,Buy 3 for the Price of 2,fruit-veg
Morrisons Seedless Red Grapes,Morrisons Seedless Red Grapes400g,£1.99,49.8p per 100g,Buy 3 for the Price of 2,fruit-veg
Morrisons Shallots ,Morrisons Shallots 300g,99p,£3.30 per kg,,fruit-veg
Morrisons Shredded Iceberg Lettuce,Morrisons Shredded Iceberg Lettuce80g,59p,73.8p per 100g,,fruit-veg
Morrisons Singapore Rice Noodles,Morrisons Singapore Rice Noodles275g,£1.49,54.2p per 100g,Buy 3 for £2.50,fruit-veg
Morrisons Sliced Curly Kale,Morrisons Sliced Curly Kale150g,79p,52.7p per 100g,,fruit-veg
Morrisons Sliced Greens ,Morrisons Sliced Greens 300g,£1.29,£4.30 per kg,,fruit-veg
Morrisons Sliced Leeks,Morrisons Sliced Leeks175g,99p,56.6p per 100g,,fruit-veg
Morrisons Sliced Mushrooms ,Morrisons Sliced Mushrooms 250g,£1.19,£4.76 per kg,,fruit-veg
Morrisons Small Sweet Apples,Morrisons Small Sweet Apples8 per pack,£1.45,18.1p each,,fruit-veg
Morrisons Snack Apple & Grape Bag,Morrisons Snack Apple & Grape Bag80g,49p,61.3p per 100g,Buy 3 for £1,fruit-veg
Morrisons Snack Apple Bag ,Morrisons Snack Apple Bag 80g,49p,61.3p per 100g,Buy 3 for £1,fruit-veg
Morrisons Snack Size Bananas,Morrisons Snack Size Bananas6 per pack,99p,16.5p each,,fruit-veg
Morrisons Soft Figs ,Morrisons Soft Figs 200g,£1.99,99.5p per 100g,,fruit-veg
Morrisons Spinach,Morrisons Spinach450g,£2.25,50p per 100g,,fruit-veg
Morrisons Spinach,Morrisons Spinach450g,£2.25,50p per 100g,,fruit-veg
"Morrisons Spinach, Rocket & Ruby Red Chard","Morrisons Spinach, Rocket & Ruby Red Chard100g",99p,99p per 100g,"Offer price 99p, was £1.19",fruit-veg
Morrisons Spring Greens ,Morrisons Spring Greens 500g,79p,£1.58 per kg,,fruit-veg
Morrisons Strawberries,Morrisons Strawberries350g,£2.29,£6.54 per kg,Buy 3 for the Price of 2,fruit-veg
Morrisons Strawberries ,Morrisons Strawberries 600g,£2.99,49.8p per 100g,,fruit-veg
"Morrisons Strawberry Mango, Raspberry & Apple ",Morrisons Strawberry Mang...210g,£2.25,£1.07 per 100g,,fruit-veg
Morrisons Stringless Beans ,Morrisons Stringless Beans 180g,£1.39,£7.72 per kg,Buy 2 for £2.50,fruit-veg
Morrisons Sugar Snap Peas ,Morrisons Sugar Snap Peas 150g,£1.39,£9.27 per kg,Buy 2 for £2.50,fruit-veg
Morrisons Sunflower Seeds ,Morrisons Sunflower Seeds 150g,99p,66p per 100g,,fruit-veg
Morrisons Sweet & Crispy Salad Bowl ,Morrisons Sweet & Crispy Salad Bowl 190g,£1.19,62.6p per 100g,,fruit-veg
Morrisons Sweet & Crunchy Salad,Morrisons Sweet & Crunchy Salad160g,69p,43.1p per 100g,,fruit-veg
Morrisons Sweet And Sour Stir Fry Sauce,Morrisons Sweet And Sour Stir Fry Sauce170g,£1.09,64.1p per 100g,Buy 3 for £2.50,fruit-veg
Morrisons Sweet Chilli Stir Fry Sauce,Morrisons Sweet Chilli Stir Fry Sauce170g,£1.09,64.1p per 100g,Buy 3 for £2.50,fruit-veg
Morrisons Sweetclem Easy Peelers,Morrisons Sweetclem Easy Peelers600g,£1.49,£2.48 per kg,Buy 3 for the Price of 2,fruit-veg
Morrisons Sweetheart Cabbage,Morrisons Sweetheart Cabbage,62p,,,fruit-veg
Morrisons Sweet Pears ,Morrisons Sweet Pears 4 per pack,99p,24.8p each,,fruit-veg
Morrisons Sweet Potatoes ,Morrisons Sweet Potatoes 1kg,£1.09,£1.09 per kg,"Offer price £1.09, was £1.19",fruit-veg
Morrisons Sweet Potato Mash,Morrisons Sweet Potato Mash300g,£1.99,£6.63 per kg,,fruit-veg
Morrisons Tangerines ,Morrisons Tangerines 600g,£1.49,£2.48 per kg,,fruit-veg
Morrisons Tango Box ,Morrisons Tango Box 1kg,£2.99,£2.99 per kg,,fruit-veg
Morrisons Teriyaki Stir Fry Sauce,Morrisons Teriyaki Stir Fry Sauce170g,£1.09,64.1p per 100g,Buy 3 for £2.50,fruit-veg
Morrisons The Best Asparagus Tips,Morrisons The Best Asparagus Tips125g,£1.99,£1.59 per 100g,,fruit-veg
Morrisons The Best Baking Potatoes ,Morrisons The Best Baking Potatoes 700g,£1.49,£2.13 per kg,,fruit-veg
Morrisons The Best Blood Oranges,Morrisons The Best Blood Oranges4 per pack,£1.99,49.8p each,,fruit-veg
Morrisons The Best Bloom And Rose,Morrisons The Best Bloom And Rose,£15,,,fruit-veg
Morrisons The Best Blueberries,Morrisons The Best Blueberries150g,£2.49,£16.60 per kg,Buy 2 for £4,fruit-veg
Morrisons The Best Chocolate & Fruit Nut Mix,Morrisons The Best Chocolate & Fruit Nut Mix225g,£2.99,£1.33 per 100g,,fruit-veg
Morrisons The Best Kalettes,Morrisons The Best Kalettes200g,£1.29,64.5p per 100g,,fruit-veg
Morrisons The Best Large Vine Tomatoes,Morrisons The Best Large Vine Tomatoes420g,£1.89,£4.50 per kg,,fruit-veg
Morrisons The Best Loose Passion Fruit,Morrisons The Best Loose Passion Fruit,79p,,Buy 3 for £2,fruit-veg
Morrisons The Best Mash Potatoes ,Morrisons The Best Mash Potatoes 450g,£1.99,£4.42 per kg,,fruit-veg
Morrisons The Best  Medjool Dates ,Morrisons The Best  Medjool Dates 165g,£2.65,£1.61 per 100g,,fruit-veg
Morrisons The Best Pears ,Morrisons The Best Pears 4 per pack,£1.99,49.8p each,,fruit-veg
Morrisons The Best Pea Shoots Purple Raddish & Garlic Chives,Morrisons The Best Pea Shoots Purpl...60g,£1.49,£2.48 per 100g,,fruit-veg
Morrisons The Best Piccolo Tomatoes ,Morrisons The Best Piccolo Tomatoes 220g,£1.79,£8.14 per kg,,fruit-veg
Morrisons The Best Plums,Morrisons The Best Plums4 per pack,£1.99,49.8p each,,fruit-veg
Morrisons The Best Raspberries ,Morrisons The Best Raspberries 150g,£2.49,£16.60 per kg,Buy 2 for £4,fruit-veg
Morrisons The Best Roasted Almonds,Morrisons The Best Roasted Almonds60g,£1.25,£2.08 per 100g,Buy 2 for £2,fruit-veg
Morrisons The Best Roasted Cashews ,Morrisons The Best Roasted Cashews 60g,£1.25,£2.08 per 100g,Buy 2 for £2,fruit-veg
Morrisons The Best Roasted Cashews,Morrisons The Best Roasted Cashews150g,£2.65,£1.77 per 100g,,fruit-veg
Morrisons The Best Roasted Nut Mix ,Morrisons The Best Roasted Nut Mix 180g,£2.99,£1.66 per 100g,,fruit-veg
Morrisons The Best Salad Potatoes,Morrisons The Best Salad Potatoes750g,£1.39,£1.85 per kg,,fruit-veg
Morrisons The Best Seedless Sable Grapes,Morrisons The Best Seedless Sable Grapes400g,£1.99,£4.98 per kg,,fruit-veg
Morrisons The Best Shallots ,Morrisons The Best Shallots 300g,99p,£3.30 per kg,,fruit-veg
Morrisons The Best Smitten Apples,Morrisons The Best Smitten Apples6 per pack,£1.99,33.2p each,,fruit-veg
Morrisons The Best Strawberries,Morrisons The Best Strawberries227g,£2.75,£1.21 per 100g,Buy 2 for £4,fruit-veg
Morrisons The Best Sugardrop Tomatoes,Morrisons The Best Sugardrop Tomatoes220g,£1.79,£8.14 per kg,,fruit-veg
Morrisons The Best Sweet Baby Peppers,Morrisons The Best Sweet Baby Peppers250g,£1.89,75.6p per 100g,,fruit-veg
Morrisons The Best Sweetclems With Leaf ,Morrisons The Best Sweetclems With Leaf 750g,£1.99,£2.65 per kg,,fruit-veg
Morrisons The Best Sweet Fiery Baby Beetroot ,Morrisons The Best Sweet Fiery Baby Beetroot 150g,£1.49,£9.93 per kg,,fruit-veg
Morrisons The Best Sweet Gem Lettuce ,Morrisons The Best Sweet Gem Lettuce 2 per pack,£1.39,69.5p each,,fruit-veg
Morrisons The Best Sweet Juniper And Black Pepper Beetroot,Morrisons The Best Sweet Juniper...150g,£1.49,99.3p per 100g,,fruit-veg
Morrisons The Best  Sweet Pointed Peppers ,Morrisons The Best  Sweet Pointed Peppers ,£1.35,,,fruit-veg
Morrisons The Best Tenderstem Broccoli,Morrisons The Best Tenderstem Broccoli200g,£1.99,£9.95 per kg,,fruit-veg
Morrisons The Best White Potatoes,Morrisons The Best White Potatoes2kg,99p,49.5p per kg,"Offer price 99p, was £1.99",fruit-veg
Morrisons The Best Woodland Mushrooms,Morrisons The Best Woodland Mushrooms150g,£1.49,£9.93 per kg,,fruit-veg
Morrisons Trail Mix,Morrisons Trail Mix200g,£1.49,74.5p per 100g,,fruit-veg
Morrisons Trimmed Beans ,Morrisons Trimmed Beans 170g,£1.39,£8.18 per kg,Buy 2 for £2.50,fruit-veg
Morrisons Trimmed Leeks ,Morrisons Trimmed Leeks 500g,£1.29,£2.58 per kg,"Offer price £1.29, was £1.49",fruit-veg
Morrisons Trimmed Mangetout ,Morrisons Trimmed Mangetout 155g,£1.39,£8.97 per kg,Buy 2 for £2.50,fruit-veg
Morrisons Trimmed Salad Onions ,Morrisons Trimmed Salad Onions 125g,89p,£7.12 per kg,,fruit-veg
Morrisons Unwaxed Lemons ,Morrisons Unwaxed Lemons 4 per pack,£1.15,28.8p each,,fruit-veg
Morrisons Vegetable Selection With Babycorn,Morrisons Vegetable Selection With Babycorn225g,£1.49,66.2p per 100g,,fruit-veg
Morrisons Vegetable Soup Kit,Morrisons Vegetable Soup Kit500g,99p,£1.98 per kg,,fruit-veg
Morrisons Vegetable Stir Fry,Morrisons Vegetable Stir Fry570g,£1.49,26.1p per 100g,,fruit-veg
Morrisons Vibrant Bouquet,Morrisons Vibrant Bouquet,£5.99,,,fruit-veg
Morrisons Vine Ripe Cherry Tomatoes ,Morrisons Vine Ripe Cherry Tomatoes 225g,£1.35,£6.00 per kg,,fruit-veg
Morrisons Vine Ripened Large Tomatoes,Morrisons Vine Ripened Large Tomatoes,£1.49,,,fruit-veg
Morrisons Vine Ripened Medium Tomatoes Minimum 7 ,Morrisons Vine Ripened Medi...,£1.39,,,fruit-veg
Morrisons Walnuts,Morrisons Walnuts180g,£2.49,£13.83 per kg,Buy 2 for £4,fruit-veg
Morrisons Watercress,Morrisons Watercress70g,£1.19,£1.70 per 100g,,fruit-veg
"Morrisons Watercress, Spinach & Rocket","Morrisons Watercress, Spinach & Rocket60g",99p,£1.65 per 100g,,fruit-veg
Morrisons Watermelon ,Morrisons Watermelon 300g,£2.25,75p per 100g,,fruit-veg
Morrisons Watermelon Fans,Morrisons Watermelon Fans95g,49p,51.6p per 100g,Buy 3 for £1,fruit-veg
Morrisons Watermelon Portion,Morrisons Watermelon Portion,£1.49,,,fruit-veg
Morrisons Watermelon Wedges,Morrisons Watermelon Wedges550g,£2.99,54.4p per 100g,,fruit-veg
Morrisons White Cabbage,Morrisons White Cabbage,65p,,,fruit-veg
Morrisons  White Potatoes,Morrisons  White Potatoes2.5kg,£1.25,50p per kg,"Offer price £1.25, was £1.29",fruit-veg
Morrisons Whole Cantaloupe Melon ,Morrisons Whole Cantaloupe Melon ,£1.89,,,fruit-veg
Morrisons Wholefoods Pumpkin Seeds ,Morrisons Wholefoods Pumpkin Seeds 300g,£3.29,£1.10 per 100g,,fruit-veg
Morrisons Whole Galia Melon ,Morrisons Whole Galia Melon ,£1.89,,,fruit-veg
Morrisons Whole Honeydew Melon,Morrisons Whole Honeydew Melon,£1.79,,,fruit-veg
Morrisons Whole Swede ,Morrisons Whole Swede ,79p,,,fruit-veg
Morrisons Whole Watermelon ,Morrisons Whole Watermelon ,£3.49,,,fruit-veg
Morrisons Wild Rocket ,Morrisons Wild Rocket 60g,99p,£16.50 per kg,,fruit-veg
Morrisons Winter Broth With Pearl Barley,Morrisons Winter Broth With Pearl Barley600g,£1.59,£2.65 per kg,,fruit-veg
Morrisons Winter Fruit Bowl,Morrisons Winter Fruit Bowl400g,£2.99,74.8p per 100g,,fruit-veg
Morrisons Wonky Apples Minimum,Morrisons Wonky Apples Minimum5 per pack,75p,15p each,,fruit-veg
Morrisons Wonky Asparagus ,Morrisons Wonky Asparagus 150g,89p,£5.93 per kg,,fruit-veg
Morrisons Wonky Berry Mix,Morrisons Wonky Berry Mix1kg,£2.99,£2.99 per kg,,fruit-veg
Morrisons  Wonky Blueberries,Morrisons  Wonky Blueberries125g,99p,79.2p per 100g,,fruit-veg
Morrisons Wonky Carrots,Morrisons Wonky Carrots1kg,40p,40p per kg,,fruit-veg
Morrisons Wonky Dates,Morrisons Wonky Dates500g,£2.49,49.8p per 100g,,fruit-veg
Morrisons Wonky Green Grapes ,Morrisons Wonky Green Grapes 500g,£1.49,£2.98 per kg,,fruit-veg
Morrisons Wonky Lemons ,Morrisons Wonky Lemons 4 per pack,55p,13.8p each,,fruit-veg
Morrisons Wonky Mixed Nuts ,Morrisons Wonky Mixed Nuts 200g,99p,£4.95 per kg,,fruit-veg
Morrisons Wonky Onions,Morrisons Wonky Onions1kg,55p,55p per kg,,fruit-veg
Morrisons Wonky Parsnips,Morrisons Wonky Parsnips500g,50p,£1.00 per kg,,fruit-veg
Morrisons Wonky Pears (min 4),Morrisons Wonky Pears (min 4),70p,,,fruit-veg
Morrisons Wonky Potatoes,Morrisons Wonky Potatoes2.5kg,£1.19,47.6p per kg,,fruit-veg
Morrisons Wonky Potatoes,Morrisons Wonky Potatoes1kg,95p,95p per kg,,fruit-veg
Morrisons Wonky Raspberries,Morrisons Wonky Raspberries150g,£1.79,£1.19 per 100g,,fruit-veg
Morrisons Wonky Red Grapes ,Morrisons Wonky Red Grapes 500g,£1.49,£2.98 per kg,,fruit-veg
Morrisons Wonky Ripen At Home Mangos ,Morrisons Wonky Ripen At Home Mangos 1kg,£1.99,£1.99 per kg,,fruit-veg
Morrisons Wonky Strawberries,Morrisons Wonky Strawberries227g,£1.49,£6.56 per kg,,fruit-veg
Morrisons Wonky Sweet Potatoes,Morrisons Wonky Sweet Potatoes500g,69p,£1.38 per kg,,fruit-veg
Morrisons Yellow Plums Punnet,Morrisons Yellow Plums Punnet400g,£1.99,£4.98 per kg,,fruit-veg
Savers Cherry Tomatoes,Savers Cherry Tomatoes250g,65p,26p per 100g,,fruit-veg
Savers Oranges,Savers Oranges5 per pack,80p,16p each,,fruit-veg
Soft Pitted Dates,Soft Pitted Dates200g,£1.99,99.5p per 100g,,fruit-veg
Anadin Extra,Anadin Extra16 per pack,£1.80,11.3p each,"Offer price £1.80, was £2.19",health-wellbeing-medicines
Canesten Thrush Combi Internal & External Cream,Canesten Thrush C...,£13.00,,,health-wellbeing-medicines
Centrum Immunity & Cell Protection Tablets,Centrum Immunit...60 per pack,£7.50,12.5p each,,health-wellbeing-medicines
"NiQuitin Clear Patch - Step 1 21mg, 14 Nicotine Patches - Stop Smoking Aid",NiQuitin Clear Patc...14 per pack,£20.00,£1.43 each,,health-wellbeing-medicines
Berocca Energy Food Supplement Orange Effervescent Tablets,Berocca Energ...15 per pack,£4.25,28.3p each,"Offer price £4.25, was £5",health-wellbeing-medicines
Clarityn Allergy Tablets 10mg Loratadine Allergy and Hayfever Relief,Clarityn Allergy Tabl...30 per pack,£5.20,17.4p each,"Offer price £5.20, was £10.40",health-wellbeing-medicines
Anadin Paracetamol      ,Anadin Paracetamol      16 per pack,£1.50,9.4p each,,health-wellbeing-medicines
Canescool Soothing Cream Gel,Canescool Soo...15g,£6.00,£40.00 per 100g,,health-wellbeing-medicines
Centrum Advance Tablets,Centrum A...30 per pack,£4.50,15p each,,health-wellbeing-medicines
"NiQuitin Clear Patch -Step 1 21mg, 7 Nicotine Patches - Stop Smoking Aid",NiQuitin Clear Patc...7 per pack,£14.00,£2.00 each,,health-wellbeing-medicines
Canestest Self-Test for Vaginal Infections,Canestest Self-Test for...,£7.50,,,health-wellbeing-medicines
Centrum Advance 50+ Multivitamins,Centrum Advance 5...30 per pack,£4.50,15p each,,health-wellbeing-medicines
Scholl Cracked Heel Cream,Scholl Cracked Heel Cream60ml,£5.00,£8.33 per 100ml,,health-wellbeing-medicines
CanesOasis Cystitis Relief 4g Granules for Oral Solution Cranberry Flavour,CanesOasis Cystitis...6 per pack,£5.65,94.2p each,,health-wellbeing-medicines
Rennie Sugar-Free Heartburn & Indigestion Chewable Tablets,Rennie Sugar-Free...24 per pack,£2.20,9.2p each,,health-wellbeing-medicines
Centrum Advance For Men,Centrum A...30 per pack,£6.50,21.7p each,,health-wellbeing-medicines
Anadin Joint Pain Tablets 200mg,Anadin Joint Pa...16 per pack,£2.20,13.8p each,,health-wellbeing-medicines
 Canesbalance Bacterial Vaginosis Vaginal Gel, Canesbalance Bac...7 per pack,£14.00,£2.00 each,,health-wellbeing-medicines
Niquitin Minis Mint 1.5Mg 100 Lozenges,Niquitin Minis Mint...,£22.00,,,health-wellbeing-medicines
Rennie Orange Heartburn & Indigestion Chewable Tablets,Rennie Orange H...24 per pack,£2.20,9.2p each,,health-wellbeing-medicines
Carex Antibacterial Moisture Plus Handwash,Carex Antibacte...250ml,£1.20,48p per 100ml,,health-wellbeing-medicines
Colgate Cavity Protection Toothpaste,Colgate Cavity Prot...75ml,£1.50,£2.00 per 100ml,,health-wellbeing-medicines
Radox  Feel Awake for Men Shower Gel,Radox  Feel Awake f...250ml,£1.00,40p per 100ml,,health-wellbeing-medicines
Niquitin Minis Mint 4Mg 100 Lozenges,Niquitin Minis Mint 4Mg 100 Lozenges100 per pack,£19.80,19.8p each,,health-wellbeing-medicines
Centrum Men 50 Plus MultiVitamins,Centrum Men 50 Plus MultiVitamins30 per pack,£5.00,16.7p each,"Offer price £5, was £6.50",health-wellbeing-medicines
Canesten Thrush Combi Soft Gel Pessary & External Cream,Canesten Thrush Combi...100g,£16.00,£16.00 per 100g,,health-wellbeing-medicines
"NiQuitin Mini Mint Nicotine Lozenges -4mg, 60 Minis - Stop Smoking Aid",NiQuitin Mini Mint Nicotine L...60 per pack,£16.00,26.7p each,,health-wellbeing-medicines
Rennie Spearmint Heartburn & Indigestion Chewable Tablets,Rennie Spearmint Heartb...72 per pack,£5.45,7.6p each,,health-wellbeing-medicines
Beconase Hayfever Relief Nasal Spray - Non-drowsy - 100 Sprays,Beconase Hayfever Relief Nasal Spra...100ml,£6,£6.00 per 100ml,,health-wellbeing-medicines
Centrum Women 50 Plus MultiVitamins,Centrum Women 50 Plus MultiVitamins30 per pack,£5,16.7p each,"Offer price £5, was £6.50",health-wellbeing-medicines
Panadol Extra Soluble,Panadol Extra Soluble24 per pack,£5.25,21.9p each,,health-wellbeing-medicines
Voltarol Back & Muscle Pain Relief Gel,Voltarol Back & Muscle Pain Relief Gel100g,£15,£15.00 per 100g,,health-wellbeing-medicines
Voltarol Joint Pain Relief Gel,Voltarol Joint Pain Relief Gel50g,£11,£22.00 per 100g,,health-wellbeing-medicines
Voltarol Pain-Eze Emugel,Voltarol Pain-Eze Emugel100g,£11,£11.00 per 100g,"Offer price £11, was £13",health-wellbeing-medicines
4 Head Headache Treatment  ,4 Head Headache Treatment  3.6g,£3.50,£97.22 per 100g,"Offer price £3.50, was £4.50",health-wellbeing-medicines
Abidec Kid Multivitamin Syrup - Food Supplement Suitable for Kids Aged 1-5 ,Abidec Kid Multivitamin Syrup - Food Suppleme...150ml,£4.50,£3.00 per 100ml,,health-wellbeing-medicines
Adonis Hazelnut Crunch & Cocoa High Protein Keto Bar,Adonis Hazelnut Crunch & Coco...45g,£1.70,£3.77 per 100g,"Offer price £1.70, was £2",health-wellbeing-medicines
Adonis Peanut Butter & Cocoa High Protein Keto Bar ,Adonis Peanut Butter & Cocoa...45g,£1.70,£3.77 per 100g,"Offer price £1.70, was £2",health-wellbeing-medicines
Alka-Seltzer Original Aspirin Pain Relief Soluble Tablets,Alka-Seltzer Original Aspirin Pai...,£2,,,health-wellbeing-medicines
Allevia 120mg Tablets ,Allevia 120mg Tablets 15 per pack,£6,40p each,,health-wellbeing-medicines
Allevia 120mg Tablets,Allevia 120mg Tablets30 per pack,£10.50,35p each,,health-wellbeing-medicines
Always Discreet Boutique Incontinence Pants Medium,Always Discreet Boutique In...9 per pack,£8,88.9p each,"Offer price £8, was £9",health-wellbeing-medicines
Always Discreet Boutique Incontinence Pants Plus Large Black 8 pack,Always Discreet Boutique Incontinence P...8 per pack,£8,£1.00 each,"Offer price £8, was £9",health-wellbeing-medicines
Always Discreet Boutique Incontinence Pants Plus Medium Peach 9 pack,Always Discreet Boutique Incontinence P...9 per pack,£8,88.9p each,"Offer price £8, was £9",health-wellbeing-medicines
Always Discreet For Sensitive Bladder Long Plus Pads Value Pack,Always Discreet For Sensitive Bladder...16 per pack,£4.70,29.4p each,Buy 2 for £9,health-wellbeing-medicines
Always Discreet Incontinence Liners Long For Sensitive Bladder 20 pack,Always Discreet Incontinence...20 per pack,£2.25,11.3p each,Buy 2 for £4,health-wellbeing-medicines
Always Discreet Incontinence Liners Normal For Sensitive Bladder 24 pack,Always Discreet Incontinence Li...24 per pack,£2.25,9.4p each,Buy 2 for £4,health-wellbeing-medicines
Always Discreet Incontinence Pads+ Long for Sensitive Bladder 10 pack,Always Discreet Incontinence...10 per pack,£2.75,27.5p each,Buy 2 for £5,health-wellbeing-medicines
Always Discreet Incontinence Pads+ Long For Sensitive Bladder 20 pack,Always Discreet Incontinence...20 per pack,£4.70,23.5p each,Buy 2 for £9,health-wellbeing-medicines
Always Discreet Incontinence Pads+ Long Plus Sensitive Bladder 8 pack,Always Discreet Incontinence...8 per pack,£2.75,34.4p each,Buy 2 for £5,health-wellbeing-medicines
Always Discreet Incontinence Pads Normal for Sensitive Bladder 12 pack,Always Discreet Incontinence...12 per pack,£2.75,22.9p each,Buy 2 for £5,health-wellbeing-medicines
Always Discreet Incontinence Pads Normal For Sensitive Bladder 24 pack,Always Discreet Incontinence...24 per pack,£4.70,19.6p each,Buy 2 for £9,health-wellbeing-medicines
Always Discreet Incontinence Pads Small for Sensitive Bladder 20 pack,Always Discreet Incontinence...20 per pack,£2.75,13.8p each,Buy 2 for £5,health-wellbeing-medicines
Always Discreet Incontinence Pants Plus Black,Always Discreet Incontine...9 per pack,£8,88.9p each,"Offer price £8, was £8.75",health-wellbeing-medicines
Always Discreet Underwear Boutique Incontinence Pants Plus Large 8 pack,Always Discreet Underwear Bou...8 per pack,£8,£1.00 each,"Offer price £8, was £9",health-wellbeing-medicines
Always Discreet Underwear Incontinence Pants Normal Large 10 pack,Always Discreet Underwear I...10 per pack,£9,90p each,,health-wellbeing-medicines
Always Discreet Underwear Incontinence Pants Normal Medium 12 pack,Always Discreet Underwear I...12 per pack,£9,75p each,,health-wellbeing-medicines
Always Discreet Underwear Incontinence Pants Plus Large 8 pack,Always Discreet Underwear Incontine...8 per pack,£9,£1.13 each,,health-wellbeing-medicines
Always Discreet Underwear Incontinence Pants Plus M 9 pack,Always Discreet Underwear Inconti...9 per pack,£9,£1.00 each,,health-wellbeing-medicines
Always Discreet Underwear Incontinence Pants Plus XL 7 pack,Always Discreet Underwear Inconti...7 per pack,£9,£1.29 each,,health-wellbeing-medicines
Anadin Extra,Anadin Extra16 per pack,£1.80,11.3p each,"Offer price £1.80, was £2.19",health-wellbeing-medicines
Anadin Extra Soluble 12 Soluble Tablets,Anadin Extra Soluble 12 Soluble Tablets,£3.50,,,health-wellbeing-medicines
Anadin Joint Pain Tablets 200mg,Anadin Joint Pain Tablets 200mg16 per pack,£2.20,13.8p each,,health-wellbeing-medicines
Anadin Original Caplets,Anadin Original Caplets16 per pack,£1.65,10.3p each,,health-wellbeing-medicines
Anadin Paracetamol      ,Anadin Paracetamol      16 per pack,£1.50,9.4p each,,health-wellbeing-medicines
Anadin Ultra Gel Caps,Anadin Ultra Gel Caps16 per pack,£3,18.8p each,,health-wellbeing-medicines
Andrews Original Salts,Andrews Original Salts150g,£5,£3.33 per 100g,,health-wellbeing-medicines
Anusol Haemorrhoid Treatment Cream,Anusol Haemorrhoid Treatment Cream23g,£4.30,£18.70 per 100g,,health-wellbeing-medicines
Anusol Natural Cream,Anusol Natural Cream30g,£7,£23.33 per 100g,,health-wellbeing-medicines
Anusol Soothing Relief Ointment ,Anusol Soothing Relief Ointment 15g,£6.20,£41.33 per 100g,,health-wellbeing-medicines
Anusol Soothing Relief Suppositories,Anusol Soothing Relief Suppositories12 per pack,£6.80,56.7p each,,health-wellbeing-medicines
Anusol Suppositories,Anusol Suppositories12 per pack,£4.50,37.5p each,,health-wellbeing-medicines
Aveeno Dermexa Daily Emollient Body Wash ,Aveeno Dermexa Daily Emollient Body Wash 300ml,£11,£3.67 per 100ml,,health-wellbeing-medicines
Aveeno Dermexa Daily Emollient Cream ,Aveeno Dermexa Daily Emollient Cream 200ml,£10.50,£5.25 per 100ml,,health-wellbeing-medicines
Balance Activ Bv Pessaries  ,Balance Activ Bv Pessaries  7 per pack,£8.20,£1.17 each,"Offer price £8.20, was £10.20",health-wellbeing-medicines
Balance Active BV Gel,Balance Active BV Gel7 per pack,£8,£1.14 each,,health-wellbeing-medicines
Barebells Salt Peanut Protein Bar,Barebells Salt Peanut Protein Bar55g,£2.50,£4.55 per 100g,,health-wellbeing-medicines
Bassetts 12-18 Years Multi Vitamins Orange & Passionfruit ,Bassetts 12-18 Years Multi Vitami...30 per pack,£6.25,20.8p each,,health-wellbeing-medicines
Bassetts 3-6 Multi Vitamins & Omega 3 Blackcurrant & Apple,Bassetts 3-6 Multi Vitamins & Ome...30 per pack,£5.75,19.2p each,,health-wellbeing-medicines
Bassetts 3-6 Multivitamin Strawberry ,Bassetts 3-6 Multivitamin Strawberry 30 per pack,£4.49,15p each,,health-wellbeing-medicines
Bassetts 7-11 Multivitamin Raspberry,Bassetts 7-11 Multivitamin Raspberry30 per pack,£5.75,19.2p each,,health-wellbeing-medicines
Bassetts Adult Multi Vitamin Raspberry & Pomegranate,Bassetts Adult Multi Vitamin...30 per pack,£6,20p each,,health-wellbeing-medicines
Bassetts Adult Multi Vitamins Raspberry & Pomegranate Flavour,Bassetts Adult Multi Vitamins Raspb...60 per pack,£10,16.7p each,,health-wellbeing-medicines
Bassetts Vitamins Immune Support 7-11 Years Orange Flavour 30 Chewies,Bassetts Vitamins Immune Supp...,£5.25,,,health-wellbeing-medicines
Bazuka Extra Strength Gel,Bazuka Extra Strength Gel6g,£7.50,£125.00 per 100g,"Offer price £7.50, was £10",health-wellbeing-medicines
Bazuka Sub - Zero,Bazuka Sub - Zero50ml,£15,£30.00 per 100ml,,health-wellbeing-medicines
Bazuka Treatment Gel,Bazuka Treatment Gel6g,£4.70,£78.33 per 100g,"Offer price £4.70, was £6",health-wellbeing-medicines
"Becocleanse Nasal Spray - Daily Hygiene, Runny Nose & Allergy Prevention","Becocleanse Nasal Spray - Daily Hygiene, Ru...135ml",£8,£5.93 per 100ml,,health-wellbeing-medicines
Becodefence Allergy Defence Nasal Spray - Non-drowsy - 120 sprays,Becodefence Allergy Defence Nasal Spr...20ml,£10,£50.00 per 100ml,,health-wellbeing-medicines
Becodefence Plus Allergy Defence Nasal Spray - Non-drowsy - 120 sprays,Becodefence Plus Allergy Defence Nasal Sp...20ml,£12,£60.00 per 100ml,,health-wellbeing-medicines
Beconase Hayfever Relief Nasal Spray - Non-drowsy - 100 Sprays,Beconase Hayfever Relief Nasal Spra...100ml,£6,£6.00 per 100ml,,health-wellbeing-medicines
Beechams All-in-One Tablets,Beechams All-in-One Tablets16 per pack,£4,25p each,,health-wellbeing-medicines
Beechams Breathe Clear Hot Honey & Lemon Sachets,Beechams Breathe Clear Hot...10 per pack,£3.50,35p each,,health-wellbeing-medicines
Beechams Flu Plus Caplets,Beechams Flu Plus Caplets16 per pack,£3.85,24.1p each,,health-wellbeing-medicines
Beechams Powder Sachets,Beechams Powder Sachets10 per pack,£2.60,26p each,,health-wellbeing-medicines
Beechams Ultra All In One Capsules,Beechams Ultra All In One Capsules16 per pack,£5.75,35.9p each,,health-wellbeing-medicines
Bell's Healthcare Children's Cough Relief,Bell's Healthcare Children's Cough Relief200ml,£1.90,95p per 100ml,,health-wellbeing-medicines
Benacort Steroid Nasal Spray,Benacort Steroid Nasal Spray10ml,£6.50,£65.00 per 100ml,"Offer price £6.50, was £10",health-wellbeing-medicines
Benadryl Allergy Natural Relief Spray,Benadryl Allergy Natural Relief Spray15ml,£6,£40.00 per 100ml,,health-wellbeing-medicines
Benadryl Allergy Relief,Benadryl Allergy Relief12 per pack,£4.75,39.6p each,,health-wellbeing-medicines
Benadryl Allergy Relief 24 Capsules,Benadryl Allergy Relief 24 Capsules24 per pack,£7.20,30p each,"Offer price £7.20, was £9",health-wellbeing-medicines
Benadryl For Children Allergy Solution,Benadryl For Children Allergy Solution70ml,£6,£8.57 per 100ml,,health-wellbeing-medicines
Benadryl One a Day Relief,Benadryl One a Day Relief14 per pack,£6.50,46.4p each,,health-wellbeing-medicines
Benadryl One A Day Tablets ,Benadryl One A Day Tablets 30 per pack,£6.50,21.7p each,"Offer price £6.50, was £10",health-wellbeing-medicines
Benylin Chesty Coughs Non-Drowsy Liquid,Benylin Chesty Coughs Non-Drowsy Liquid150ml,£5,£3.33 per 100ml,,health-wellbeing-medicines
Benylin Childrens Cough Syrup Apple,Benylin Childrens Cough Syrup Apple125ml,£4,£3.20 per 100ml,,health-wellbeing-medicines
Benylin Dry & Tickly Cough Syrup,Benylin Dry & Tickly Cough Syrup300ml,£8.90,£2.97 per 100ml,,health-wellbeing-medicines
Benylin Herbal Chesty Cough Sugar Free,Benylin Herbal Chesty Cough Sugar Free100ml,£6.50,£6.50 per 100ml,,health-wellbeing-medicines
Benylin Menthol Max,Benylin Menthol Max150ml,£5,£3.33 per 100ml,,health-wellbeing-medicines
Benylin Mucus Cough Honey & Lemon,Benylin Mucus Cough Honey & Lemon150ml,£5,£3.33 per 100ml,,health-wellbeing-medicines
Benylin Mucus Cough Max Honey & Lemon Syrup ,Benylin Mucus Cough Max Honey & Lemon Syrup 300ml,£8.90,£2.97 per 100ml,,health-wellbeing-medicines
Bepanthen Tattoo Intense Care Ointment,Bepanthen Tattoo Intense Care Ointment50g,£6.50,£13.00 per 100g,,health-wellbeing-medicines
Berocca Boost + Guarana Acerola Cherry 10 Effervescent Tablets,Berocca Boost + Guarana Acerola Che...10 per pack,£4.50,45p each,"Offer price £4.50, was £6",health-wellbeing-medicines
Berocca Energy Food Supplement Blackcurrant Effervescent Tablets,Berocca Energy Food Supplement Blackc...15 per pack,£4.25,28.3p each,"Offer price £4.25, was £5",health-wellbeing-medicines
Berocca Energy Food Supplement Blackcurrant Effervescent Tablets,Berocca Energy Food Supplement Blackc...45 per pack,£13.65,30.3p each,,health-wellbeing-medicines
Berocca Energy Food Supplement Mango Effervescent Tablets,Berocca Energy Food Supplement Ma...15 per pack,£4.25,28.3p each,"Offer price £4.25, was £5",health-wellbeing-medicines
Berocca Energy Food Supplement Mango Effervescent Tablets,Berocca Energy Food Supplement Ma...45 per pack,£13.65,30.3p each,,health-wellbeing-medicines
Berocca Energy Food Supplement Mixed Berry Effervescent Tablets,Berocca Energy Food Supplement Mixed...15 per pack,£4.25,28.3p each,"Offer price £4.25, was £5",health-wellbeing-medicines
Berocca Energy Food Supplement Orange Effervescent Tablets,Berocca Energy Food Supplement Or...15 per pack,£4.25,28.3p each,"Offer price £4.25, was £5",health-wellbeing-medicines
Berocca Immuno - Energy & Immune Support 15 Tablets,Berocca Immuno - Energy & Imm...15 per pack,£7.50,50p each,,health-wellbeing-medicines
Berocca Orange Effervescent Energy Vitamin Tablets,Berocca Orange Effervescent...45 per pack,£13.65,30.3p each,,health-wellbeing-medicines
BetterYou B-Complete Oral Spray,BetterYou B-Complete Oral Spray25ml,£14.95,£59.80 per 100ml,,health-wellbeing-medicines
BetterYou Children's Health Daily Oral Spray,BetterYou Children's Health Daily Oral Spray25ml,£15.15,£6.06 per 10ml,,health-wellbeing-medicines
BetterYou Conception Daily Oral Spray,BetterYou Conception Daily Oral Spray25ml,£15.15,£6.06 per 10ml,,health-wellbeing-medicines
BetterYou D1000 Vegan Vitamin D Oral Spray  ,BetterYou D1000 Vegan Vitamin D Oral Spray  15ml,£9.95,£66.33 per 100ml,,health-wellbeing-medicines
BetterYou D400 Kid's Vitamin D Daily Oral Spray 3yrs+ ,BetterYou D400 Kid's Vitamin D...15ml,£6.50,£43.33 per 100ml,,health-wellbeing-medicines
BetterYou D400 Kid's Vitamin D Daily Oral Spray under 3yrs,BetterYou D400 Kid's Vitamin D Da...15ml,£6,£40.00 per 100ml,,health-wellbeing-medicines
Betteryou Dlux 1000 Vitamin D Daily Oral Spray,Betteryou Dlux 1000 Vitam...15ml,£7,£4.67 per 10ml,,health-wellbeing-medicines
Betteryou Dlux 3000 Vitamin D Oral Spray,Betteryou Dlux 3000 Vitamin D Oral Spray15ml,£8,£5.33 per 10ml,,health-wellbeing-medicines
"BetterYou Hair, Skin & Nails Daily Oral Spray","BetterYou Hair, Skin & Nails Daily Oral Spray25ml",£20.25,£8.10 per 10ml,,health-wellbeing-medicines
BetterYou Immune Health Daily Oral Spray,BetterYou Immune Health Daily Oral Spray50ml,£12.50,£25.00 per 100ml,,health-wellbeing-medicines
BetterYou Iron 10 Daily Oral Spray ,BetterYou Iron 10 Daily Oral Spray 25ml,£14.95,£59.80 per 100ml,,health-wellbeing-medicines
Betteryou Iron Daily Oral Spray,Betteryou Iron Daily Oral Spray25ml,£10,£4.00 per 10ml,,health-wellbeing-medicines
BetterYou Magnesium Oil Body Spray,BetterYou Magnesium Oil Body Spray100ml,£12.50,£12.50 per 100ml,,health-wellbeing-medicines
BetterYou Magnesium Sleep Lotion,BetterYou Magnesium Sleep Lotion180ml,£9.95,£5.53 per 100ml,,health-wellbeing-medicines
Betteryou Multivitamin Daily Oral Spray,Betteryou Multivitamin Daily Oral Spray25ml,£10,£4.00 per 10ml,,health-wellbeing-medicines
BetterYou Pregnancy Daily Oral Spray,BetterYou Pregnancy Daily Oral Spray25ml,£15.15,£6.06 per 10ml,,health-wellbeing-medicines
BetterYou Vitamin D & K2 Daily Oral Spray  ,BetterYou Vitamin D & K2 Daily Oral Spray  12ml,£9.95,£82.92 per 100ml,,health-wellbeing-medicines
Bio-Kult Advanced Multi Action Formulation,Bio-Kult Advanced Multi Action Formulation30 per pack,£10.50,35p each,,health-wellbeing-medicines
Bio-Synergy Beauty From Within Gummies,Bio-Synergy Beauty From Within Gummies60 per pack,£26.30,43.8p each,,health-wellbeing-medicines
Bio-Synergy Body Perfect Fat Burner Capsules,Bio-Synergy Body Perfect Fat Burner Capsules60 per pack,£20,33.3p each,,health-wellbeing-medicines
Bio-Synergy Body Perfect Gummies,Bio-Synergy Body Perfect Gummies60 per pack,£26.30,43.8p each,,health-wellbeing-medicines
Bio-Synergy Chocolate Whey Better Protein Powder,Bio-Synergy Chocolate Whey...750g,£38.50,£5.13 per 100g,,health-wellbeing-medicines
Bio-Synergy Green Tea and Green Coffee Tea Capsules,Bio-Synergy Green Tea and Gre...90 per pack,£22,24.4p each,,health-wellbeing-medicines
Bio-Synergy Strawberry Whey Better Protein Powder,Bio-Synergy Strawberry Whey...750g,£38.50,£5.13 per 100g,,health-wellbeing-medicines
Bio-Synergy Vanilla Whey Better Protein Powder,Bio-Synergy Vanilla Whey Better Protein Powder750g,£38.50,£5.13 per 100g,,health-wellbeing-medicines
Bio-Synergy Whey Hey Brazilian Coffee Protein Powder,Bio-Synergy Whey Hey Brazilia...908g,£30,£3.30 per 100g,,health-wellbeing-medicines
Bio-Synergy Whey Hey Coconut Protein Powder,Bio-Synergy Whey Hey Coconut Protein Powder908g,£30,£3.30 per 100g,,health-wellbeing-medicines
Bio360 OptiGUT-C (15 Billion Bacteria) Powder from Natures Aid,Bio360 OptiGUT-C (15 Billion Bacter...120g,£15,£12.50 per 100g,,health-wellbeing-medicines
Bio360 Pro-100 Ultra Capsules from Natures Aid,Bio360 Pro-100 Ultra Caps...30 per pack,£45,£1.50 each,,health-wellbeing-medicines
Bioglan Active Curcumin,Bioglan Active Curcumin30 per pack,£24.99,83.3p each,,health-wellbeing-medicines
Bioglan Active Magnesium Tablets,Bioglan Active Magnesium Tablets120 per pack,£16.99,14.2p each,,health-wellbeing-medicines
Bioglan Beauty Collagen Tablets,Bioglan Beauty Collagen Tablets90 per pack,£22.99,25.5p each,,health-wellbeing-medicines
Bioglan Biotic Balance Dark Chocballs ,Bioglan Biotic Balance Dark Chocballs 75g,£14,£1.87 per 10g,,health-wellbeing-medicines
Bioglan Biotic Balance Gummies,Bioglan Biotic Balance Gummies30 per pack,£13.75,45.8p each,,health-wellbeing-medicines
Bioglan Biotic Balance Kid's Milk Chocballs  ,Bioglan Biotic Balance Kid's Milk Chocballs  75g,£9.50,£1.27 per 10g,,health-wellbeing-medicines
Bioglan Biotic Balance Ultimate Flora Capsules ,Bioglan Biotic Balance Ultimate Flora Capsules 30 per pack,£20,66.7p each,,health-wellbeing-medicines
Bioglan Curcumin Gummies,Bioglan Curcumin Gummies30 per pack,£13.75,45.8p each,,health-wellbeing-medicines
Bioglan Smart Kid's Brain Formula Omega-3 Capsules ,Bioglan Smart Kid's Brain For...30 per pack,£9.99,33.3p each,,health-wellbeing-medicines
Bioglan SmartKids Vitagummies Happy Tummies  ,Bioglan SmartKids Vitagum...30 per pack,£7,23.3p each,,health-wellbeing-medicines
Bioglan SmartKids Vitagummies Iron ,Bioglan SmartKids Vitagummies Iron 30 per pack,£7,23.3p each,,health-wellbeing-medicines
Bioglan SmartKids Vitagummies Vitamin D  ,Bioglan SmartKids Vitagummies Vitamin D  30 per pack,£7,23.3p each,,health-wellbeing-medicines
"Bioglan VitaGummies for Adults, Womens Multivitamins",Bioglan VitaGummies for Adult...60 per pack,£9.99,16.7p each,,health-wellbeing-medicines
Bio Kult Infantis,Bio Kult Infantis16 per pack,£13,81.3p each,,health-wellbeing-medicines
Biona Organic Date Syrup ,Biona Organic Date Syrup 350g,£3.70,£1.06 per 100g,,health-wellbeing-medicines
Biona Organic Kimchi,Biona Organic Kimchi350g,£4,£1.14 per 100g,,health-wellbeing-medicines
Biona Organic Sauerkraut ,Biona Organic Sauerkraut 360g,£2,55.6p per 100g,,health-wellbeing-medicines
Biona Organic Seitan Pieces,Biona Organic Seitan Pieces350g,£3.50,£1.00 per 100g,,health-wellbeing-medicines
Biona Organic Tempeh ,Biona Organic Tempeh 400g,£3,75p per 100g,,health-wellbeing-medicines
Biona Peanut Butter,Biona Peanut Butter250g,£3,£1.20 per 100g,,health-wellbeing-medicines
Biona Spelt Fusilli Wholegrain,Biona Spelt Fusilli Wholegrain500g,£2.50,50p per 100g,,health-wellbeing-medicines
Biona Spelt Spaghetti Wholegrain,Biona Spelt Spaghetti Wholegrain500g,£2.50,50p per 100g,,health-wellbeing-medicines
Blistex Lipcare Intensive Moisuriser ,Blistex Lipcare Intensive Moisuriser 5g,£2.50,£50.00 per 100g,,health-wellbeing-medicines
Blistex Lip Infusions Hydration Spf 15,Blistex Lip Infusions Hydration Spf 153.7g,£3,£81.08 per 100g,,health-wellbeing-medicines
Bonjela Adult Sugar Free Oral Pain Relieving Gel,Bonjela Adult Sugar Free Oral Pain Relieving Gel15g,£5,£33.33 per 100g,,health-wellbeing-medicines
Bonjela Cool Mint Adult Gel        ,Bonjela Cool Mint Adult Gel        15g,£5.50,£36.67 per 100g,,health-wellbeing-medicines
Bonjela Junior Oral Gel,Bonjela Junior Oral Gel15g,£4,£26.67 per 100g,,health-wellbeing-medicines
Bounce Caramel Protein Ball ,Bounce Caramel Protein Ball 40g,£2.10,£5.25 per 100g,,health-wellbeing-medicines
Bounce Choc Brownie Protein Ball,Bounce Choc Brownie Protein Ball40g,£2.10,£5.25 per 100g,,health-wellbeing-medicines
Bounce Hazelnut Protein Ball,Bounce Hazelnut Protein Ball40g,£2.10,£5.25 per 100g,,health-wellbeing-medicines
Brave Ape Blueberry & Cinnamon Instant Keto Porridge,Brave Ape Blueberry & Cinnamo...240g,£5.75,£2.40 per 100g,,health-wellbeing-medicines
Brave Crunchy Chickpeas BBQ,Brave Crunchy Chickpeas BBQ115g,£2,£1.74 per 100g,,health-wellbeing-medicines
Brave Crunchy Chickpeas Cookies & Cream,Brave Crunchy Chickpeas Cookies & Cream100g,£2.40,£2.40 per 100g,,health-wellbeing-medicines
Brave Crunchy Chickpeas Dark Chocolate,Brave Crunchy Chickpeas Dark Chocolate100g,£2.40,£2.40 per 100g,,health-wellbeing-medicines
Brave Crunchy Chickpeas Sea Salt,Brave Crunchy Chickpeas Sea Salt115g,£2,£1.74 per 100g,,health-wellbeing-medicines
Breathe Right Nasal Strip Tan Large ,Breathe Right Nasal Strip Tan Large 10 per pack,£4,40p each,,health-wellbeing-medicines
Bronchostop Cough Pastilles - 10 On-the-Go Cough Pastilles,Bronchostop Cough Pastilles - 10...10 per pack,£4,40p each,,health-wellbeing-medicines
Bronchostop Cough Syrup - Traditionally Used to Relieve Any Type of Cough,Bronchostop Cough Syrup - Traditionally Use...120ml,£6,£5.00 per 100ml,,health-wellbeing-medicines
Bronchostop Cough Syrup - Traditionally Used to Relieve Any Type of Cough,Bronchostop Cough Syrup - Traditionally Use...200ml,£9,£4.50 per 100ml,,health-wellbeing-medicines
Bronchostop Junior Cough Syrup,Bronchostop Junior Cough Syrup120ml,£6,£5.00 per 100ml,,health-wellbeing-medicines
Bronchostop Junior From 1 Year Cough Syrup 200Ml,Bronchostop Junior From 1 Year Cough Syrup 200Ml200ml,£9,£4.50 per 100ml,,health-wellbeing-medicines
Burt's Bees Beeswax Lip Balm,Burt's Bees Beeswax Lip Balm4.25g,£4,£9.41 per 10g,,health-wellbeing-medicines
Burt's Bees Ultra Conditioning Lip Balm,Burt's Bees Ultra Conditioning Lip Balm4.25g,£3.50,£8.24 per 10g,,health-wellbeing-medicines
Buscomint Peppermint Oil 0.2Ml 24 Soft Gel Capsules,Buscomint Peppermint Oil 0.2M...,£7.50,,,health-wellbeing-medicines
Buscopan IBS Relief,Buscopan IBS Relief20 per pack,£3.99,20p each,,health-wellbeing-medicines
Buttercup Original Cough Syrup,Buttercup Original Cough Syrup200ml,£5.99,£3.00 per 100ml,,health-wellbeing-medicines
Cadbury Delights Hazelnut,Cadbury Delights Hazelnut5 x 110g,£1.35,24.5p per 100g,,health-wellbeing-medicines
Cadbury Delights Orange,Cadbury Delights Orange5 x 110g,£1.35,24.5p per 100g,,health-wellbeing-medicines
Cadbury Delights Salted Caramel,Cadbury Delights Salted Caramel5 x 110g,£1.35,24.5p per 100g,,health-wellbeing-medicines
Calcough Childrens Syrup  Blackcurrant,Calcough Childrens Syrup  Blackcurrant125ml,£4.50,£3.60 per 100ml,,health-wellbeing-medicines
Calpol 2+ Months Infant Strawberry Liquid Paracetamol,Calpol 2+ Months Infant Straw...100ml,£3.50,£3.50 per 100ml,,health-wellbeing-medicines
Calpol 6+ Sugar Free Strawberry Liquid Paracetamol,Calpol 6+ Sugar Free Strawb...80ml,£3.50,£4.38 per 100ml,,health-wellbeing-medicines
Calpol 6+ Years Sugar Free Strawberry Fastmelts Paracetamol,Calpol 6+ Years Sugar Free Strawb...12 per pack,£4,33.3p each,,health-wellbeing-medicines
Calpol 6+ Years Sugar Free Strawberry Paracetamol Sachets,Calpol 6+ Years Sugar Free Strawb...12 x 5ml,£4,£6.67 per 100ml,,health-wellbeing-medicines
Calpol Infant 2+ Months Sugar Free Strawberry Liquid,Calpol Infant 2+ Months Sugar...100ml,£3.50,£3.50 per 100ml,,health-wellbeing-medicines
Calpol Nasal Drops      ,Calpol Nasal Drops      10ml,£3.50,£35.00 per 100ml,,health-wellbeing-medicines
Calpol Saline Nasal Spray,Calpol Saline Nasal Spray15ml,£4.25,£28.33 per 100ml,,health-wellbeing-medicines
Calpol Sugar Free Infant Sachets,Calpol Sugar Free Infant Sachets12 x 5ml,£4,£6.67 per 100ml,,health-wellbeing-medicines
Calpol Vapour Plug Nightlight 3 Refill Pads,Calpol Vapour Plug Nightlight 3 Refill Pads3 per pack,£7.50,£2.50 each,,health-wellbeing-medicines
Calpol Vapour Plug Refill Pads,Calpol Vapour Plug Refill Pads5 per pack,£7,£1.40 each,,health-wellbeing-medicines
Calprofen Ibuprofen,Calprofen Ibuprofen100ml,£4.25,£4.25 per 100ml,,health-wellbeing-medicines
 Canesbalance Bacterial Vaginosis Vaginal Gel, Canesbalance Bacterial Vaginosis Vaginal Gel7 per pack,£14,£2.00 each,,health-wellbeing-medicines
Canesbalance Bacterial Vaginosis Vaginal Pessaries,Canesbalance Bacterial Vagi...7 per pack,£14,£2.00 each,,health-wellbeing-medicines
Canescool Soothing Cream Gel,Canescool Soothing Cream Gel15g,£6,£40.00 per 100g,,health-wellbeing-medicines
CanesOasis Cystitis Relief 4g Granules for Oral Solution Cranberry Flavour,CanesOasis Cystitis Relief 4g G...6 per pack,£5.65,94.2p each,,health-wellbeing-medicines
Canesten Dual Action Athlete's Foot 1% w/w Cream,Canesten Dual Action Athlet...30g,£5,£16.67 per 100g,,health-wellbeing-medicines
Canesten Thrush Combi Internal & External Cream,Canesten Thrush Combi Internal & External Cream,£13,,,health-wellbeing-medicines
Canesten Thrush Combi Pessary & External Cream,Canesten Thrush Combi Pessary & External Cream10g,£14,£140.00 per 100g,,health-wellbeing-medicines
Canesten Thrush Combi Soft Gel Pessary & External Cream,Canesten Thrush Combi Soft Gel...100g,£16,£16.00 per 100g,,health-wellbeing-medicines
Canestest Self-Test for Vaginal Infections,Canestest Self-Test for Vaginal Infections,£7.50,,,health-wellbeing-medicines
CANNACOFFEE Original CBD Coffee Pods,CANNACOFFEE Original CBD Coffee Pods10 per pack,£7.50,75p each,,health-wellbeing-medicines
Cannaray Cbd Bright Days Oil Drops,Cannaray Cbd Bright Days Oil Drops10ml,£18,£18.00 per 10ml,,health-wellbeing-medicines
Cannaray Cbd Gummies,Cannaray Cbd Gummies30 per pack,£18,60p each,,health-wellbeing-medicines
Cannaray Cbd Night Time Oil Drops,Cannaray Cbd Night Time Oil Drops10ml,£18,£18.00 per 10ml,,health-wellbeing-medicines
Captain Kombucha Ginger Lemon ,Captain Kombucha Ginger Lemon 400ml,£2.50,62.5p per 100ml,,health-wellbeing-medicines
Captain Kombucha Legendary Bubbly Drink Californian Raspberry 400Ml,Captain Kombucha Legendary...400ml,£2.50,62.5p per 100ml,,health-wellbeing-medicines
Captain Kombucha Legendary Bubbly Drink Original,Captain Kombucha Legendary...400ml,£2.50,62.5p per 100ml,,health-wellbeing-medicines
Carbzone Low Carb Dark Chocolate 70%,Carbzone Low Carb Dark Chocolate 70%100g,£2.85,£2.85 per 100g,,health-wellbeing-medicines
Carbzone Low Carb Milk Chocolate,Carbzone Low Carb Milk Chocolate100g,£3,£3.00 per 100g,,health-wellbeing-medicines
Carbzone Low Carb Organic Almond Flour ,Carbzone Low Carb Organic Almond Flour 500g,£12,£24.00 per kg,,health-wellbeing-medicines
Care Senna Tablets 20 Tablets,Care Senna Tablets 20 Tablets,£1.50,,,health-wellbeing-medicines
Carex Antibacterial Hand Gel Aloe Vera,Carex Antibacterial Hand Gel Aloe Vera50ml,£1,£2.00 per 100ml,"Offer price £1, was £1.25",health-wellbeing-medicines
Carex Antibacterial Love Hearts Hand Gel,Carex Antibacterial Love Hearts Hand Gel50ml,£1,£2.00 per 100ml,"Offer price £1, was £1.25",health-wellbeing-medicines
Centrum Advance 50+ Multivitamins,Centrum Advance 50+ Multivitamins30 per pack,£4.50,15p each,,health-wellbeing-medicines
Centrum Advance For Men,Centrum Advance For Men30 per pack,£6.50,21.7p each,,health-wellbeing-medicines
Centrum Advance For Women,Centrum Advance For Women30 per pack,£6.50,21.7p each,,health-wellbeing-medicines
Centrum Advance Tablets,Centrum Advance Tablets30 per pack,£4.50,15p each,,health-wellbeing-medicines
Centrum Immunity & Cell Protection Tablets,Centrum Immunity & Cell Protection Tablets60 per pack,£7.50,12.5p each,,health-wellbeing-medicines
Centrum Men 50 Plus MultiVitamins,Centrum Men 50 Plus MultiVitamins30 per pack,£5,16.7p each,"Offer price £5, was £6.50",health-wellbeing-medicines
Centrum Multi Gummies Mixed 30 Gummies,Centrum Multi Gummies Mixed 30 Gummies,£6.50,,,health-wellbeing-medicines
Centrum Performance Tablets,Centrum Performance Tablets30 per pack,£6.50,21.7p each,,health-wellbeing-medicines
Centrum Women 50 Plus MultiVitamins,Centrum Women 50 Plus MultiVitamins30 per pack,£5,16.7p each,"Offer price £5, was £6.50",health-wellbeing-medicines
Centrum Women 60 Tablets Multivitamin Multimineral Food Supplement,Centrum Women 60 Tablets Mu...,£13,,,health-wellbeing-medicines
Cetraben Oatmeal Cream,Cetraben Oatmeal Cream190g,£9,£4.74 per 100g,,health-wellbeing-medicines
Cl-Ear Olive Oil Ear Drops ,Cl-Ear Olive Oil Ear Drops 15ml,£3,£20.00 per 100ml,,health-wellbeing-medicines
Clarityn Allergy 1mg/ml Syrup Mixed Berries Flavour,Clarityn Allergy 1mg/ml Syrup...60ml,£4.40,£7.33 per 100ml,"Offer price £4.40, was £5",health-wellbeing-medicines
Clarityn Allergy Tablets 10mg Loratadine Allergy and Hayfever Relief,Clarityn Allergy Tablets 10mg Loratadin...14 per pack,£5.85,41.8p each,,health-wellbeing-medicines
Clarityn Allergy Tablets 10mg Loratadine Allergy and Hayfever Relief,Clarityn Allergy Tablets 10mg Loratadin...30 per pack,£5.20,17.4p each,"Offer price £5.20, was £10.40",health-wellbeing-medicines
Cleanmarine For Kids,Cleanmarine For Kids60 per pack,£12,20p each,,health-wellbeing-medicines
Cleanmarine MenoMin Menopause Supplement Capsules ,Cleanmarine MenoMin Menopau...60 per pack,£24,40p each,,health-wellbeing-medicines
Cleanmarine Women's Hormone Regulator Supplement Capsules ,Cleanmarine Women's Hormone Regul...60 per pack,£23,38.3p each,,health-wellbeing-medicines
Clearblue Digital Pregnancy Test Single,Clearblue Digital Pregnancy Test Single,£10,,,health-wellbeing-medicines
Clearblue Pregnancy Test Combo Pack Double Check + Date,Clearblue Pregnancy Test Combo...,£6,,,health-wellbeing-medicines
Clearblue Pregnancy Test Digital Ultra Early Digital Tests,Clearblue Pregnancy Test Digital...2 per pack,£16.99,£8.50 each,,health-wellbeing-medicines
Clearblue Pregnancy Test Early Detection Test,Clearblue Pregnancy Test Early Detection Test2 per pack,£11,£5.50 each,,health-wellbeing-medicines
Clearblue Pregnancy Test Rapid Detection 2 Tests,Clearblue Pregnancy Test Rapid Detection 2 Tests,£8.50,,,health-wellbeing-medicines
Clearblue Visual & Digital Sticks Pregnancy Test,Clearblue Visual & Digital Sticks Pregnancy Test3 per pack,£18.99,£6.33 each,,health-wellbeing-medicines
Clear Ear Express Ear Drops,Clear Ear Express Ear Drops12ml,£4.50,£37.50 per 100ml,,health-wellbeing-medicines
Clear Ear Pain Relief Ear Drops,Clear Ear Pain Relief Ear Drops,£9,,,health-wellbeing-medicines
Colgate Sensitive Instant Relief Enamel Repair Toothpaste,Colgate Sensitive Instant Relief...75ml,£2.50,£3.33 per 100ml,,health-wellbeing-medicines
Colgate Sensitive Instant Relief Multi Protection Toothpaste,Colgate Sensitive Instant Relief Mu...75ml,£2.50,£3.33 per 100ml,,health-wellbeing-medicines
Colgate Sensitive Instant Relief Repair & Prevent Toothpaste,Colgate Sensitive Instant Relief Re...75ml,£2.50,£3.33 per 100ml,,health-wellbeing-medicines
Colpermin IBS Relief Capsules 20 Sustained Release Capsules              ,Colpermin IBS Relief Capsules 20 Sustained...20 per pack,£6.20,31p each,,health-wellbeing-medicines
Compeed Blister Plasters Medium,Compeed Blister Plasters Medium6 per pack,£5,83.3p each,,health-wellbeing-medicines
Compeed Blister Plasters Mixed,Compeed Blister Plasters Mixed6 per pack,£6,£1.00 each,,health-wellbeing-medicines
Compeed Blister Plasters Mixed Sizes ,Compeed Blister Plasters Mixed Sizes 5 per pack,£5.50,£1.10 each,,health-wellbeing-medicines
Compeed Cold Sore Patch,Compeed Cold Sore Patch15 per pack,£6,40p each,,health-wellbeing-medicines
Complan Meal Replacement Chocolate ,Complan Meal Replacement Chocolate 4 x 55g,£4.25,£1.93 per 100g,,health-wellbeing-medicines
Complan Meal Replacement Strawberry ,Complan Meal Replacement Strawberry 4 x 55g,£4.75,£2.16 per 100g,,health-wellbeing-medicines
Covonia Berry Blast Lozenges  ,Covonia Berry Blast Lozenges  51g,£1.35,£2.65 per 100g,,health-wellbeing-medicines
Covonia Chesty Cough Mixture ,Covonia Chesty Cough Mixture 300ml,£7,£2.33 per 100ml,,health-wellbeing-medicines
Covonia Chesty Cough Mixture,Covonia Chesty Cough Mixture150ml,£4.75,£3.17 per 100ml,,health-wellbeing-medicines
Covonia Chesty Sugar Free,Covonia Chesty Sugar Free150ml,£5,£3.33 per 100ml,,health-wellbeing-medicines
Covonia Dry & Tickly Cough Linctus,Covonia Dry & Tickly Cough Linctus150ml,£4.75,£3.17 per 100ml,,health-wellbeing-medicines
Covonia Lozenges Sugar Free,Covonia Lozenges Sugar Free30g,£1.35,£4.50 per 100g,,health-wellbeing-medicines
Cura-Heat Pain Relief Heat Patch Acute Back Pain Max Size,Cura-Heat Pain Relief Heat Patch...2 per pack,£4.50,£2.25 each,,health-wellbeing-medicines
Cura - Heat Pain Relief Heat Patch Neck & Shoulders,Cura - Heat Pain Relief Heat...3 per pack,£5.20,£1.73 each,,health-wellbeing-medicines
Cura Heat Pads,Cura Heat Pads3 per pack,£3.50,£1.17 each,,health-wellbeing-medicines
Cussons Antibacterial Carex Protects Moisture Plus Hand Gel,Cussons Antibacterial Carex Prote...50ml,£1,£2.00 per 100ml,"Offer price £1, was £1.25",health-wellbeing-medicines
Cuticura Cucumber Hand Gel,Cuticura Cucumber Hand Gel100ml,£1,£1.00 per 100ml,"Offer price £1, was £2",health-wellbeing-medicines
Daktarin Dual Action Active Spray ,Daktarin Dual Action Active Spray 100g,£4.75,£4.75 per 100g,,health-wellbeing-medicines
Daktarin Dual Action Cream,Daktarin Dual Action Cream15g,£3.50,£23.33 per 100g,,health-wellbeing-medicines
Deep Blue Covid19 Antigen Covid Test,Deep Blue Covid19 Antigen Covid Test,£1.99,,,health-wellbeing-medicines
Deep Freeze Gel                   ,Deep Freeze Gel                   100g,£4.75,£4.75 per 100g,,health-wellbeing-medicines
Deep Freeze Patch,Deep Freeze Patch,£5.75,,,health-wellbeing-medicines
Deep Freeze Spray  ,Deep Freeze Spray  150ml,£4,£2.67 per 100ml,,health-wellbeing-medicines
Deep Heat Max Strength Gel,Deep Heat Max Strength Gel35g,£5,£14.29 per 100g,,health-wellbeing-medicines
Deep Heat Muscle Massage Roll On ,Deep Heat Muscle Massage Roll On 50ml,£5,£10.00 per 100ml,,health-wellbeing-medicines
Deep Heat Relief Gel                   ,Deep Heat Relief Gel                   50g,£4.50,£9.00 per 100g,,health-wellbeing-medicines
Deep Heat Rub              ,Deep Heat Rub              67g,£3,£4.48 per 100g,,health-wellbeing-medicines
Deep Heat Spray ,Deep Heat Spray 150ml,£4,£2.67 per 100ml,,health-wellbeing-medicines
Deep Heat Warming Belt 2 Warming Belts,Deep Heat Warming Belt 2 Warming Belts2 per pack,£7.50,£3.75 each,,health-wellbeing-medicines
Deep Heat Well Patch       ,Deep Heat Well Patch       4 per pack,£6,£1.50 each,,health-wellbeing-medicines
Deep Relief Actiflex Patch,Deep Relief Actiflex Patch4 per pack,£6,£1.50 each,,health-wellbeing-medicines
Dettol Anti-Septic Liquid ,Dettol Anti-Septic Liquid 250ml,£2.50,£1.00 per 100ml,,health-wellbeing-medicines
Dextro Energy Orange     ,Dextro Energy Orange     ,75p,,,health-wellbeing-medicines
Dulcoease 100Mg Capsules 60S,Dulcoease 100Mg Capsules 60S,£9,,,health-wellbeing-medicines
Dulcolax 5mg Adult Pico Liquid ,Dulcolax 5mg Adult Pico Liquid 100ml,£4,£4.00 per 100ml,,health-wellbeing-medicines
Dulcolax 5Mg Gastro - Resistant Tablets 20S,Dulcolax 5Mg Gastro - Resistant Tablets 20S,£3,,,health-wellbeing-medicines
Durex Extra Safe Thick Condoms,Durex Extra Safe Thick Condoms20 per pack,£13.50,67.6p each,"Offer price £13.50, was £14.99",health-wellbeing-medicines
Durex Extra Safe Thick Condoms,Durex Extra Safe Thick Condoms12 per pack,£10.99,91.6p each,,health-wellbeing-medicines
Durex Extra Safe Thick Condoms,Durex Extra Safe Thick Condoms6 per pack,£6.49,£1.08 each,,health-wellbeing-medicines
Durex Intense Delight Vibrating Bullet,Durex Intense Delight Vibrating Bullet,£7.50,,"Offer price £7.50, was £10",health-wellbeing-medicines
Durex Intense Vibrations Ring,Durex Intense Vibrations Ring,£5,,,health-wellbeing-medicines
Durex Lubricant Feel,Durex Lubricant Feel50ml,£4,£8.00 per 100ml,"Offer price £4, was £4.50",health-wellbeing-medicines
Durex Mutual Climax Condoms ,Durex Mutual Climax Condoms 12 per pack,£13.50,£1.13 each,"Offer price £13.50, was £15",health-wellbeing-medicines
Durex Naturals Extra Sensitive Intimate Gel,Durex Naturals Extra Sensitive Intimate Gel100ml,£8,£8.00 per 100ml,"Offer price £8, was £10",health-wellbeing-medicines
Durex Naturals Water Based Pure Lubricant Gel,Durex Naturals Water Based Pure Lubricant Gel100ml,£8,£8.00 per 100ml,"Offer price £8, was £10",health-wellbeing-medicines
Durex Originals Close Fit Condoms,Durex Originals Close Fit Condoms12 per pack,£7.50,62.5p each,,health-wellbeing-medicines
Durex Play Feel Pleasure Gel,Durex Play Feel Pleasure Gel100ml,£8,£8.00 per 100ml,,health-wellbeing-medicines
Durex Play Massage 2-in-1 Aloe Vera Lubricant Gel,Durex Play Massage 2-in-1 A...200ml,£8.50,£4.25 per 100ml,,health-wellbeing-medicines
Durex Play Silicone Based Perfect Glide Lubricant Gel,Durex Play Silicone Based Perfect Glide Lubricant Gel50ml,£10.50,£21.00 per 100ml,,health-wellbeing-medicines
Durex Play Water Based Strawberry Lubricant Gel,Durex Play Water Based Strawberry Lubricant Gel100ml,£8,£8.00 per 100ml,,health-wellbeing-medicines
Durex Play Water Based Tingling Lubricant Gel,Durex Play Water Based Tingling Lubricant Gel100ml,£8,£8.00 per 100ml,,health-wellbeing-medicines
Durex Pleasure Me Condoms,Durex Pleasure Me Condoms20 per pack,£13.50,67.5p each,"Offer price £13.50, was £15",health-wellbeing-medicines
Durex Pleasure Me Ribbed and Dotted Condoms,Durex Pleasure Me Ribbed and Dotted Condoms12 per pack,£10.99,91.6p each,,health-wellbeing-medicines
Durex Real Feel Non Latex Condoms,Durex Real Feel Non Latex Condoms12 per pack,£13.50,£1.13 each,"Offer price £13.50, was £15",health-wellbeing-medicines
Durex Reel Feel Condoms,Durex Reel Feel Condoms18 per pack,£20,£1.11 each,,health-wellbeing-medicines
Durex Thin Feel Condoms ,Durex Thin Feel Condoms 20 per pack,£13.50,67.6p each,"Offer price £13.50, was £14.99",health-wellbeing-medicines
Durex Thin Feel Condoms ,Durex Thin Feel Condoms 12 per pack,£10.99,91.6p each,,health-wellbeing-medicines
Durex Thin Feel Condoms  ,Durex Thin Feel Condoms  6 per pack,£6.49,£1.08 each,,health-wellbeing-medicines
Durex Thin Feel Condoms,Durex Thin Feel Condoms12 per pack,£13,£1.08 each,,health-wellbeing-medicines
Durex Thin Feel Extra Lubricated Condoms,Durex Thin Feel Extra Lubricated Condoms12 per pack,£11.50,95.5p each,"Offer price £11.50, was £13",health-wellbeing-medicines
Durex Thin Feel XL Wide Condoms,Durex Thin Feel XL Wide Condoms12 per pack,£13,£1.08 each,,health-wellbeing-medicines
E45 Eczema Repair Cream,E45 Eczema Repair Cream50ml,£21,£42.00 per 100ml,,health-wellbeing-medicines
E45 Lotion ,E45 Lotion 500ml,£9.50,£1.90 per 100ml,,health-wellbeing-medicines
Earex Advance Ear Drops ,Earex Advance Ear Drops 12ml,£5,£41.67 per 100ml,,health-wellbeing-medicines
Elastoplast Disney Frozen Plasters,Elastoplast Disney Frozen Plasters,£3,,,health-wellbeing-medicines
Elastoplast Elastic Fabric Roll Plaster 2.5cm X 3m,Elastoplast Elastic Fabric Roll Plaster 2.5cm X 3m,£3.25,,,health-wellbeing-medicines
Elastoplast Fabric Plasters ,Elastoplast Fabric Plasters 40 per pack,£3,7.5p each,,health-wellbeing-medicines
"Elastoplast Hypoallergenic Plasters, Sensitive Skin ","Elastoplast Hypoallergenic Plasters, Sensitive Skin 20 per pack",£2.70,13.5p each,,health-wellbeing-medicines
Elastoplast Paw Patrol,Elastoplast Paw Patrol20 per pack,£3,15p each,,health-wellbeing-medicines
"Elastoplast Water Resistant  Plasters, All-Purpose",Elastoplast Water Resistant...40 per pack,£3,7.5p each,,health-wellbeing-medicines
Eucalyptus Oil ,Eucalyptus Oil 10ml,£2.50,£2.50 per 10ml,,health-wellbeing-medicines
Eurax Cream                       ,Eurax Cream                       30g,£3.50,£11.67 per 100g,,health-wellbeing-medicines
Feather & Down Magnesium Sleep Salts ,Feather & Down Magnesium Sleep Salts 500g,£8,£1.60 per 100g,,health-wellbeing-medicines
Feather & Down Pillow Spray,Feather & Down Pillow Spray100ml,£7,£7.00 per 100ml,,health-wellbeing-medicines
Feather & Down Pillow Spray Duo ,Feather & Down Pillow Spray Duo 2 x 50ml,£8,£8.00 per 100ml,,health-wellbeing-medicines
Feminax Express Ibuprofen Lysine 342mg Tablets,Feminax Express Ibuprofen...16 per pack,£4.50,28.1p each,,health-wellbeing-medicines
Feroglobin Capsules,Feroglobin Capsules30 per pack,£5,16.7p each,,health-wellbeing-medicines
Feroglobin Liquid   ,Feroglobin Liquid   200ml,£4.25,£2.13 per 100ml,,health-wellbeing-medicines
Fishermans Friend Original,Fishermans Friend Original3 x 25g,£2.30,£3.07 per 100g,,health-wellbeing-medicines
Flarin Joint & Muscular Pain Relief 200Mg Ibuprofen Soft Capsules,Flarin Joint & Muscular Pain Relief 2...12 per pack,£5.25,43.8p each,,health-wellbeing-medicines
Floradix Floravital Liquid Iron and Vitamin Gluten Free Formula,Floradix Floravital Liquid Iron and V...250ml,£12,£4.80 per 100ml,,health-wellbeing-medicines
Floradix Kindervital Kid's Fruity Liquid calcium and Vitamin Formula 3yrs+,Floradix Kindervital Kid's Fruity Liquid ca...250ml,£10,£4.00 per 100ml,,health-wellbeing-medicines
Floradix Kindervital Kid's Liquid Calcium and Vitamin Formula 3yrs+,Floradix Kindervital Kid's Liquid Calci...500ml,£17.20,£3.44 per 100ml,,health-wellbeing-medicines
Floradix Liquid Iron and Vitamin Formula ,Floradix Liquid Iron and Vitamin Formula 250ml,£12,£4.80 per 100ml,,health-wellbeing-medicines
Floradix Liquid Iron and Vitamin Formula,Floradix Liquid Iron and Vitamin Formula500ml,£18,£3.60 per 100ml,,health-wellbeing-medicines
Floradix Magnesium Liquid Formula,Floradix Magnesium Liquid Formula250ml,£9,£3.60 per 100ml,,health-wellbeing-medicines
Fulfil Chocolate Brownie Vitamin & Protein Bar ,Fulfil Chocolate Brownie Vitamin & Protein Bar 55g,£2.70,£4.91 per 100g,,health-wellbeing-medicines
Fulfil Chocolate Hazelnut Whip Vitamin & Protein Cereal Bar,Fulfil Chocolate Hazelnut Whip Vi...55g,£2.70,£4.91 per 100g,,health-wellbeing-medicines
Fulfil Chocolate Peanut Butter Protein Bar,Fulfil Chocolate Peanut Butter Protein Bar,£2.70,,,health-wellbeing-medicines
Fulfil Chocolate Salted Caramel Vitamin & Protein Bar,Fulfil Chocolate Salted Caram...55g,£2.70,£4.91 per 100g,,health-wellbeing-medicines
Fulfil White Chocolate Peanut & Caramel ProteinBar,Fulfil White Chocolate Pean...,£2.70,,,health-wellbeing-medicines
Full Marks Solution         ,Full Marks Solution         100ml,£5.25,£5.25 per 100ml,,health-wellbeing-medicines
Full Marks Solution 5 Minute Treatment 4 Treatments,Full Marks Solution 5 Minute...200ml,£12,£6.00 per 100ml,,health-wellbeing-medicines
Fybogel Chews,Fybogel Chews30 per pack,£10,33.3p each,,health-wellbeing-medicines
"Fybogel Hi - Fibre Orange Flavour, 30 Sachets","Fybogel Hi - Fibre Orange Flavour, 30 Sachets",£7.50,,,health-wellbeing-medicines
Fybogel Hi Fibre Orange    ,Fybogel Hi Fibre Orange    10 per pack,£4.10,41p each,,health-wellbeing-medicines
Galphar Ibuprofen 200mg Caplets,Galphar Ibuprofen 200mg Caplets16 per pack,45p,2.8p each,,health-wellbeing-medicines
Galpharm Aspirin 75mg Gastro-Resistant 28 Tablets,Galpharm Aspirin 75mg Gastr...,£1.50,,,health-wellbeing-medicines
Galpharm Esomeprazole Tablets,Galpharm Esomeprazole Tablets14 per pack,£9,64.3p each,,health-wellbeing-medicines
Galpharm Ibuprofen Capsules ,Galpharm Ibuprofen Capsules 16 per pack,80p,5p each,,health-wellbeing-medicines
Galpharm Ibuprofen Soft Liquid Capsules,Galpharm Ibuprofen Soft Liquid Capsules16 per pack,£2,12.5p each,,health-wellbeing-medicines
Galpharm Nicotine Replace 2mg Gum Peppermint Flavour ,Galpharm Nicotine Replace 2mg...96 per pack,£9,9.4p each,,health-wellbeing-medicines
Galpharm Nicotine Replace 2mg Lozenges,Galpharm Nicotine Replace 2mg Lozenges36 per pack,£4,11.1p each,,health-wellbeing-medicines
Galpharm Nicotine Replace 4mg Gum Peppermint Flavour ,Galpharm Nicotine Replace 4mg...96 per pack,£9,9.4p each,,health-wellbeing-medicines
Galpharm Rehydration Sachets,Galpharm Rehydration Sachets6 per pack,£2,33.3p each,,health-wellbeing-medicines
Gavinatura Heartburn & Indigestion Relief Tablets,Gavinatura Heartburn & Indigestion Relief Tablets14 per pack,£9,64.3p each,,health-wellbeing-medicines
Gaviscon Advance Double Strength Heartburn & Indigestion Aniseed Flavour,Gaviscon Advance Double Strengt...300ml,£11.50,£3.83 per 100ml,,health-wellbeing-medicines
Gaviscon Advance Peppermint ,Gaviscon Advance Peppermint 300ml,£11.50,£3.83 per 100ml,,health-wellbeing-medicines
Gaviscon Advance Tablets,Gaviscon Advance Tablets24 per pack,£7.50,31.3p each,,health-wellbeing-medicines
Gaviscon Double Action Aniseed ,Gaviscon Double Action Aniseed 300ml,£9.75,£3.25 per 100ml,,health-wellbeing-medicines
Gaviscon Double Action Heartburn & Indigestion Liquid Mint Flavour,Gaviscon Double Action Heartburn & Indi...300ml,£9.75,£3.25 per 100ml,,health-wellbeing-medicines
Gaviscon Double Action Heartburn & Indigestion Liquid Mint Flavour,Gaviscon Double Action Heartburn & Indi...150ml,£6,£4.00 per 100ml,,health-wellbeing-medicines
Gaviscon Double Action Heartburn & Indigestion Mint Flavour Tablets,Gaviscon Double Action Heartburn & Indi...48 per pack,£9.50,19.8p each,,health-wellbeing-medicines
Gaviscon Double Action Heartburn & Indigestion Mint Flavour Tablets,Gaviscon Double Action Heartburn & Indi...24 per pack,£6,25p each,,health-wellbeing-medicines
Gaviscon Double Action Heartburn & Indigestion Mint Flavour Tablets,Gaviscon Double Action Heartburn & Indi...12 per pack,£3.75,31.3p each,,health-wellbeing-medicines
Gaviscon Double Action Heartburn & Indigestion Mint Flavour Tablets,Gaviscon Double Action Heartburn & Indi...8 per pack,£2.75,34.4p each,,health-wellbeing-medicines
Gaviscon Double Action Heartburn & Indigestion Mixed Berries Tablets,Gaviscon Double Action Heartburn & Indi...24 per pack,£6,25p each,,health-wellbeing-medicines
Gaviscon Double Action Liquid Aniseed,Gaviscon Double Action Liquid Aniseed600ml,£14,£2.33 per 100ml,,health-wellbeing-medicines
Gaviscon Double Action Liquid Heartburn & Indigestion Relief Mint Flavour,Gaviscon Double Action Liquid H...600ml,£12.50,£2.08 per 100ml,,health-wellbeing-medicines
Gaviscon Double Action Liquid Mixed Berry,Gaviscon Double Action Liquid Mixed Berry150ml,£6,£4.00 per 100ml,,health-wellbeing-medicines
Gaviscon Double Action Liquid Mixed Berry,Gaviscon Double Action Liquid Mixed Berry300ml,£9.75,£3.25 per 100ml,,health-wellbeing-medicines
Gaviscon Double Action Mixed Berry Tablets,Gaviscon Double Action Mixed Berry Tablets12 per pack,£3.75,31.3p each,,health-wellbeing-medicines
Gaviscon Double Action Tablets Mixed Berry ,Gaviscon Double Action Tablets Mixed Berry 48 per pack,£9.50,19.8p each,,health-wellbeing-medicines
Gaviscon Heartburn & Indigestion Peppermint Flavour,Gaviscon Heartburn & Indigest...600ml,£11,£1.83 per 100ml,,health-wellbeing-medicines
Gaviscon Heartburn & Indigestion Relief Peppermint Flavour Tablets,Gaviscon Heartburn & Indige...48 per pack,£7,14.6p each,,health-wellbeing-medicines
Gaviscon Heartburn & Indigestion Relief Tablets Peppermint Flavour Tablets,Gaviscon Heartburn & Indigestio...24 per pack,£4,16.7p each,,health-wellbeing-medicines
Gaviscon Liquid Aniseed,Gaviscon Liquid Aniseed200ml,£5.75,£2.88 per 100ml,,health-wellbeing-medicines
Gaviscon Liquid Heartburn & Indigestion Relief Aniseed Flavour,Gaviscon Liquid Heartburn & Indiges...600ml,£11,£1.83 per 100ml,,health-wellbeing-medicines
Gaviscon Liquid Peppermint,Gaviscon Liquid Peppermint200ml,£5.75,£2.88 per 100ml,,health-wellbeing-medicines
Germolene Dual Action Antiseptic Cream,Germolene Dual Action Antiseptic Cream55g,£3,£5.45 per 100g,,health-wellbeing-medicines
"Germoloids Haemorrhoid Suppositories, Piles Treatment with Anaesthetic ",Germoloids Haemorrhoid Suppos...24 per pack,£6.30,26.3p each,,health-wellbeing-medicines
Germoloids Triple Action Cream,Germoloids Triple Action Cream55g,£6.50,£1.18 per 10g,,health-wellbeing-medicines
Getein Covid Test 5 pack,Getein Covid Test 5 pack,£7.99,,,health-wellbeing-medicines
Get More Vits Multivitamin Berry Chewing Gum,Get More Vits Multivitamin Berry Chewing Gum10 per pack,£1.25,12.5p each,,health-wellbeing-medicines
Get More Vits Multivitamin Peppermint Chewing Gum ,Get More Vits Multivitamin Peppermint Chewing Gum 10 per pack,£1.25,12.5p each,,health-wellbeing-medicines
Glycerin Suppository ,Glycerin Suppository 12 per pack,£2.50,20.8p each,,health-wellbeing-medicines
Green Origins Superboost Coffee & Vanilla Plant Protein Powder,Green Origins Superboost Coffee & V...125g,£10,£8.00 per 100g,,health-wellbeing-medicines
Green Origins Superboost Strawberry & Acerola Plant Protein Powder,Green Origins Superboost Strawberry & A...125g,£10,£8.00 per 100g,,health-wellbeing-medicines
Green Origins Superboost Superberries Plant Protein Powder,Green Origins Superboost Superber...125g,£10,£8.00 per 100g,,health-wellbeing-medicines
Grenade Oreo Protein Bar,Grenade Oreo Protein Bar60g,£2.20,£3.67 per 100g,"Offer price £2.20, was £2.85",health-wellbeing-medicines
Grenade Protein Bar Birthday Cake ,Grenade Protein Bar Birthday Cake 60g,£2.20,£3.67 per 100g,"Offer price £2.20, was £2.85",health-wellbeing-medicines
Grenade Protein Bar Caramel Chaos,Grenade Protein Bar Caramel Chaos60g,£2.20,£3.67 per 100g,"Offer price £2.20, was £2.85",health-wellbeing-medicines
Grenade Protein Bar Chocolate Chip Cookie Dough,Grenade Protein Bar Choco...60g,£2.20,£3.67 per 100g,"Offer price £2.20, was £2.85",health-wellbeing-medicines
Grenade Protein Bar Chocolate Chip Salted Caramel ,Grenade Protein Bar Chocola...60g,£2.20,£3.67 per 100g,"Offer price £2.20, was £2.85",health-wellbeing-medicines
Grenade Protein Bar Fudged Up ,Grenade Protein Bar Fudged Up 60g,£2.20,£3.67 per 100g,"Offer price £2.20, was £2.85",health-wellbeing-medicines
Grenade Protein Bar Jaffa Quake,Grenade Protein Bar Jaffa Quake60g,£2.20,£3.67 per 100g,"Offer price £2.20, was £2.85",health-wellbeing-medicines
Grenade Protein Bar Lemon Cheesecake,Grenade Protein Bar Lemon Cheesecake60g,£2.20,£3.67 per 100g,"Offer price £2.20, was £2.85",health-wellbeing-medicines
Grenade Protein Bar Peanut Nutter,Grenade Protein Bar Peanut Nutter60g,£2.20,£3.67 per 100g,"Offer price £2.20, was £2.85",health-wellbeing-medicines
Grenade Protein Bar White Chocolate Cookie,Grenade Protein Bar White Chocolate Cookie60g,£2.20,£3.67 per 100g,"Offer price £2.20, was £2.85",health-wellbeing-medicines
Grenade Protein Bar White Chocolate Salted Peanut,Grenade Protein Bar White C...60g,£2.20,£3.67 per 100g,"Offer price £2.20, was £2.85",health-wellbeing-medicines
Guardium Acid Reflux Control Gastro Resistant Tablets,Guardium Acid Reflux Control...7 per pack,£6,85.7p each,"Offer price £6, was £7",health-wellbeing-medicines
Guardium Acid Reflux Control Gastro Resistant Tablets,Guardium Acid Reflux Control...14 per pack,£12,85.7p each,,health-wellbeing-medicines
Haemorrhoid Relief Ointment ,Haemorrhoid Relief Ointment 25g,£3.50,£14.00 per 100g,,health-wellbeing-medicines
Haliborange Adult Calm Cherry Gummies,Haliborange Adult Calm Cherry Gummies30 per pack,£11.65,38.8p each,,health-wellbeing-medicines
Haliborange Adult Gut Health Strawberry,Haliborange Adult Gut Health Strawberry30 per pack,£11,36.7p each,,health-wellbeing-medicines
Haliborange Adult High Strength Immune Support Orange Gummies 1000IU,Haliborange Adult High Strength Immune...45 per pack,£11.65,25.9p each,,health-wellbeing-medicines
Haliborange Adult Immune Vitamins ,Haliborange Adult Immune Vitamins 30 per pack,£11,36.7p each,,health-wellbeing-medicines
Haliborange Adult Multi Vitamin ,Haliborange Adult Multi Vitamin 30 per pack,£11,36.7p each,,health-wellbeing-medicines
Haliborange Adult Multivitamin Energy & Immune Support Orange Gummies ,Haliborange Adult Multivitami...30 per pack,£11.65,38.8p each,,health-wellbeing-medicines
Haliborange Adult's Beauty Collagen Pineapple Gummies ,Haliborange Adult's Beauty Coll...30 per pack,£11.65,38.8p each,,health-wellbeing-medicines
Haliborange Adult's Gut Health Digestion Support Strawberry Gummies ,Haliborange Adult's Gut Health Digestio...30 per pack,£11.65,38.8p each,,health-wellbeing-medicines
Haliborange Adult's Immune Support Lime Gummies  ,Haliborange Adult's Immune...30 per pack,£11.65,38.8p each,,health-wellbeing-medicines
Haliborange Adult Vitamin D ,Haliborange Adult Vitamin D 45 per pack,£11,24.4p each,,health-wellbeing-medicines
Haliborange Calcium & Vit D Softies 30's Strawberry,Haliborange Calcium & Vit D Softies 30's Strawberry30 per pack,£5.50,18.3p each,,health-wellbeing-medicines
Haliborange Kids Iron & Vit C Strawberry Flavour Softie ,Haliborange Kids Iron & Vit C S...30 per pack,£6,20p each,,health-wellbeing-medicines
Haliborange  Kid's Softies Calcium & Vitamin D Strawberry Gummies 3-12yrs ,Haliborange  Kid's Softies Calc...60 per pack,£9.50,15.8p each,,health-wellbeing-medicines
Haliborange Kid's Softies Calcium & Vitamin D Strawberry Gummies 3-7yrs,Haliborange Kid's Softies Cal...30 per pack,£5.50,18.3p each,,health-wellbeing-medicines
Haliborange Kid's Softies Iron + Vitamin C  Strawberry Gummies 3-12yrs,Haliborange Kid's Softies Iro...30 per pack,£6.40,21.3p each,,health-wellbeing-medicines
Haliborange Kid's Softies Multivitamin Orange Gummies 3-12yrs,Haliborange Kid's Softies Multivita...30 per pack,£4.50,15p each,,health-wellbeing-medicines
Haliborange Kid's Softies Vegan Multivitamins Blueberry Gummies 3-12yrs,Haliborange Kid's Softies Veg...30 per pack,£6.05,20.2p each,,health-wellbeing-medicines
Haliborange Kids Vitamin D Softies 30s,Haliborange Kids Vitamin D Softies 30s30 per pack,£5.50,18.3p each,,health-wellbeing-medicines
Haliborange Mr Happy Softies 30's Strawberry,Haliborange Mr Happy Softies 30's Strawberry30 per pack,£5,16.7p each,,health-wellbeing-medicines
Haliborange Multivitamin  Softies 30's Strawberry,Haliborange Multivitamin  Softies 30's Strawberry30 per pack,£5,16.7p each,,health-wellbeing-medicines
Haliborange Multivitamin  Softies 60's Strawberry,Haliborange Multivitamin  Softies 60's Strawberry,£10,,,health-wellbeing-medicines
Haliborange Omega 3 Softies 30's Orange,Haliborange Omega 3 Softies 30's Orange30 per pack,£5.50,18.3p each,,health-wellbeing-medicines
Haliborange Omega 3 Softies 60's Orange,Haliborange Omega 3 Softies 60's Orange,£10,,,health-wellbeing-medicines
Haliborange Omega 3 Teen Softies 30's Orange,Haliborange Omega 3 Teen Softies 30's Orange30 per pack,£6,20p each,,health-wellbeing-medicines
Haliborange Vitamin D Softies,Haliborange Vitamin D Softies30 per pack,£5.55,18.5p each,,health-wellbeing-medicines
"Haliborange Whole Family Vitamin A, C & D Orange Chewable Tablets ","Haliborange Whole Family Vitamin A, C &...120 per pack",£8.05,6.7p each,,health-wellbeing-medicines
Halls Cherry Flavour Menthol Action Sugar Free Throat Sweet,Halls Cherry Flavour Menthol Acti...32g,75p,£2.34 per 100g,,health-wellbeing-medicines
Halls Extra Strong Menthol Action Throat Sweet,Halls Extra Strong Mentho...33.5g,75p,£2.24 per 100g,,health-wellbeing-medicines
Halls Original Sugar Free Throat Sweet,Halls Original Sugar Free Throat Sweet32g,75p,£2.34 per 100g,,health-wellbeing-medicines
Halls Soothers Blackcurrant Throat Sweet,Halls Soothers Blackcurrant Throat Sweet45g,75p,£1.67 per 100g,,health-wellbeing-medicines
Halls Soothers Cherry,Halls Soothers Cherry10 per pack,75p,7.5p each,,health-wellbeing-medicines
Halls Soothers Throat Sweet Variety Pack 4 Pack,Halls Soothers Throat Sweet Variety Pack 4 Pack180g,£2.25,£1.25 per 100g,,health-wellbeing-medicines
HayMax Organic Pollen Balm,HayMax Organic Pollen Balm5ml,£2.50,£50.00 per 100ml,,health-wellbeing-medicines
Health & Her Menopause Multi Nutrient Support,Health & Her Menopause Multi Nutrient Support,£15,,"Offer price £15, was £20",health-wellbeing-medicines
Health & Her Perimenopause Mind+ Multi Nutrient Support,Health & Her Perimenopause Mind...30 per pack,£13.50,45p each,"Offer price £13.50, was £20",health-wellbeing-medicines
Health & Her Perimenopause Multi Nutrient Support,Health & Her Perimenopause...,£15,,"Offer price £15, was £20",health-wellbeing-medicines
Health & Her Sleep+ Multi Nutrient Support,Health & Her Sleep+ Multi Nutrient Support30 per pack,£15,50p each,"Offer price £15, was £20",health-wellbeing-medicines
Hedrin Treat And Go Mousse,Hedrin Treat And Go Mousse100ml,£6.50,£6.50 per 100ml,,health-wellbeing-medicines
Hell Energy Drink Classic,Hell Energy Drink Classic250ml,70p,28p per 100ml,,health-wellbeing-medicines
HIGH5 Berry Electrolyte Sports Drink Tablets ,HIGH5 Berry Electrolyte Sports Drink Tablets 20 per pack,£6.99,35p each,,health-wellbeing-medicines
HIGH5 Berry Energy Gel Multipack ,HIGH5 Berry Energy Gel Multipack 6 x 44g,£7.95,£3.01 per 100g,,health-wellbeing-medicines
HIGH5 Citrus Electrolyte Sports Drink Tablets ,HIGH5 Citrus Electrolyte Sports Drink Tablets 20 per pack,£6.99,35p each,,health-wellbeing-medicines
HIGH5 Citrus Energy Drink Powder,HIGH5 Citrus Energy Drink Powder1kg,£18,£1.80 per 100g,,health-wellbeing-medicines
HIGH5 Energy Gel Taster Pack ,HIGH5 Energy Gel Taster Pack 8 per pack,£11.95,£1.49 each,,health-wellbeing-medicines
HIGH5 Orange Energy Gel Multipack ,HIGH5 Orange Energy Gel Multipack 6 x 44g,£7.95,£3.01 per 100g,,health-wellbeing-medicines
HIGH5 Raspberry Caffeine Energy Gel ,HIGH5 Raspberry Caffeine Energy Gel 40g,£2.30,£5.75 per 100g,,health-wellbeing-medicines
HIGH5 Tropical Electrolyte Sports Drink Tablets ,HIGH5 Tropical Electrolyte Sports Drink Tablets 20 per pack,£6.99,35p each,,health-wellbeing-medicines
HIGH5 ZERO Blackcurrant Electrolyte Sports Drink Tablets ,HIGH5 ZERO Blackcurrant Electroly...20 per pack,£7.65,38.3p each,,health-wellbeing-medicines
HIGH5 ZERO Strawberry & Kiwi Electrolyte Sports Drink Tablets ,HIGH5 ZERO Strawberry & Kiwi Electr...20 per pack,£7.65,38.3p each,,health-wellbeing-medicines
"Higher Nature Everyday Essentials Complete Omegas 3, 6, 7 & 9 Capsules ",Higher Nature Everyday Essent...90 per pack,£24,26.7p each,,health-wellbeing-medicines
Higher Nature Everyday Essentials High Strength B Complex Vitamin Capsules ,Higher Nature Everyday Essentia...90 per pack,£20,22.2p each,,health-wellbeing-medicines
Higher Nature Everyday Essentials Magnesium Effervescent Tablets 200mg,Higher Nature Everyday Essent...20 per pack,£6,30p each,,health-wellbeing-medicines
Higher Nature Everyday Essentials Multivitamin Effervescent Tablets 200mg,Higher Nature Everyday Essentia...20 per pack,£6,30p each,,health-wellbeing-medicines
Higher Nature Everyday Essentials Super Magnesium Capsules 300mg,Higher Nature Everyday Esse...90 per pack,£19,21.1p each,,health-wellbeing-medicines
Higher Nature Everyday Essentials Vitamin C Effervescent Tablets 1000mg,Higher Nature Everyday Essent...20 per pack,£4.50,22.5p each,,health-wellbeing-medicines
Higher Nature Everyday Essentials Vitamin D3 Capsules 2000iu,Higher Nature Everyday Essentials V...120 per pack,£12,10p each,,health-wellbeing-medicines
Higher Nature Immune Effervescent,Higher Nature Immune Effervescent20 per pack,£6.50,32.5p each,,health-wellbeing-medicines
Higher Nature Kid's Growing Bones Strawberry Chewable Tablets 3yrs+,Higher Nature Kid's Growing...90 per pack,£20,22.2p each,,health-wellbeing-medicines
Higher Nature Super Potency Fish Oil,Higher Nature Super Potency Fish Oil90 per pack,£35,38.9p each,,health-wellbeing-medicines
Hri Clear Complexion Tablets,Hri Clear Complexion Tablets60 per pack,£5.50,9.2p each,,health-wellbeing-medicines
Hri Coldcare Tablets,Hri Coldcare Tablets30 per pack,£2,6.7p each,,health-wellbeing-medicines
Hri Good Mood Tablets,Hri Good Mood Tablets30 per pack,£9,30p each,,health-wellbeing-medicines
Hri Milk Thistle Tablets,Hri Milk Thistle Tablets30 per pack,£13,43.3p each,,health-wellbeing-medicines
HRI Water Balance Tablets    ,HRI Water Balance Tablets    60 per pack,£4.50,7.5p each,,health-wellbeing-medicines
Imodium Instants Loperamide Hydrochloride ,Imodium Instants Loperamide Hydrochloride 12 per pack,£6.50,54.2p each,,health-wellbeing-medicines
Imodium Instants Tablets,Imodium Instants Tablets6 per pack,£3.80,63.3p each,,health-wellbeing-medicines
Imodium Original Capsules,Imodium Original Capsules12 per pack,£5.50,45.8p each,,health-wellbeing-medicines
Imodium Original Capsules 2mg,Imodium Original Capsules 2mg6 per pack,£3.30,55p each,,health-wellbeing-medicines
Imodium Plus Comfort Tablets,Imodium Plus Comfort Tablets6 per pack,£4.50,75p each,,health-wellbeing-medicines
Ineos Anti Bacterial Sterile Sanitiser For Hands,Ineos Anti Bacterial Sterile Sanitiser For Hands500ml,£4.35,87p per 100ml,,health-wellbeing-medicines
Ineos Sanitiser Spray For Hands,Ineos Sanitiser Spray For Hands100ml,£2.40,£2.40 per 100ml,,health-wellbeing-medicines
Jakemans Honey & Lemon,Jakemans Honey & Lemon73g,99p,£1.36 per 100g,,health-wellbeing-medicines
Jakemans Throat & Chest,Jakemans Throat & Chest73g,99p,£1.36 per 100g,,health-wellbeing-medicines
Jellyworks Superhero Plasters,Jellyworks Superhero Plasters16 per pack,£1.20,7.5p each,,health-wellbeing-medicines
John West On The Go Tuna Indian Rice Pot Biryani Curry,John West On The Go Tuna Indian...120g,£1.99,£1.66 per 100g,,health-wellbeing-medicines
John West On The Go Tuna Thai Noodle Pot Green Curry,John West On The Go Tuna Thai...120g,£1.99,£1.66 per 100g,,health-wellbeing-medicines
John West Pink Salmon,John West Pink Salmon3 x 80g,£4.25,£1.77 per 100g,,health-wellbeing-medicines
Jungle Formula Insect Repellent Maximum Aerosol,Jungle Formula Insect Rep...125ml,£10,£8.00 per 100ml,,health-wellbeing-medicines
Jungle Formula Maximum Insect Repellent Pump with DEET,Jungle Formula Maximum Insect R...90ml,£10,£111.11 per litre,,health-wellbeing-medicines
Jungle Formula Outdoor & Camping Insect Repellent Factor,Jungle Formula Outdoor & Campin...90ml,£8,£88.89 per litre,,health-wellbeing-medicines
Kalms Day,Kalms Day84 per pack,£4,4.8p each,,health-wellbeing-medicines
Kalms Lavender One-A-Day 14 Capsules,Kalms Lavender One-A-Day 14 Capsules,£6.50,,,health-wellbeing-medicines
Kalms Night            ,Kalms Night            50 per pack,£4,8p each,,health-wellbeing-medicines
Kalms Night (One A Night ),Kalms Night (One A Night )21 per pack,£5,23.8p each,,health-wellbeing-medicines
Keia Nourishing Lip Balm ,Keia Nourishing Lip Balm 10ml,£2.75,£2.75 per 10ml,,health-wellbeing-medicines
Keia Soothing Pillow Mist ,Keia Soothing Pillow Mist 100ml,£3.99,£3.99 per 100ml,,health-wellbeing-medicines
Kleenex Hygiene Kids Mask 5Pk,Kleenex Hygiene Kids Mask 5Pk,£4,,,health-wellbeing-medicines
Knect Personal Water Based Lubricant,Knect Personal Water Based Lubricant75ml,£4.49,£5.99 per 100ml,,health-wellbeing-medicines
Kool'N'Soothe Soft Gel Sheets,Kool'N'Soothe Soft Gel Sheets,£2.60,,,health-wellbeing-medicines
Lanacane Anti-Itch Cream,Lanacane Anti-Itch Cream30g,£4,£13.33 per 100g,,health-wellbeing-medicines
Lavender Oil,Lavender Oil10ml,£2.50,£2.50 per 10ml,,health-wellbeing-medicines
Lemsip Cold & Flu Lemon Sachets,Lemsip Cold & Flu Lemon Sachets10 per pack,£4,40p each,,health-wellbeing-medicines
Lemsip Cough For Mucus ,Lemsip Cough For Mucus 180ml,£8,£4.44 per 100ml,,health-wellbeing-medicines
Lemsip First Action Spray,Lemsip First Action Spray20ml,£7,£35.00 per 100ml,,health-wellbeing-medicines
Lemsip Max All In 1 Capsules,Lemsip Max All In 1 Capsules8 per pack,£2.50,31.3p each,,health-wellbeing-medicines
Lemsip Max Cold & Flu Capsules,Lemsip Max Cold & Flu Capsules16 per pack,£4.25,26.6p each,,health-wellbeing-medicines
Lemsip Max Cold & Flu Lemon Powder for Oral Solution 10 Sachets,Lemsip Max Cold & Flu Lemon Powder fo...10 per pack,£5,50p each,,health-wellbeing-medicines
Lemsip Max Day & Night Cold & Flu Relief Capsules,Lemsip Max Day & Night Cold & Flu Relief Capsules16 per pack,£5.25,32.8p each,,health-wellbeing-medicines
Lemsip Max Infusions Honey & Ginger Sachets,Lemsip Max Infusions Honey & Ginger Sachets10 per pack,£5,50p each,,health-wellbeing-medicines
Lemsip Wild Berry & Hot Orange Hot Drink Max All In One ,Lemsip Wild Berry & Hot Orange...8 per pack,£5.50,68.8p each,,health-wellbeing-medicines
Lift Glucose Tablets Orange,Lift Glucose Tablets Orange10 per pack,99p,9.9p each,Buy 2 for £1.50,health-wellbeing-medicines
Lift Glucose Tablets Raspberry,Lift Glucose Tablets Raspberry10 per pack,99p,9.9p each,Buy 2 for £1.50,health-wellbeing-medicines
Lift Raspberry Fast-Acting Glucose ,Lift Raspberry Fast-Acting Glucose 50 per pack,£2.50,5p each,"Offer price £2.50, was £3.50",health-wellbeing-medicines
lights by TENA Incontinence Liners,lights by TENA Incontinence Liners24 per pack,£1.90,7.9p each,"Offer price £1.90, was £2.25",health-wellbeing-medicines
lights by TENA Incontinence Liners Duo,lights by TENA Incontinence Liners Duo48 per pack,£3.75,7.8p each,,health-wellbeing-medicines
lights by TENA Light Incontinence Liners,lights by TENA Light Incontinence Liners28 per pack,£1.90,6.8p each,"Offer price £1.90, was £2.25",health-wellbeing-medicines
lights by TENA Long Incontinence Liners,lights by TENA Long Incontinence Liners,£1.90,,"Offer price £1.90, was £2.25",health-wellbeing-medicines
Lockets Honey & Lemon Cough Sweet Lozenges,Lockets Honey & Lemon Cough Sweet Lozenges41g,69p,£1.68 per 100g,,health-wellbeing-medicines
Lyclear Shampoo Head Lice Treatment + Head Lice Comb,Lyclear Shampoo Head Lice Tre...200ml,£12,£6.00 per 100ml,,health-wellbeing-medicines
Ma Baker Giant Bar Apple ,Ma Baker Giant Bar Apple 90g,89p,98.9p per 100g,,health-wellbeing-medicines
Ma Baker Giant Bar Cherry ,Ma Baker Giant Bar Cherry 90g,89p,98.9p per 100g,,health-wellbeing-medicines
Ma Baker Raspberry Flapjacks Sugar'D Out 4 Pack,Ma Baker Raspberry Flapja...4 x 50g,£2.60,13p per 10g,,health-wellbeing-medicines
Ma Baker Sugar'D Out Apricot Flapjacks 4 Pack,Ma Baker Sugar'D Out Apricot Flapjacks 4 Pack4 x 50g,£2.60,13p per 10g,,health-wellbeing-medicines
MacuShield Supplement by Eye Experts Original Formula Capsules ,MacuShield Supplement by Eye Experts...30 per pack,£19,63.3p each,,health-wellbeing-medicines
Mates Skyn Original Condoms,Mates Skyn Original Condoms10 per pack,£8,80p each,"Offer price £8, was £10",health-wellbeing-medicines
Maximuscle Banana Fudge Plant Max Protein Powder ,Maximuscle Banana Fudge Pla...480g,£21.60,£4.50 per 100g,,health-wellbeing-medicines
Maximuscle Caramel Millionaires Protein Bar,Maximuscle Caramel Millionaires Protein Bar45g,£2.20,£4.89 per 100g,,health-wellbeing-medicines
Maximuscle Chocolate Max Whey Protein Powder ,Maximuscle Chocolate Max...420g,£20,£4.76 per 100g,,health-wellbeing-medicines
Maximuscle Cinnamon Swirl Protein Bar,Maximuscle Cinnamon Swirl Protein Bar45g,£2.20,£4.89 per 100g,,health-wellbeing-medicines
Maximuscle Cookies & Cream Protein Bar,Maximuscle Cookies & Cream Protein Bar45g,£2.20,£4.89 per 100g,,health-wellbeing-medicines
Maximuscle New York Vanilla Cheesecake Protein Bar,Maximuscle New York Vanilla...45g,£2.20,£4.89 per 100g,,health-wellbeing-medicines
Maximuscle Raspberry Coconut Protein Bar,Maximuscle Raspberry Coconut Protein Bar45g,£2.20,£4.89 per 100g,,health-wellbeing-medicines
Maximuscle Salted Caramel Protein Bar,Maximuscle Salted Caramel Protein Bar45g,£2.20,£4.89 per 100g,,health-wellbeing-medicines
Maximuscle Strawberry Max Whey Protein Powder ,Maximuscle Strawberry Max...480g,£20,£4.17 per 100g,,health-wellbeing-medicines
Maximuscle Vanilla Ice Cream Protein Milk,Maximuscle Vanilla Ice Cream Protein Milk330ml,£3,90.9p per 100ml,,health-wellbeing-medicines
Maximuscle Vanilla Max Whey Protein Powder ,Maximuscle Vanilla Max Whey Protein Powder 420g,£20,£4.76 per 100g,,health-wellbeing-medicines
Medahuman Energy ,Medahuman Energy 250ml,£2,80p per 100ml,"Offer price £2, was £2.50",health-wellbeing-medicines
Medahuman Glow,Medahuman Glow250ml,£2,80p per 100ml,"Offer price £2, was £2.50",health-wellbeing-medicines
Medahuman Night,Medahuman Night250ml,£2,80p per 100ml,"Offer price £2, was £2.50",health-wellbeing-medicines
Medahuman Recover ,Medahuman Recover 250ml,£2,80p per 100ml,"Offer price £2, was £2.50",health-wellbeing-medicines
Medahuman Relax ,Medahuman Relax 250ml,£2,80p per 100ml,"Offer price £2, was £2.50",health-wellbeing-medicines
Mentholatum Ibuprofen Gel,Mentholatum Ibuprofen Gel35g,£1.85,£5.29 per 100g,,health-wellbeing-medicines
Migraine Kool'n'Soothe Migraine Soft Gel Sheet,Migraine Kool'n'Soothe Migraine Soft Gel Sheet4 per pack,£3.30,82.5p each,,health-wellbeing-medicines
Morrisons 12 Comfort Pads Normal,Morrisons 12 Comfort Pads Normal12 per pack,£1.65,13.8p each,,health-wellbeing-medicines
Morrisons 5cm Fixing Bandage  ,Morrisons 5cm Fixing Bandage  ,80p,,,health-wellbeing-medicines
Morrisons A-Z Multi Vitamins    ,Morrisons A-Z Multi Vitamins    60 per pack,£3.25,5.4p each,,health-wellbeing-medicines
Morrisons Acute Diarrhoea Relief Caps,Morrisons Acute Diarrhoea Relief Caps6 per pack,£1.25,20.8p each,,health-wellbeing-medicines
Morrisons Acute Diarrhoea Relief Caps,Morrisons Acute Diarrhoea Relief Caps6 per pack,£1.35,22.5p each,,health-wellbeing-medicines
Morrisons Adult Multivitamin Gummies Raspberry,Morrisons Adult Multivita...60 per pack,£5,8.3p each,,health-wellbeing-medicines
Morrisons Adult Vitamin C Immune Gummies Orange,Morrisons Adult Vitamin C Immune Gummies Orange60 per pack,£5,8.3p each,,health-wellbeing-medicines
Morrisons Ankle Support Medium       ,Morrisons Ankle Support Medium       ,£3.50,,,health-wellbeing-medicines
Morrisons Antiseptic Wipes ,Morrisons Antiseptic Wipes 10 per pack,£1,10p each,,health-wellbeing-medicines
Morrisons Aqueous Cream,Morrisons Aqueous Cream500g,£5,£1.00 per 100g,,health-wellbeing-medicines
Morrisons Bite & Sting Cream,Morrisons Bite & Sting Cream10g,£3,£30.00 per 100g,,health-wellbeing-medicines
Morrisons Blister Plasters ,Morrisons Blister Plasters 5 per pack,£2.25,45p each,,health-wellbeing-medicines
Morrisons Brightening Eye Drops,Morrisons Brightening Eye Drops10ml,£2.50,£2.50 per 10ml,,health-wellbeing-medicines
Morrisons Bronchial Balsam,Morrisons Bronchial Balsam300ml,£2.50,83.3p per 100ml,,health-wellbeing-medicines
Morrisons Calamine Lotion,Morrisons Calamine Lotion200ml,£2.40,£1.20 per 100ml,,health-wellbeing-medicines
Morrisons Calcium And Vitamin D,Morrisons Calcium And Vitamin D120 per pack,£3,2.5p each,,health-wellbeing-medicines
Morrisons Chesty Cough,Morrisons Chesty Cough300ml,£2.50,83.3p per 100ml,,health-wellbeing-medicines
Morrisons Chewable Vitamin C 200Mg Orange Flavour,Morrisons Chewable Vitamin...60 per pack,£2,3.3p each,,health-wellbeing-medicines
Morrisons Chocolate Whey Powder,Morrisons Chocolate Whey Powder400g,£7.50,£1.88 per 100g,,health-wellbeing-medicines
Morrisons Clear Plasters    ,Morrisons Clear Plasters    40 per pack,£1.20,3p each,,health-wellbeing-medicines
Morrisons Cod Liver Oil & Multivitamins ,Morrisons Cod Liver Oil & Multivitamins 60 per pack,£3,5p each,,health-wellbeing-medicines
Morrisons Cod Liver Oil 500 Mg ,Morrisons Cod Liver Oil 500 Mg 120 per pack,£3.50,2.9p each,,health-wellbeing-medicines
Morrisons Cold Sore Cream,Morrisons Cold Sore Cream2g,£3.50,£175.00 per 100g,,health-wellbeing-medicines
Morrisons Comfort Liners,Morrisons Comfort Liners24 per pack,£1.65,6.9p each,,health-wellbeing-medicines
Morrisons Comfort Liners Long,Morrisons Comfort Liners Long20 per pack,£1.65,8.3p each,,health-wellbeing-medicines
Morrisons Comfort Pads Extra,Morrisons Comfort Pads Extra10 per pack,£1.65,16.5p each,,health-wellbeing-medicines
Morrisons Comfort Pads Extra Plus,Morrisons Comfort Pads Extra Plus8 per pack,£1.65,20.6p each,,health-wellbeing-medicines
Morrisons Comfort Pants Large,Morrisons Comfort Pants Large10 per pack,£6.25,62.5p each,,health-wellbeing-medicines
Morrisons Comfort Pants Medium,Morrisons Comfort Pants Medium12 per pack,£6.25,52.1p each,,health-wellbeing-medicines
Morrisons Comfort Pants Super Protection Large,Morrisons Comfort Pants Super Protection Large12 per pack,£8,66.7p each,,health-wellbeing-medicines
Morrisons Comfort Pants Super Protection Medium,Morrisons Comfort Pants Super Protection Medium12 per pack,£8,66.7p each,,health-wellbeing-medicines
Morrisons Contact Lens Solution,Morrisons Contact Lens Solution250ml,£4,£1.60 per 100ml,,health-wellbeing-medicines
Morrisons Corn Removal Plasters 5'S,Morrisons Corn Removal Plasters 5'S,£3.50,,,health-wellbeing-medicines
Morrisons Cracked Heal Balm,Morrisons Cracked Heal Balm56g,£3,£5.36 per 100g,,health-wellbeing-medicines
Morrisons Cystitis Relief Sachets,Morrisons Cystitis Relief Sachets6 per pack,£1.50,25p each,,health-wellbeing-medicines
Morrisons Dark Skin Tone Plasters,Morrisons Dark Skin Tone Plasters40 per pack,£1.20,3p each,,health-wellbeing-medicines
Morrisons Dry Eye Drops,Morrisons Dry Eye Drops10ml,£2.50,£2.50 per 10ml,,health-wellbeing-medicines
Morrisons Dry Eye Mist,Morrisons Dry Eye Mist15ml,£6,£4.00 per 10ml,,health-wellbeing-medicines
Morrisons Dry Tickly Cough,Morrisons Dry Tickly Cough300ml,£2.50,83.3p per 100ml,,health-wellbeing-medicines
Morrisons Dual Action Blackcurrant Lozenges ,Morrisons Dual Action Blackcurrant Lozenges 36 per pack,£3,8.3p each,,health-wellbeing-medicines
Morrisons Dual Action Lozenges Honey & Lemon ,Morrisons Dual Action Lozenges Honey & Lemon 36 per pack,£3,8.3p each,,health-wellbeing-medicines
Morrisons Elastic Tubular Bandage ,Morrisons Elastic Tubular Bandage 1m,£2.25,£2.25 per 1m,,health-wellbeing-medicines
Morrisons Elastic Tubular Bandage Size D 75mm x 1m,Morrisons Elastic Tubular B...,£2.25,,,health-wellbeing-medicines
Morrisons Energise Effervescent Vitamins,Morrisons Energise Effervescent Vitamins20 per pack,£1.35,6.8p each,,health-wellbeing-medicines
Morrisons Express Pain Relief,Morrisons Express Pain Relief16 per pack,£2.89,18.1p each,,health-wellbeing-medicines
Morrisons Extra Tough Plasters,Morrisons Extra Tough Plasters20 per pack,£1.20,6p each,,health-wellbeing-medicines
Morrisons Eye Wash,Morrisons Eye Wash300ml,£4,£1.33 per 100ml,,health-wellbeing-medicines
Morrisons Fabric Dressing Strips ,Morrisons Fabric Dressing Strips 10 per pack,£1.49,14.9p each,,health-wellbeing-medicines
Morrisons Fabric Strapping ,Morrisons Fabric Strapping 3m,£2.25,75p per 1m,,health-wellbeing-medicines
Morrisons First Aid Spray,Morrisons First Aid Spray100ml,£2,£2.00 per 100ml,,health-wellbeing-medicines
Morrisons Flexi-Tip Thermometer,Morrisons Flexi-Tip Thermometer,£7.50,,,health-wellbeing-medicines
Morrisons Folic Acid,Morrisons Folic Acid180 per pack,£2.50,1.4p each,,health-wellbeing-medicines
Morrisons Foot Care Blister Plasters 5Pk,Morrisons Foot Care Blister Plasters 5Pk5 per pack,£3,60p each,,health-wellbeing-medicines
Morrisons Glucosamine & Chrondroitin,Morrisons Glucosamine & Chrondroitin30 per pack,£4,13.3p each,,health-wellbeing-medicines
Morrisons Glucosamine Sulphate 500 Mg ,Morrisons Glucosamine Sulphate 500 Mg 30 per pack,£2.50,8.3p each,,health-wellbeing-medicines
Morrisons Hayfever And Allergy Relief Tablets,Morrisons Hayfever And Allergy Relief Tablets14 per pack,£2.15,15.4p each,,health-wellbeing-medicines
Morrisons Heartburn & Indigestion Liquid,Morrisons Heartburn & Indigestion Liquid200ml,£2.65,£1.33 per 100ml,,health-wellbeing-medicines
Morrisons Herbals Echinacea Tablets,Morrisons Herbals Echinacea Tablets30 per pack,£3.50,11.7p each,,health-wellbeing-medicines
Morrisons Herbals St John's Wort Tablets,Morrisons Herbals St John's Wort Tablets30 per pack,£3.50,11.7p each,,health-wellbeing-medicines
Morrisons High Strength Cod Liver Oil 1000 Mg ,Morrisons High Strength Cod Liver Oil 1000 Mg 60 per pack,£3.75,6.3p each,,health-wellbeing-medicines
Morrisons High Strength Evening Primrose Oil 1000 Mg,Morrisons High Strength Eveni...30 per pack,£3,10p each,,health-wellbeing-medicines
Morrisons High Strength Glucosamine Vitamins ,Morrisons High Strength Glucosamine Vitamins 30 per pack,£4,13.3p each,,health-wellbeing-medicines
Morrisons High Strength Vitamin D Vitamins ,Morrisons High Strength Vitamin D Vitamins 90 per pack,£3.25,3.6p each,Winter Immune Booster Bundle for £8,health-wellbeing-medicines
Morrisons Hydrocolloid Dressings,Morrisons Hydrocolloid Dressings5 per pack,£2.60,52p each,,health-wellbeing-medicines
Morrisons Hydrocolloid Plasters ,Morrisons Hydrocolloid Plasters 16 per pack,£2.25,14.1p each,,health-wellbeing-medicines
Morrisons Ibuprofen 200mg Caplets,Morrisons Ibuprofen 200mg Caplets16 per pack,45p,2.8p each,,health-wellbeing-medicines
Morrisons Ibuprofen 200mg Tablets,Morrisons Ibuprofen 200mg Tablets16 per pack,45p,2.8p each,,health-wellbeing-medicines
Morrisons Ibuprofen Caplets,Morrisons Ibuprofen Caplets16 per pack,45p,2.8p each,,health-wellbeing-medicines
Morrisons Incontinence Pads Male,Morrisons Incontinence Pads Male10 per pack,£3,30p each,,health-wellbeing-medicines
Morrisons In Shape Chocolate Meal Replacement Drink,Morrisons In Shape Chocolate...348g,£5.50,£1.58 per 100g,,health-wellbeing-medicines
Morrisons In Shape Strawberry Meal Replacement Drink,Morrisons In Shape Strawberry...348g,£5.50,£1.58 per 100g,,health-wellbeing-medicines
Morrisons In Shape Vanilla Meal Replacement Drink,Morrisons In Shape Vanilla Meal Replacement Drink348g,£5.50,£1.58 per 100g,,health-wellbeing-medicines
Morrisons Iron 14 Mg ,Morrisons Iron 14 Mg 120 per pack,£2.50,2.1p each,,health-wellbeing-medicines
Morrisons Irritated Eye Drops,Morrisons Irritated Eye Drops10ml,£3.50,£3.50 per 10ml,,health-wellbeing-medicines
Morrisons Junior Paracetamol Suspension,Morrisons Junior Paracetamol Suspension100ml,£2.15,£2.15 per 100ml,,health-wellbeing-medicines
Morrisons Kids Chewable Multivitamins,Morrisons Kids Chewable Multivitamins90 per pack,£3,3.3p each,,health-wellbeing-medicines
Morrisons Kids Multivitamin & Omega Gummies Orange,Morrisons Kids Multivitamin...60 per pack,£5,8.3p each,,health-wellbeing-medicines
Morrisons Kids Multivitamin Gummies Strawberry,Morrisons Kids Multivitam...60 per pack,£5,8.3p each,,health-wellbeing-medicines
Morrisons Kids Vitamin C Immune Gummies Blackcurrant,Morrisons Kids Vitamin C Immu...60 per pack,£5,8.3p each,,health-wellbeing-medicines
Morrisons Knee Support Large,Morrisons Knee Support Large,£4.50,,,health-wellbeing-medicines
Morrisons Laxative Tablets,Morrisons Laxative Tablets20 per pack,£2.65,13.3p each,,health-wellbeing-medicines
Morrisons Lens Wipes 26 Pack,Morrisons Lens Wipes 26 Pack,£1.35,,,health-wellbeing-medicines
Morrisons Light Skin Tone Plasters,Morrisons Light Skin Tone Plasters40 per pack,£1.20,3p each,,health-wellbeing-medicines
Morrisons Long Lasting Pain Relief Ibuprofen Capsules,Morrisons Long Lasting Pain R...8 per pack,£2,25p each,,health-wellbeing-medicines
Morrisons Magnesium 375 Mg  ,Morrisons Magnesium 375 Mg  45 per pack,£3,6.7p each,,health-wellbeing-medicines
Morrisons Maxi Night Comfort Pads ,Morrisons Maxi Night Comfort Pads 6 per pack,£1.65,27.5p each,,health-wellbeing-medicines
Morrisons Max Strength Cold & Flu Day & Night Capsules,Morrisons Max Strength Cold & F...16 per pack,£2.50,15.6p each,,health-wellbeing-medicines
Morrisons Max Strength Cold & Flu Relief All In One Capsules,Morrisons Max Strength Cold & Flu R...16 per pack,£3,18.8p each,,health-wellbeing-medicines
Morrisons Max Strength Cold & Flu Relief Capsules,Morrisons Max Strength Cold & Flu Relief Capsules16 per pack,£2.50,15.6p each,,health-wellbeing-medicines
Morrisons Max Strength Cold & Flu Relief Sachets,Morrisons Max Strength Cold & Flu Relief Sachets10 per pack,£3.30,33p each,,health-wellbeing-medicines
Morrisons Max Strength Congestion Relief Capsules,Morrisons Max Strength Cong...12 per pack,£2.15,17.9p each,,health-wellbeing-medicines
Morrisons Medium Skin Tone Plasters,Morrisons Medium Skin Tone Plasters40 per pack,£1.20,3p each,,health-wellbeing-medicines
Morrisons Menopause Vitamins ,Morrisons Menopause Vitamins 30 per pack,£3.25,10.8p each,,health-wellbeing-medicines
Morrisons Men's A - Z 50+ Vitamins ,Morrisons Men's A - Z 50+ Vitamins 30 per pack,£3.50,11.7p each,,health-wellbeing-medicines
Morrisons Men'S Health Vitamins ,Morrisons Men'S Health Vitamins 30 per pack,£3.50,11.7p each,,health-wellbeing-medicines
Morrisons Microporous Tape ,Morrisons Microporous Tape ,£1.29,,,health-wellbeing-medicines
Morrisons Moleskin Roll,Morrisons Moleskin Roll,£3.70,,,health-wellbeing-medicines
Morrisons Morrisons Max Strength Lemon Cold & Flu Relief Sachets,Morrisons Morrisons Max Strength Lemo...10 per pack,£3,30p each,,health-wellbeing-medicines
Morrisons Multi Vitamins    ,Morrisons Multi Vitamins    60 per pack,£1,1.7p each,,health-wellbeing-medicines
Morrisons Multi Vitamins & Iron ,Morrisons Multi Vitamins & Iron 180 per pack,£3.50,1.9p each,,health-wellbeing-medicines
Morrisons Nasal Decongestant Spray,Morrisons Nasal Decongestant Spray15ml,£1.90,£12.67 per 100ml,,health-wellbeing-medicines
Morrisons Nicotine Replacement Lozenges 2Mg,Morrisons Nicotine Repl...72 per pack,£7,9.7p each,,health-wellbeing-medicines
Morrisons Nicotine Replacement Lozenges 4Mg,Morrisons Nicotine Repl...72 per pack,£7,9.7p each,,health-wellbeing-medicines
Morrisons Non-Adherent Dressing Pads,Morrisons Non-Adherent Dressing Pads5 per pack,£1.29,25.8p each,,health-wellbeing-medicines
Morrisons One-A-Day Hayfever & Allergy Relief Cetirizine Tablets,Morrisons One-A-Day Hayfever & Allerg...30 per pack,£2.89,9.6p each,,health-wellbeing-medicines
Morrisons One-A-Day Hayfever & Allergy Relief Tablets Loratadine,Morrisons One-A-Day Hayfever & Allerg...30 per pack,£2.89,9.6p each,,health-wellbeing-medicines
Morrisons One-a-Day Hay Fever Relief Tablets,Morrisons One-a-Day Hay Fever Relief Tablets14 per pack,£2.15,15.4p each,,health-wellbeing-medicines
Morrisons Orange Antacid Tablets,Morrisons Orange Antacid Tablets48 per pack,£2.69,5.6p each,,health-wellbeing-medicines
Morrisons Orange Flavour Chewable Vitamin C 1000 Mg,Morrisons Orange Flavour Chew...60 per pack,£3.50,5.8p each,Winter Immune Booster Bundle for £8,health-wellbeing-medicines
Morrisons Organic Muesli ,Morrisons Organic Muesli 500g,£2.50,50p per 100g,,health-wellbeing-medicines
Morrisons Organic Quinoa Flakes ,Morrisons Organic Quinoa Flakes 500g,£4.50,90p per 100g,,health-wellbeing-medicines
Morrisons Paracetamol 500 Mg Caplets,Morrisons Paracetamol 500 Mg Caplets16 per pack,39p,2.4p each,,health-wellbeing-medicines
Morrisons Paracetamol 500Mg Capsules,Morrisons Paracetamol 500Mg Capsules16 per pack,99p,6.2p each,,health-wellbeing-medicines
Morrisons Paracetamol 6+ Suspension,Morrisons Paracetamol 6+ Suspension80ml,£2.05,£2.56 per 100ml,,health-wellbeing-medicines
Morrisons Paracetamol Plus Caplets,Morrisons Paracetamol Plus Caplets16 per pack,£1,6.3p each,,health-wellbeing-medicines
Morrisons Peach Ethical Spectacle Spray & Cloth,Morrisons Peach Ethical Spectacle Spray & Cloth50ml,£2,£4.00 per 100ml,,health-wellbeing-medicines
Morrisons Peppermint Antacid Tablets,Morrisons Peppermint Antacid Tablets48 per pack,£2.69,5.6p each,,health-wellbeing-medicines
Morrisons Pregnancy Test Kits,Morrisons Pregnancy Test Kits2 per pack,£3.50,£1.75 each,,health-wellbeing-medicines
Morrisons Saline Solution,Morrisons Saline Solution360ml,£2,55.6p per 100ml,,health-wellbeing-medicines
Morrisons Self Adhesive Dressing ,Morrisons Self Adhesive Dressing 5 per pack,£1.49,29.8p each,,health-wellbeing-medicines
Morrisons Silicone Plasters,Morrisons Silicone Plasters12 per pack,£2,16.7p each,,health-wellbeing-medicines
"Morrisons Skin, Hair & Nails Vitamins ","Morrisons Skin, Hair & Nails Vitamins 30 per pack",£3.25,10.8p each,,health-wellbeing-medicines
Morrisons Sterile Cuts & Graze Plasters ,Morrisons Sterile Cuts & Graze Plasters 5 per pack,£1.49,29.8p each,,health-wellbeing-medicines
Morrisons Support Bandage  ,Morrisons Support Bandage  ,£3,,,health-wellbeing-medicines
Morrisons Tired Eye Drops,Morrisons Tired Eye Drops10ml,£2.50,£25.00 per 100ml,,health-wellbeing-medicines
Morrisons Travel First Aid Kit,Morrisons Travel First Aid Kit,£7.35,,,health-wellbeing-medicines
"Morrisons Vegan Omega 3,6 & 9","Morrisons Vegan Omega 3,6 & 930 per pack",£3,10p each,,health-wellbeing-medicines
Morrisons Vitamin B Complex ,Morrisons Vitamin B Complex 120 per pack,£2.50,2.1p each,Winter Immune Booster Bundle for £8,health-wellbeing-medicines
Morrisons Vitamin C & Zinc,Morrisons Vitamin C & Zinc60 per pack,£2.25,3.8p each,,health-wellbeing-medicines
Morrisons Vitamin C And Zinc Effervescent Vitamins,Morrisons Vitamin C And Zinc Effervescent Vitamins20 per pack,£1.35,6.8p each,,health-wellbeing-medicines
Morrisons Vitamin C Effervescent Vitamins,Morrisons Vitamin C Effervescent Vitamins20 per pack,£1.35,6.8p each,,health-wellbeing-medicines
Morrisons Vitamin E 400Iu ,Morrisons Vitamin E 400Iu 30 per pack,£2,6.7p each,,health-wellbeing-medicines
Morrisons Washproof Plasters    ,Morrisons Washproof Plasters    40 per pack,£1.20,3p each,,health-wellbeing-medicines
Morrisons Women's A - Z 50+ Vitamins ,Morrisons Women's A - Z 50+ Vitamins 30 per pack,£3.50,11.7p each,,health-wellbeing-medicines
Morrisons Women'S Health Vitamins ,Morrisons Women'S Health Vitamins 30 per pack,£3.50,11.7p each,,health-wellbeing-medicines
Motusol Pain Relief Gel 1.16% W/W 30g,Motusol Pain Relief Gel 1.16% W/W 30g30g,£4.79,£15.97 per 100g,,health-wellbeing-medicines
Motusol Pain Relief Gel 1.16% W/W 50g,Motusol Pain Relief Gel 1.16% W/W 50g50g,£5.50,£1.10 per 10g,"Offer price £5.50, was £6.79",health-wellbeing-medicines
Motusol Pain Relief Gel 2.32% W/W 50g,Motusol Pain Relief Gel 2.32% W/W 50g50g,£7,£1.40 per 10g,"Offer price £7, was £8.99",health-wellbeing-medicines
Musclefood High Protein Bar Cookies & Cream ,Musclefood High Protein Bar Cookies & Cream 45g,£1.50,£3.33 per 100g,,health-wellbeing-medicines
Musclefood High Protein Bar Salted Caramel ,Musclefood High Protein Bar Salted Caramel 45g,£1.50,£3.33 per 100g,,health-wellbeing-medicines
Myprotein Clear Whey Isolate Orange & Mango,Myprotein Clear Whey Isolate Orange & Mango261g,£15,£5.75 per 100g,,health-wellbeing-medicines
Myprotein Clear Whey Isolate Peach Tea,Myprotein Clear Whey Isolate Peach Tea244g,£15,£6.15 per 100g,,health-wellbeing-medicines
Myprotein Gooey Filled Cookie Double Choc & Caramel,Myprotein Gooey Filled Cookie...75g,£2.50,£3.33 per 100g,,health-wellbeing-medicines
Myprotein Layered Treat Without The Cheat Choc Sundae,Myprotein Layered Treat Witho...60g,£2.50,£4.17 per 100g,,health-wellbeing-medicines
Myprotein Layered Treat Without The Cheat Peanut Butter,Myprotein Layered Treat Without...60g,£2.50,£4.17 per 100g,,health-wellbeing-medicines
Nasacort Nasal Spray,Nasacort Nasal Spray15ml,£6,£4.00 per 10ml,,health-wellbeing-medicines
Natures Aid 100% MCT Oil Premium Coconut Oil ,Natures Aid 100% MCT Oil Premium Coconut Oil 500ml,£19,£3.80 per 100ml,,health-wellbeing-medicines
Natures Aid 100% MCT Oil Premium Coconut Oil Supplement Capsules ,Natures Aid 100% MCT Oil Premium Coco...120 per pack,£22.70,18.9p each,,health-wellbeing-medicines
Natures Aid Advanced Acidophilus Complex Supplement Capsules ,Natures Aid Advanced Acidophilus Co...60 per pack,£9,15p each,,health-wellbeing-medicines
"Natures Aid Calcium, Magnesium & Vitamin D3 Tablets ","Natures Aid Calcium, Magnesiu...90 per pack",£6,6.7p each,,health-wellbeing-medicines
"Natures Aid Calcium, Magnesium & Zinc Supplement Tablets","Natures Aid Calcium, Magnesium...90 per pack",£8,8.9p each,,health-wellbeing-medicines
Natures Aid Chewable Vitamin C Supplement Capsules 500mg ,Natures Aid Chewable Vitamin C Su...50 per pack,£5.20,10.4p each,,health-wellbeing-medicines
Natures Aid Collagen Beauty Formula Supplement Capsules ,Natures Aid Collagen Beauty For...90 per pack,£20,22.2p each,,health-wellbeing-medicines
"Natures Aid Complete EFA Omega's 3,6 & 9 Soft Gel Capsules ",Natures Aid Complete EFA Omega's...90 per pack,£13,14.4p each,,health-wellbeing-medicines
Natures Aid Cranberry Supplement Tablets 5000mg ,Natures Aid Cranberry Suppl...30 per pack,£5,16.7p each,,health-wellbeing-medicines
Natures Aid Evening Primrose Oil Soft Gel Capsules 1000mg,Natures Aid Evening Primrose Oil...,£12.50,£12.50 each,,health-wellbeing-medicines
Natures Aid Evening Primrose Oil Soft Gel Capsules 1000mg,Natures Aid Evening Primrose Oil...90 per pack,£15,16.7p each,,health-wellbeing-medicines
"Natures Aid Ginger, Turmeric & Bromlelain Supplement Tablets ","Natures Aid Ginger, Turmeric & Brom...60 per pack",£8,13.3p each,,health-wellbeing-medicines
Natures Aid  Ginkgo Biloba Supplement Tablets 6000mg,Natures Aid  Ginkgo Biloba Su...90 per pack,£10,11.1p each,,health-wellbeing-medicines
Natures Aid Glucosamine MSM & Chondroitin ,Natures Aid Glucosamine MSM & Chondroitin 90 per pack,£15,16.7p each,,health-wellbeing-medicines
Natures Aid High Strength Co-Enzyme Q10 Supplement Soft Gels 100mg,Natures Aid High Strength C...90 per pack,£41,45.6p each,,health-wellbeing-medicines
Natures Aid High Strength Vitamin D3 Tablets 1000iu ,Natures Aid High Strength Vitamin D3 Tablets 1000iu 90 per pack,£6.50,7.2p each,,health-wellbeing-medicines
Natures Aid Infant's & Kid's Iron Mini Drops 10mg 3mnths - 5yrs ,Natures Aid Infant's & Kid's Iron Min...50ml,£8.30,£16.60 per 100ml,,health-wellbeing-medicines
Natures Aid Low Acid Vitamin C Tablets 1000mg ,Natures Aid Low Acid Vitamin C Tablets 1000mg 90 per pack,£8,8.9p each,,health-wellbeing-medicines
Natures Aid Magnesium Citrate Supplement Capsules 119mg,Natures Aid Magnesium Citrate S...60 per pack,£8.95,14.9p each,,health-wellbeing-medicines
Natures Aid Maximum Strength Vitamin D3 Tablets 5000iu ,Natures Aid Maximum Strength Vi...60 per pack,£10,16.7p each,,health-wellbeing-medicines
Natures Aid Microbiotics Pro-30 Max Super Strength Supplement Capsules ,Natures Aid Microbiotics Pro...30 per pack,£17,56.7p each,,health-wellbeing-medicines
Natures Aid Mini Drops DHA Omega-3 for Infants & Children,Natures Aid Mini Drops DHA Omega...50ml,£10,£20.00 per 100ml,,health-wellbeing-medicines
Natures Aid Mini Drops Immune Plus for Infants & Children,Natures Aid Mini Drops Immune Plu...,£8.95,£8.95 each,,health-wellbeing-medicines
Natures Aid Mini Drops Vitamin C Sprinkles,Natures Aid Mini Drops Vitamin C Sprinkles90g,£7.25,£8.06 per 100g,,health-wellbeing-medicines
Natures Aid PremEeze Agnus Castus Capsules 400mg,Natures Aid PremEeze Agnus...60 per pack,£10,16.7p each,,health-wellbeing-medicines
Natures Aid Probiotic Complex Supplement Capsules ,Natures Aid Probiotic Compl...60 per pack,£11.79,19.6p each,,health-wellbeing-medicines
Natures Aid Sea Buckthorn Oil Omega-7 Soft Gel Supplement Capsules 500mg ,Natures Aid Sea Buckthorn Oil O...60 per pack,£16.50,27.5p each,,health-wellbeing-medicines
Natures Aid Superfoods Tumeric Supplement Capsules 8200mg,Natures Aid Superfoods Tumeric Su...30 per pack,£9.95,33.2p each,,health-wellbeing-medicines
Natures Aid Super Strength Omega-3 Fish Oil Softgels,Natures Aid Super Strength Om...60 per pack,£12,20p each,,health-wellbeing-medicines
Natures Aid Super Strength Vitamin D3 Tablets 4000iu ,Natures Aid Super Strength Vi...60 per pack,£9.30,15.5p each,,health-wellbeing-medicines
Natures Aid Ubiquinol reduced Co-Q-10 Soft Gels 50mg ,Natures Aid Ubiquinol reduced...30 per pack,£16,53.3p each,,health-wellbeing-medicines
Natures Aid Ucalm 300mg T St John's Wort Extract Tablets ,Natures Aid Ucalm 300mg T St John...60 per pack,£9.99,16.7p each,,health-wellbeing-medicines
Natures Aid Vegetarian Flaxseed Oil 1000mg Capsules,Natures Aid Vegetarian Flaxse...90 per pack,£9,10p each,,health-wellbeing-medicines
Natures Aid Vitamin B12 Supplement Tablets 1000ug ,Natures Aid Vitamin B12 Sup...90 per pack,£8.50,9.4p each,,health-wellbeing-medicines
Natures Aid Vitamin B Complex 50 + C Supplement Tablets ,Natures Aid Vitamin B Complex 5...30 per pack,£5.50,18.3p each,,health-wellbeing-medicines
Natures Aid Vitamin E Supplement Soft Gels 400iu ,Natures Aid Vitamin E Suppl...60 per pack,£12,20p each,,health-wellbeing-medicines
Natures Aid Zinc + C Supplement Lozenges ,Natures Aid Zinc + C Supplement Lozenges 30 per pack,£4,13.3p each,,health-wellbeing-medicines
Naturya Flaxseed Apple & Cinnamon,Naturya Flaxseed Apple & Cinnamon240g,£4.80,£2.00 per 100g,,health-wellbeing-medicines
Naturya Flaxseed Mix Berry,Naturya Flaxseed Mix Berry240g,£4.80,£2.00 per 100g,,health-wellbeing-medicines
Naturya Under Skin Vanilla,Naturya Under Skin Vanilla140g,£7.99,£5.71 per 100g,,health-wellbeing-medicines
Nelsons Arnica Cream,Nelsons Arnica Cream30g,£3.75,£12.50 per 100g,,health-wellbeing-medicines
Nexba Elder Lemon Kombucha ,Nexba Elder Lemon Kombucha 1L,£2.75,£2.75 per litre,,health-wellbeing-medicines
Nexba Mango Kombucha ,Nexba Mango Kombucha 330ml,£1.50,45.5p per 100ml,,health-wellbeing-medicines
Nexium Heartburn Remedies 14 Tablets ,Nexium Heartburn Remedies 14 Tablets 14 per pack,£13,92.9p each,,health-wellbeing-medicines
Nexium Heartburn Remedies 7 Tablets ,Nexium Heartburn Remedies 7 Tablets 7 per pack,£6,85.7p each,,health-wellbeing-medicines
Nicorette 15mg Inhalator (Stop Smoking Aid),Nicorette 15mg Inhalator (Stop Smoking Aid)20 per pack,£23,£1.15 each,,health-wellbeing-medicines
Nicorette Cools 2mg Lozenge- Icy Mint (Stop Smoking Aid),Nicorette Cools 2mg Lozenge- Ic...80 per pack,£18,22.5p each,,health-wellbeing-medicines
Nicorette Cools 4mg Lozenge- Icy Mint (Stop Smoking Aid),Nicorette Cools 4mg Lozenge- Ic...,£18,,,health-wellbeing-medicines
Nicorette Gum Original Flavour 4Mg,Nicorette Gum Original Flavour 4Mg210 per pack,£24,11.4p each,,health-wellbeing-medicines
Nicorette Icy White 2mg Gum (Stop Smoking Aid),Nicorette Icy White 2mg Gum (Stop Smoking Aid)105 per pack,£15.50,14.8p each,,health-wellbeing-medicines
Nicorette Icy White 2mg Gum (Stop Smoking Aid),Nicorette Icy White 2mg Gum (Stop Smoking Aid),£24,,,health-wellbeing-medicines
Nicorette Icy White 4mg Gum (Stop Smoking Aid),Nicorette Icy White 4mg Gum (Stop Smoking Aid)105 per pack,£15.49,14.8p each,,health-wellbeing-medicines
Nicorette Invisi 25mg Patch (Stop Smoking Aid),Nicorette Invisi 25mg Patch (Stop Smoking Aid)7 per pack,£14,£2.00 each,,health-wellbeing-medicines
Nicorette Nasal Spray,Nicorette Nasal Spray10ml,£23,£23.00 per 10ml,,health-wellbeing-medicines
Nicorette Original 2mg  Gum (Stop Smoking Aid),Nicorette Original 2mg  Gum (Stop Smoking Aid)210 per pack,£24,11.4p each,,health-wellbeing-medicines
Nicorette Original 4mg Gum (Stop Smoking Aid),Nicorette Original 4mg Gum (Stop Smoking Aid)105 per pack,£10,9.5p each,,health-wellbeing-medicines
Nicorette Original Nicotine Gum Sugar Free 2mg,Nicorette Original Nicotine Gum Sugar Free 2mg105 per pack,£15.49,14.8p each,,health-wellbeing-medicines
Nicorette QuickMist Cool Berry Mouthspray  (Stop Smoking Aid),Nicorette QuickMist Cool Berry Mout...150ml,£20,£13.33 per 100ml,,health-wellbeing-medicines
Nicorette QuickMist Mouthspray Freshmint (Stop Smoking Aid),Nicorette QuickMist Mouthspray Fr...,£20,,,health-wellbeing-medicines
Nicorette QuickMist Mouthspray Freshmint (Stop Smoking Aid),Nicorette QuickMist Mouthspray Fr...2 per pack,£29,£14.50 each,,health-wellbeing-medicines
Nicorette Quickmist Smarttrack Mouthspray + App 150 Sprays,Nicorette Quickmist Smarttrack Mo...150 per pack,£17,11.3p each,,health-wellbeing-medicines
Nicotinell 1MG Lozenge 204S,Nicotinell 1MG Lozenge 204S,£20,,,health-wellbeing-medicines
Nicotinell 24 Hour Patch 21 Mg  ,Nicotinell 24 Hour Patch 21 Mg  7 per pack,£9,£1.28 each,"Offer price £9, was £12",health-wellbeing-medicines
Nicotinell 2mg Lozenge 204'S,Nicotinell 2mg Lozenge 204'S,£20,,,health-wellbeing-medicines
Nicotinell Fruit Nicotine Gum 2mg,Nicotinell Fruit Nicotine Gum 2mg96 per pack,£13,13.5p each,,health-wellbeing-medicines
Nicotinell Lozenge Mint 1 Mg,Nicotinell Lozenge Mint 1 Mg144 per pack,£17.50,12.2p each,,health-wellbeing-medicines
Nicotinell Mint Lozenge 2 Mg      ,Nicotinell Mint Lozenge 2 Mg      144 per pack,£17.50,12.2p each,,health-wellbeing-medicines
Nicotinell Mint Nicotine Gum 2mg,Nicotinell Mint Nicotine Gum 2mg96 per pack,£13,13.5p each,,health-wellbeing-medicines
Nicotinell Mint Nicotine Lozenge 1mg,Nicotinell Mint Nicotine Lozenge 1mg96 per pack,£11,11.4p each,"Offer price £11, was £13",health-wellbeing-medicines
Nicotinell Mint Nicotine Lozenge 2mg,Nicotinell Mint Nicotine Lozenge 2mg96 per pack,£11,11.4p each,"Offer price £11, was £13",health-wellbeing-medicines
"NiQuitin Clear Patch - Step 1 21mg, 14 Nicotine Patches - Stop Smoking Aid",NiQuitin Clear Patch - Step 1 2...14 per pack,£20,£1.43 each,,health-wellbeing-medicines
"NiQuitin Clear Patch -Step 1 21mg, 7 Nicotine Patches - Stop Smoking Aid",NiQuitin Clear Patch -Step 1 21...7 per pack,£14,£2.00 each,,health-wellbeing-medicines
"NiQuitin Clear Patch - Step 2 14mg, 7 Nicotine Patches - Stop Smoking Aid",NiQuitin Clear Patch - Step 2 1...7 per pack,£14,£2.00 each,,health-wellbeing-medicines
"NiQuitin Mini Mint Nicotine Lozenges -1.5mg, 60 Minis - Stop Smoking Aid",NiQuitin Mini Mint Nicotine Lozenges -1.5mg...3 x 20 per pack,£16,26.7p each,,health-wellbeing-medicines
"NiQuitin Mini Mint Nicotine Lozenges -4mg, 60 Minis - Stop Smoking Aid",NiQuitin Mini Mint Nicotine Lozenges -4mg...60 per pack,£16,26.7p each,,health-wellbeing-medicines
Niquitin Minis Mint 1.5Mg 100 Lozenges,Niquitin Minis Mint 1.5Mg 100 Lozenges,£22,,,health-wellbeing-medicines
Niquitin Minis Mint 4Mg 100 Lozenges,Niquitin Minis Mint 4Mg 100 Lozenges100 per pack,£19.80,19.8p each,,health-wellbeing-medicines
"NiQuitin Mint Lozenge - 4mg, 72 Nicotine Lozenges -Stop Smoking Aid",NiQuitin Mint Lozenge - 4mg...72 per pack,£10,13.9p each,,health-wellbeing-medicines
Nivea Hydro Care Lip Balm With Spf 15,Nivea Hydro Care Lip Balm With Spf 154.8g,£2,£41.67 per 100g,,health-wellbeing-medicines
Nivea Original Care Lip Balm,Nivea Original Care Lip Balm4.8g,£2.35,£48.96 per 100g,,health-wellbeing-medicines
Nordic Spirit Mocha Strong,Nordic Spirit Mocha Strong,£5.50,,,health-wellbeing-medicines
Nudie Cheese & Onion Cauliflower Crisps,Nudie Cheese & Onion Cauliflower Crisps,£2,,,health-wellbeing-medicines
Nudie Katsu Cauliflower Crisps,Nudie Katsu Cauliflower Crisps22g,£1,£4.55 per 100g,,health-wellbeing-medicines
Nurofen Express 256mg Pain Relief Tablets Ibuprofen,Nurofen Express 256mg Pain Re...16 per pack,£4,25p each,,health-wellbeing-medicines
Nurofen Express Ibuprofen Caplets 256mg,Nurofen Express Ibuprofen Caplets 256mg12 per pack,£3,25p each,,health-wellbeing-medicines
Nurofen Express Pain Relief 200mg Liquid Capsules Ibuprofen,Nurofen Express Pain Relief 200mg...16 per pack,£4,25p each,,health-wellbeing-medicines
Nurofen Express Pain Relief 200mg Liquid Capsules Ibuprofen,Nurofen Express Pain Relief 200mg...10 per pack,£3,30p each,,health-wellbeing-medicines
Nurofen Express Pain Relief 200mg Liquid Capsules Ibuprofen,Nurofen Express Pain Relief 200mg...6 per pack,£2,33.3p each,,health-wellbeing-medicines
Nurofen for Children Orange Oral Suspension 3mths to 9yrs Ibuprofen,Nurofen for Children Orange Oral Suspen...100ml,£3.85,£3.85 per 100ml,,health-wellbeing-medicines
Nurofen for Children Strawberry Oral Suspension 3mths to 9yrs,Nurofen for Children Strawberry Ora...100ml,£3.85,£3.85 per 100ml,,health-wellbeing-medicines
Nurofen Joint & Back Pain Relief Max Strength 10% Gel Ibuprofen,Nurofen Joint & Back Pain Relief Max...40g,£7.50,£18.75 per 100g,,health-wellbeing-medicines
Nurofen Joint & Muscular Pain Relief 200Mg Medicated Plasters,Nurofen Joint & Muscular Pain Relie...2 per pack,£8,£4.00 each,,health-wellbeing-medicines
Nurofen Meltlets Self-Dissolving Pain Relief Tablets Lemon 200mg Ibuprofen,Nurofen Meltlets Self-Dissolvin...12 per pack,£4,33.3p each,,health-wellbeing-medicines
Nurofen Migraine Pain Ibuprofen Caplets 342mg,Nurofen Migraine Pain Ibuprofen Caplets 342mg12 per pack,£3.20,26.7p each,,health-wellbeing-medicines
Nurofen Pain Relief 200mg Soft Capsules Ibuprofen,Nurofen Pain Relief 200mg S...16 per pack,£4,25p each,,health-wellbeing-medicines
Nurofen Pain Relief 200mg Tablets Ibuprofen,Nurofen Pain Relief 200mg Tablets Ibuprofen16 per pack,£2,12.5p each,,health-wellbeing-medicines
Nurofen Pain Relief 256mg Caplets Ibuprofen,Nurofen Pain Relief 256mg Caplets Ibuprofen16 per pack,£3.50,21.9p each,,health-wellbeing-medicines
Nuromol Dual Action Pain Relief,Nuromol Dual Action Pain Relief12 per pack,£4,33.3p each,,health-wellbeing-medicines
Nuromol Dual Action Pain Relief,Nuromol Dual Action Pain Relief16 per pack,£5,31.3p each,,health-wellbeing-medicines
Nuromol Dual Action Pain Relief 6 Tablets,Nuromol Dual Action Pain Relief 6 Tablets6 per pack,£2.50,41.7p each,,health-wellbeing-medicines
Nutrigums Apple Cider Vinegar Gummies,Nutrigums Apple Cider Vinegar Gummies60 per pack,£5.60,9.3p each,"Offer price £5.60, was £8",health-wellbeing-medicines
Nutrigums Hair Vitamin Complex Gummies Cherry Flavour Gummies,Nutrigums Hair Vitamin Complex Gumm...60 per pack,£8,13.3p each,,health-wellbeing-medicines
Nutrigums Immune Support Gummies Blueberry Flavour Gummies,Nutrigums Immune Suppor...60 per pack,£5.60,9.3p each,"Offer price £5.60, was £8",health-wellbeing-medicines
Nutrigums Turmeric Black Pepper & Ginger Gummies ,Nutrigums Turmeric Black Pepper & Ginger Gummies 60 per pack,£5.60,9.3p each,"Offer price £5.60, was £8",health-wellbeing-medicines
Nutrigums Vitamin C Gummies Orange Flavour Gummies,Nutrigums Vitamin C Gummies...60 per pack,£6,10p each,"Offer price £6, was £8",health-wellbeing-medicines
Nutrigums Vitamin D3 Gummies Lemon Flavour Gummies,Nutrigums Vitamin D3 Gummie...60 per pack,£6,10p each,"Offer price £6, was £8",health-wellbeing-medicines
Nytol Herbal - Traditional Herbal Remedy Used for Sleeplessness Relief ,Nytol Herbal - Traditional Herbal Remedy...30 per pack,£4,13.3p each,,health-wellbeing-medicines
Nytol Herbal Simply Sleep & Calm Elixir,Nytol Herbal Simply Sleep & Calm Elixir100ml,£5.20,£5.20 per 100ml,,health-wellbeing-medicines
Nytol Simply Sleep Herbal One A Night Tablets,Nytol Simply Sleep Herbal One A Night Tablets21 per pack,£5.20,24.8p each,"Offer price £5.20, was £6",health-wellbeing-medicines
Ocean's Halo Sea Salt Seaweed Snack,Ocean's Halo Sea Salt Seaweed Snack4g,80p,£20.00 per 100g,,health-wellbeing-medicines
Odor Eaters Deodorising Ultra Comfort Insoles Shoe Care,Odor Eaters Deodorising Ultra C...,£3.80,,,health-wellbeing-medicines
Odor Eaters Foot & Shoe Spray,Odor Eaters Foot & Shoe Spray,£4,,,health-wellbeing-medicines
Oilatum Bath Formula,Oilatum Bath Formula150ml,£5.25,£3.50 per 100ml,,health-wellbeing-medicines
Olbas For Children Decongestant Oil ,Olbas For Children Decongestant Oil 12ml,£4.50,£3.75 per 10ml,,health-wellbeing-medicines
Olbas Inhaler Nasal Stick,Olbas Inhaler Nasal Stick,£2.50,,,health-wellbeing-medicines
Olbas Menthol Pastilles,Olbas Menthol Pastilles45g,£3,£6.67 per 100g,,health-wellbeing-medicines
Olbas Oil Decongestant ,Olbas Oil Decongestant 30ml,£7,£2.33 per 10ml,,health-wellbeing-medicines
One Nutrition Revive & Go Immunity Capsules,One Nutrition Revive & Go Immunity Capsules30 per pack,£22.45,74.8p each,,health-wellbeing-medicines
One Nutrition Vegan Complete Capsules,One Nutrition Vegan Complete Capsules30 per pack,£22.45,74.8p each,,health-wellbeing-medicines
One Nutrition Vitamin B12-Max Oral Spray,One Nutrition Vitamin B12-Max Oral Spray30ml,£13.30,£44.33 per 100ml,,health-wellbeing-medicines
One Nutrition Vitamin D3 Max Oral Spray,One Nutrition Vitamin D3 Max Oral Spray30ml,£13.30,£44.33 per 100ml,,health-wellbeing-medicines
Opticlear Lens Wipes       ,Opticlear Lens Wipes       26 per pack,£1.50,5.8p each,,health-wellbeing-medicines
Optimum Nutrition Chocolate Brownie Protein Crisp Bar,Optimum Nutrition Chocolate B...65g,£1.90,£2.93 per 100g,"Offer price £1.90, was £2.50",health-wellbeing-medicines
Optimum Nutrition Fruit & Nut Protein Crisp Bar,Optimum Nutrition Fruit & Nut Protein Crisp Bar70g,£1.90,£2.71 per 100g,"Offer price £1.90, was £2.50",health-wellbeing-medicines
Optimum Nutrition Gold Bcaa Raspberry & Pomegranate,Optimum Nutrition Gold Bcaa R...266g,£22,£8.27 per 100g,"Offer price £22, was £28",health-wellbeing-medicines
Optimum Nutrition Gold Standard 100% Plant Vanilla,Optimum Nutrition Gold Stan...684g,£14,£2.05 per 100g,,health-wellbeing-medicines
Optimum Nutrition Gold Standard 100% Whey Delicious Strawberry,Optimum Nutrition Gold Standard 100...900g,£30,£3.34 per 100g,"Offer price £30, was £33",health-wellbeing-medicines
Optimum Nutrition Gold Standard 100% Whey Double Rich Chocolate,Optimum Nutrition Gold Standard 100%...899g,£24,£2.67 per 100g,"Offer price £24, was £33",health-wellbeing-medicines
Optimum Nutrition Gold Standard 100% Whey Vanilla Ice Cream,Optimum Nutrition Gold Standard 1...900g,£30,£3.34 per 100g,"Offer price £30, was £33",health-wellbeing-medicines
Optimum Nutrition Gold Standard Pre-Workout Fruit Punch,Optimum Nutrition Gold Standard...330g,£24,£7.27 per 100g,"Offer price £24, was £26",health-wellbeing-medicines
Optimum Nutrition Plant Protein Bar Chocolate Mint,Optimum Nutrition Plant Pro...60g,£1.90,£3.17 per 100g,"Offer price £1.90, was £2.50",health-wellbeing-medicines
Optimum Nutrition Plant Protein Bar Chocolate Sea Salt,Optimum Nutrition Plant Protein...60g,£1.90,£3.17 per 100g,"Offer price £1.90, was £2.50",health-wellbeing-medicines
Optimum Nutrition Whipped Protein Bar Chocolate Caramel,Optimum Nutrition Whipped Prote...60g,£1.90,£3.17 per 100g,"Offer price £1.90, was £2.50",health-wellbeing-medicines
Optrex Actimist 2In1 Eye Spray,Optrex Actimist 2In1 Eye Spray10ml,£13,£130.00 per 100ml,,health-wellbeing-medicines
Optrex Actimist Double Action Tired And Strained Eyes,Optrex Actimist Double Action...10ml,£16,£160.00 per 100ml,,health-wellbeing-medicines
Optrex Actimist Eye Spray,Optrex Actimist Eye Spray10ml,£13,£130.00 per 100ml,,health-wellbeing-medicines
Optrex Double Action Dry Eye Drops,Optrex Double Action Dry Eye Drops10ml,£10,£100.00 per 100ml,,health-wellbeing-medicines
Optrex Eyedew Dazzling Eye Drops,Optrex Eyedew Dazzling Eye Drops10ml,£5,£50.00 per 100ml,,health-wellbeing-medicines
Optrex Hayfever Relief Eye Drops ,Optrex Hayfever Relief Eye Drops 10ml,£6,£60.00 per 100ml,,health-wellbeing-medicines
Optrex Intensive Dry Eye Drops ,Optrex Intensive Dry Eye Drops 10ml,£5,£50.00 per 100ml,,health-wellbeing-medicines
Optrex Itchy Eyes    ,Optrex Itchy Eyes    10ml,£5,£50.00 per 100ml,,health-wellbeing-medicines
Optrex Multi-Action Eye Wash,Optrex Multi-Action Eye Wash100ml,£4.50,£4.50 per 100ml,,health-wellbeing-medicines
Optrex Night Repair Gel Drops ,Optrex Night Repair Gel Drops 10ml,£10.99,£109.90 per 100ml,,health-wellbeing-medicines
Optrex Refresh Drops,Optrex Refresh Drops10ml,£5,£50.00 per 100ml,,health-wellbeing-medicines
Orajel Dental Gel,Orajel Dental Gel5.3g,£3.50,£66.04 per 100g,,health-wellbeing-medicines
Oral-B Sensitivity & Gum Calm Original Toothpaste,Oral-B Sensitivity & Gum Calm Original Toothpaste75ml,£5,£6.67 per 100ml,,health-wellbeing-medicines
Oshee Vitamin Water Magnesium + B6 ,Oshee Vitamin Water Magnesium + B6 555ml,£1.25,22.5p per 100ml,,health-wellbeing-medicines
Oshee Vitamin Water Vitamins And Minerals ,Oshee Vitamin Water Vitamins And Minerals 555ml,£1.25,22.5p per 100ml,,health-wellbeing-medicines
Osteocare Original,Osteocare Original30 per pack,£5.50,18.3p each,,health-wellbeing-medicines
Otex Express,Otex Express10ml,£5.99,£59.90 per 100ml,,health-wellbeing-medicines
Otex Olive Oil Ear Drops,Otex Olive Oil Ear Drops10ml,£3.20,£32.00 per 100ml,"Offer price £3.20, was £4",health-wellbeing-medicines
Otrivine Adult Metered Dose 0.1% Nasal Spray,Otrivine Adult Metered Dose 0.1% Nasal Spray10ml,£4,£40.00 per 100ml,"Offer price £4, was £4.49",health-wellbeing-medicines
Otrivine Allergy Relief 0.1% Nasal Spray ,Otrivine Allergy Relief 0.1% Nasal Spray 10ml,£4.49,£4.49 per 10ml,,health-wellbeing-medicines
Otrivine Congestion Relief Nasal Spray,Otrivine Congestion Relief Nasal Spray10ml,£5.25,£52.50 per 100ml,,health-wellbeing-medicines
Palmer's Coconut Oil Lip Balm SPF 15 ,Palmer's Coconut Oil Lip Balm SPF 15 4g,£1.50,£37.50 per 100g,"Offer price £1.50, was £2",health-wellbeing-medicines
Panadol Actifast,Panadol Actifast14 per pack,£3.49,24.9p each,,health-wellbeing-medicines
Panadol Actifast Soluble,Panadol Actifast Soluble24 per pack,£5,20.8p each,,health-wellbeing-medicines
Panadol Extra Advance,Panadol Extra Advance14 per pack,£2.40,17.1p each,"Offer price £2.40, was £2.90",health-wellbeing-medicines
Panadol Extra Soluble,Panadol Extra Soluble24 per pack,£5.25,21.9p each,,health-wellbeing-medicines
Panadol Original Tablets Paracetamol,Panadol Original Tablets Paracetamol12 per pack,£1.20,10p each,,health-wellbeing-medicines
Paw Patrol Digital Thermometer,Paw Patrol Digital Thermometer,£3,,,health-wellbeing-medicines
Peach Pure Tea Tree Oil ,Peach Pure Tea Tree Oil 10ml,£2.50,£25.00 per 100ml,,health-wellbeing-medicines
Peppa Pig Plasters,Peppa Pig Plasters22 per pack,£2.50,11.4p each,,health-wellbeing-medicines
Phd Charge Sherbet Lemon,Phd Charge Sherbet Lemon300g,£20,£6.67 per 100g,,health-wellbeing-medicines
Phd Diet Plant Strawberries & Cream,Phd Diet Plant Strawberries & Cream500g,£18,£3.60 per 100g,,health-wellbeing-medicines
Phd Diet Whey Belgian Chocolate,Phd Diet Whey Belgian Chocolate1kg,£26.99,£2.70 per 100g,,health-wellbeing-medicines
Phd Diet Whey Vanilla,Phd Diet Whey Vanilla1kg,£26.99,£26.99 per kg,,health-wellbeing-medicines
PhD Nutrition Belgian Chocolate Diet Whey Powder,PhD Nutrition Belgian Choco...1kg,£27,£2.70 per 100g,,health-wellbeing-medicines
PhD Nutrition Caramel Crunch Smart Bar ,PhD Nutrition Caramel Crunch Smart Bar 64g,£2.50,£3.91 per 100g,,health-wellbeing-medicines
PhD Nutrition Chocolate Brownie Smart Bar ,PhD Nutrition Chocolate Brownie Smart Bar 64g,£2.50,£3.91 per 100g,,health-wellbeing-medicines
PhD Nutrition Chocolate Peanut Diet Whey Powder,PhD Nutrition Chocolate Peanut Diet Whey Powder1kg,£27,£2.70 per 100g,,health-wellbeing-medicines
PhD Nutrition Choc Peanut Butter Smart Bar,PhD Nutrition Choc Peanut Butter Smart Bar64g,£2.50,£3.91 per 100g,,health-wellbeing-medicines
PhD Nutrition Cookies & Cream Smart Bar,PhD Nutrition Cookies & Cream Smart Bar64g,£2.50,£3.91 per 100g,,health-wellbeing-medicines
PhD Nutrition Dark Choc Raspberry Smart Bar ,PhD Nutrition Dark Choc Raspberry Smart Bar 64g,£2.50,£3.91 per 100g,,health-wellbeing-medicines
PhD Nutrition Salted Caramel Diet Whey Powder,PhD Nutrition Salted Cara...Typically: 1kg,£27,£2.70 per 100g,,health-wellbeing-medicines
PhD Nutrition Strawberry Delight Diet Whey Powder,PhD Nutrition Strawberry Delight Diet Whey Powder1kg,£27,£2.70 per 100g,,health-wellbeing-medicines
Phd Smart Bar Birthday Cake,Phd Smart Bar Birthday Cake64g,£2.25,£3.52 per 100g,,health-wellbeing-medicines
Phd Smart Bar Salted Fudge Brownie,Phd Smart Bar Salted Fudge Brownie64g,£2.25,£3.52 per 100g,,health-wellbeing-medicines
PHD Smart Protein Chocolate Brownie,PHD Smart Protein Chocolate Brownie510g,£18,£3.53 per 100g,,health-wellbeing-medicines
Phd Smart Protein Plant Chocolate Cookie,Phd Smart Protein Plant Chocolate Cookie500g,£18,£36.00 per kg,,health-wellbeing-medicines
Phd Smart Protein Salted Caramel,Phd Smart Protein Salted Caramel510g,£18,£35.29 per kg,,health-wellbeing-medicines
Phillips' Milk of Magnesia Liquid,Phillips' Milk of Magnesia Liquid200ml,£5,£2.50 per 100ml,,health-wellbeing-medicines
Pirinase Allergy Relief Hayfever Nasal Spray,Pirinase Allergy Relief Hayfever Nasal Spray60 per pack,£6,10p each,,health-wellbeing-medicines
Piriteze Allergy Syrup Sugar Free Banana Flavour,Piriteze Allergy Syrup Suga...70ml,£6,£8.57 per 100ml,,health-wellbeing-medicines
Piriteze Allergy Tablets,Piriteze Allergy Tablets14 per pack,£6,42.9p each,,health-wellbeing-medicines
Piriteze Allergy Tablets One a Day,Piriteze Allergy Tablets One a Day7 per pack,£3,42.9p each,,health-wellbeing-medicines
Piriteze One-A-Day Tablets,Piriteze One-A-Day Tablets30 per pack,£7.50,25p each,,health-wellbeing-medicines
Potters Mucus Cough Pastilles ,Potters Mucus Cough Pastilles 20 per pack,£3,15p each,,health-wellbeing-medicines
Pregnacare Conception,Pregnacare Conception30 per pack,£8.50,28.3p each,,health-wellbeing-medicines
Profoot Double Cushion Insoles,Profoot Double Cushion Insoles,£4,,,health-wellbeing-medicines
Profoot Mycosan Fungal Nail Treatment,Profoot Mycosan Fungal Nail Treatment,£20,,,health-wellbeing-medicines
Profoot Soft Gel Corn Wraps  Z,Profoot Soft Gel Corn Wraps  Z,£3,,,health-wellbeing-medicines
Profusion Gluten Free Chickpea Fusilli,Profusion Gluten Free Chickpea Fusilli250g,£2.80,£1.12 per 100g,,health-wellbeing-medicines
Profusion Gluten Free Chickpea Penne,Profusion Gluten Free Chickpea Penne250g,£2.80,£1.12 per 100g,,health-wellbeing-medicines
Profusion Lasagne Sheets,Profusion Lasagne Sheets250g,£3.80,£1.52 per 100g,,health-wellbeing-medicines
Profusion Spaghetti,Profusion Spaghetti250g,£2.80,£1.12 per 100g,,health-wellbeing-medicines
Promensil Maintenance Menopause Original Formula Supplement Tablets ,Promensil Maintenance Menopau...30 per pack,£20.42,68.1p each,,health-wellbeing-medicines
Promensil Menopause Cooling Spray ,Promensil Menopause Cooling Spray 75ml,£14.99,£19.99 per 100ml,,health-wellbeing-medicines
Promensil Starter Menopause Double Strength Supplement Tablets ,Promensil Starter Menopau...60 per pack,£46.99,78.3p each,,health-wellbeing-medicines
Pro Plus Caffeine Tablets,Pro Plus Caffeine Tablets48 per pack,£4,8.3p each,,health-wellbeing-medicines
Pukka Organic Aloe Vera Juice ,Pukka Organic Aloe Vera Juice 1L,£14.99,£1.50 per 100ml,,health-wellbeing-medicines
Pulsin Keto Bar Chocolate Fudge,Pulsin Keto Bar Chocolate Fudge50g,£1.50,£3.00 per 100g,"Offer price £1.50, was £2",health-wellbeing-medicines
Pulsin Keto Bar Orange Chocolate,Pulsin Keto Bar Orange Chocolate50g,£1.50,£3.00 per 100g,"Offer price £1.50, was £2",health-wellbeing-medicines
Pulsin Keto Protein Vanilla,Pulsin Keto Protein Vanilla252g,£15,£5.95 per 100g,"Offer price £15, was £19",health-wellbeing-medicines
Pyrocalm Control 20mg Gastro-Resistant Tablets Omeprazole,Pyrocalm Control 20mg Gastro-Resi...14 per pack,£11,78.6p each,,health-wellbeing-medicines
Pyrocalm Control 20mg Gastro-Resistant Tablets Omeprazole ,Pyrocalm Control 20mg Gastro-Resi...7 per pack,£7,£1.00 each,,health-wellbeing-medicines
Raw Halo Artisan Raw Chocolate Pure Dark,Raw Halo Artisan Raw Chocolate Pure Dark70g,£3,£4.29 per 100g,,health-wellbeing-medicines
Reign Melon Mania Zero Sugar Energy Drink,Reign Melon Mania Zero Sugar Energy Drink500ml,£1.85,37p per 100ml,Buy 2 for £2.60,health-wellbeing-medicines
Reign Orange Dreamsicle Zero Sugar Energy Drink,Reign Orange Dreamsicle Zero Sugar Energy Drink500ml,£1.85,37p per 100ml,Buy 2 for £2.60,health-wellbeing-medicines
Reign Peach Fizz Zero Sugar Energy Drink ,Reign Peach Fizz Zero Sugar Energy Drink 500ml,£1.85,37p per 100ml,Buy 2 for £2.60,health-wellbeing-medicines
Reign Razzle Berry Zero Sugar Energy Drink,Reign Razzle Berry Zero Sugar Energy Drink500ml,£1.60,32p per 100ml,Buy 2 for £2.60,health-wellbeing-medicines
Rennie Deflatine Wind Relief Chewable Tablets,Rennie Deflatine Wind Relief Chewable Tablets18 per pack,£3.20,17.8p each,,health-wellbeing-medicines
Rennie Liquid Heartburn & Indigestion Relief Peppermint,Rennie Liquid Heartburn & Indig...150ml,£4,£2.67 per 100ml,,health-wellbeing-medicines
Rennie Orange Heartburn & Indigestion Chewable Tablets,Rennie Orange Heartburn & Indig...24 per pack,£2.20,9.2p each,,health-wellbeing-medicines
Rennie Peppermint Heartburn & Indigestion Chewable Tablets,Rennie Peppermint Heartburn & Ind...24 per pack,£2.20,9.2p each,,health-wellbeing-medicines
Rennie Peppermint Heartburn & Indigestion Chewable Tablets,Rennie Peppermint Heartburn & Ind...72 per pack,£5.45,7.6p each,,health-wellbeing-medicines
Rennie Peppermint Heartburn & Indigestion Chewable Tablets,Rennie Peppermint Heartburn & Ind...24 per pack,£2.20,9.2p each,,health-wellbeing-medicines
Rennie Spearmint Heartburn & Indigestion Chewable Tablets,Rennie Spearmint Heartburn & Indi...24 per pack,£2.20,9.2p each,,health-wellbeing-medicines
Rennie Spearmint Heartburn & Indigestion Chewable Tablets,Rennie Spearmint Heartburn & Indi...72 per pack,£5.45,7.6p each,,health-wellbeing-medicines
Rennie Sugar-Free Heartburn & Indigestion Chewable Tablets,Rennie Sugar-Free Heartburn & Ind...24 per pack,£2.20,9.2p each,,health-wellbeing-medicines
Replens MD Long Lasting Vaginal Moisturiser,Replens MD Long Lasting Vaginal Moisturiser35g,£11.50,£3.29 per 10g,,health-wellbeing-medicines
Rescue Night Dropper,Rescue Night Dropper10ml,£7.50,£75.00 per 100ml,,health-wellbeing-medicines
Rescue Pastilles Blackcurrant,Rescue Pastilles Blackcurrant50g,£5.75,£11.50 per 100g,,health-wellbeing-medicines
Rescue Remedy Dropper,Rescue Remedy Dropper10ml,£7.50,£75.00 per 100ml,,health-wellbeing-medicines
Sambucol Black Elderberry Immuno Forte Effervescent Tablets,Sambucol Black Elderberry Immuno...15 per pack,£9,60p each,,health-wellbeing-medicines
Sambucol Extra Defence Syrup,Sambucol Extra Defence Syrup120ml,£12.05,£10.04 per 100ml,,health-wellbeing-medicines
Sambucol Immuno Forte Capsules,Sambucol Immuno Forte Capsules30 per pack,£13.99,46.6p each,,health-wellbeing-medicines
Savlon Antiseptic Cream,Savlon Antiseptic Cream30g,£2.20,73.3p per 10g,,health-wellbeing-medicines
Savlon Plus Advanced Healing Gel,Savlon Plus Advanced Healing Gel50g,£4.60,£9.20 per 100g,,health-wellbeing-medicines
Scholl Athletes Foot Spray,Scholl Athletes Foot Spray150ml,£6.90,£4.60 per 100ml,,health-wellbeing-medicines
Scholl Athlete's Foot Spray,Scholl Athlete's Foot Spray250ml,£6,£2.40 per 100ml,,health-wellbeing-medicines
Scholl Corn Pen ,Scholl Corn Pen 4ml,£12,£30.00 per 10ml,,health-wellbeing-medicines
Scholl Corn Treatment Kit,Scholl Corn Treatment Kit,£6,,,health-wellbeing-medicines
Scholl Cracked Heel Cream,Scholl Cracked Heel Cream60ml,£5,£8.33 per 100ml,,health-wellbeing-medicines
Scholl Fungal Nail Treatment Kit,Scholl Fungal Nail Treatment Kit,£20,,,health-wellbeing-medicines
Scholl Gel Active Work Female,Scholl Gel Active Work Female,£12,,"Offer price £12, was £16",health-wellbeing-medicines
Scholl Gel Active Work Man,Scholl Gel Active Work Man,£12,,"Offer price £12, was £16",health-wellbeing-medicines
Scholl Light Legs Tights 20 Denier Nude Extra Large,Scholl Light Legs Tights 20 D...,£14.98,,,health-wellbeing-medicines
Scholl Pressure Point Foam Padding   ,Scholl Pressure Point Foam Padding   ,£2.25,,,health-wellbeing-medicines
Scholl Seal & Heal Verruca Removal Gel,Scholl Seal & Heal Verruca Removal Gel1ml,£7,£700.00 per 100ml,,health-wellbeing-medicines
Scholl Shock Reducer Everyday Insoles One Pair,Scholl Shock Reducer Everyday Insoles One Pair,£6,,,health-wellbeing-medicines
Scholl Velvet Smooth Electronic Foot Care System,Scholl Velvet Smooth Electr...,£30,,,health-wellbeing-medicines
Scholl Verruca and Wart Remover Freeze  Treatment,Scholl Verruca and Wart Rem...80ml,£17,£21.25 per 100ml,,health-wellbeing-medicines
Scholl Wart & Verruca Pen ,Scholl Wart & Verruca Pen 2ml,£16,£800.00 per 100ml,,health-wellbeing-medicines
Sci-Mx Total Protein Chocolate,Sci-Mx Total Protein Chocolate450g,£14,£3.11 per 100g,,health-wellbeing-medicines
Sci-Mx Total Protein Strawberry,Sci-Mx Total Protein Strawberry450g,£14,£3.11 per 100g,,health-wellbeing-medicines
Senokot Max Tablets,Senokot Max Tablets10 per pack,£3.50,35p each,,health-wellbeing-medicines
Senokot Tablets Senna,Senokot Tablets Senna20 per pack,£3.50,17.5p each,,health-wellbeing-medicines
Sensodyne Rapid Relief Original Sensitive Toothpaste,Sensodyne Rapid Relief Origin...75ml,£5,£6.67 per 100ml,,health-wellbeing-medicines
Sensodyne Rapid Relief Whitening Sensitive Toothpaste,Sensodyne Rapid Relief Whiten...75ml,£5,£6.67 per 100ml,,health-wellbeing-medicines
Seven Seas Califig,Seven Seas Califig100ml,£6,£6.00 per 100ml,,health-wellbeing-medicines
Seven Seas Cod Liver Oil High Strength Gelatine Free Omega-3 60 Caps,Seven Seas Cod Liver Oil High Strength...60 per pack,£6.80,11.4p each,"Offer price £6.80, was £7",health-wellbeing-medicines
Seven Seas Cod Liver Oil One A Day Omega-3 Fish Oil & Vitamin D 120 Caps,Seven Seas Cod Liver Oil One A Day Omega-3...120 per pack,£10,8.3p each,,health-wellbeing-medicines
Seven Seas Cod Liver Oil One A Day Omega-3 Fish Oil & Vitamin D 60 Caps,Seven Seas Cod Liver Oil One A Day Omega...60 per pack,£5.50,9.2p each,,health-wellbeing-medicines
Seven Seas Cod Liver Oil Plus Multivitamins Omega-3 Fish Oil 90 Capsules,Seven Seas Cod Liver Oil Plus M...90 per pack,£10,11.1p each,,health-wellbeing-medicines
Seven Seas Cod Liver Oil Plus Omega-3 Fish Oil Liquid With Vitamin D ,Seven Seas Cod Liver Oil Plus Omega-3 Fis...150ml,£3.75,£2.50 per 100ml,,health-wellbeing-medicines
"Seven Seas JointCare Active Glucosamine, Omega-3 & Chondroitin 30 Caps",Seven Seas JointCare Active G...30 per pack,£13,43.3p each,,health-wellbeing-medicines
Seven Seas JointCare Max Glucosamine 1500mg 30 Day Duo Pack,Seven Seas JointCare Max Glucosam...,£21,,,health-wellbeing-medicines
Seven Seas JointCare Supplex & Turmeric with Glucosamine 30 Day Duo Pack,Seven Seas JointCare Supplex &...60 per pack,£20,33.3p each,,health-wellbeing-medicines
Seven Seas JointCare Supplex with Glucosamine & Omega-3 30 Capsules,Seven Seas JointCare Supplex with Gluco...30 per pack,£5.95,19.8p each,"Offer price £5.95, was £7",health-wellbeing-medicines
Seven Seas Omega & Multivitamins Man Day Duo Pack,Seven Seas Omega & Multivit...3 x 80 per pack,£13.50,5.6p each,,health-wellbeing-medicines
Seven Seas Omega & Multivitamins Woman Duo Pack,Seven Seas Omega & Multiv...3 x 30 per pack,£11.50,12.8p each,,health-wellbeing-medicines
Seven Seas Omega-& Multivitamins Man Day Duo Pack,Seven Seas Omega-& Multivit...3 x 30 per pack,£11.50,12.8p each,,health-wellbeing-medicines
Seven Seas Omega-& Multivitamins Woman Day Duo Pack,Seven Seas Omega-& Multivitam...,£13.50,,,health-wellbeing-medicines
Seven Seas Omega-3 & Immunity with Vitamin C & Vitamin D 30 Day Duo Pack,Seven Seas Omega-3 & Immunity w...30 per pack,£15,50p each,,health-wellbeing-medicines
Seven Seas Omega-3 & Magnesium 30 Day Duo Pack,Seven Seas Omega-3 & Magn...60 per pack,£20,33.3p each,,health-wellbeing-medicines
Seven Seas Omega-3 & Turmeric 30 Day Duo Pack,Seven Seas Omega-3 & Turmeric 30 Day Duo Pack60 per pack,£20,33.3p each,,health-wellbeing-medicines
Seven Seas Omega-3 Fish Oil Extra Strength With Vitamin D Capsules,Seven Seas Omega-3 Fish Oil Extra Stren...30 per pack,£12,40p each,,health-wellbeing-medicines
Seven Seas Omega-3 Fish Oil Max Strength with Vitamin D Capsules,Seven Seas Omega-3 Fish Oil Max Stren...30 per pack,£17,56.7p each,,health-wellbeing-medicines
Seven Seas Omega-3 Fish Oil with Vitamin D Capsules,Seven Seas Omega-3 Fish Oil w...30 per pack,£8,26.7p each,,health-wellbeing-medicines
Seven Seas Pregnancy Trying for a Baby Conception Vitamins 28 Tablets,Seven Seas Pregnancy Trying f...28 per pack,£5.50,19.6p each,,health-wellbeing-medicines
Seven Seas Pregnancy Vitamins with Folic Acid 28 Tablets,Seven Seas Pregnancy Vitamins w...28 per pack,£6,21.4p each,,health-wellbeing-medicines
Seven Seas Pure Cod Liver Oil ,Seven Seas Pure Cod Liver Oil 300ml,£4.50,£1.50 per 100ml,,health-wellbeing-medicines
Shhhh! Earplugs,Shhhh! Earplugs10 per pack,£2.50,25p each,,health-wellbeing-medicines
Skyn Condoms Large ,Skyn Condoms Large 10 per pack,£8,80p each,"Offer price £8, was £10",health-wellbeing-medicines
Slim-Fast Milkshake Bottle Chocolate 325Ml,Slim-Fast Milkshake Bottle Chocolate 325Ml325ml,£2.15,66.2p per 100ml,,health-wellbeing-medicines
Slim-Fast Milkshake Bottle Vanilla,Slim-Fast Milkshake Bottle Vanilla325ml,£2.15,66.2p per 100ml,,health-wellbeing-medicines
Slim-Fast Milkshake Cafe Latte,Slim-Fast Milkshake Cafe Latte6 x 325ml,£10,51.3p per 100ml,"Offer price £10, was £10.99",health-wellbeing-medicines
Slim-Fast Milkshake Chocolate,Slim-Fast Milkshake Chocolate6 x 325ml,£10,51.3p per 100ml,"Offer price £10, was £10.99",health-wellbeing-medicines
Slim-Fast Milkshake Strawberry,Slim-Fast Milkshake Strawberry6 x 325ml,£10,51.3p per 100ml,"Offer price £10, was £10.99",health-wellbeing-medicines
Slimfast Advanced Keto Fuel Shake Powder Creamy Vanilla,Slimfast Advanced Keto Fuel Sha...320g,£15,£4.69 per 100g,,health-wellbeing-medicines
Slimfast Advanced Keto Fuel Shake Powder Rich Chocolate,Slimfast Advanced Keto Fuel Sha...350g,£15,£4.29 per 100g,,health-wellbeing-medicines
Slimfast Chocolate Caramel Treats,Slimfast Chocolate Caramel Treats6 x 26g,£3.50,£2.24 per 100g,,health-wellbeing-medicines
SlimFast Double Choc Bar 6pk,SlimFast Double Choc Bar 6pk150g,£3.50,£2.33 per 100g,,health-wellbeing-medicines
Slimfast Meal Replacement Choc Chip Bar,Slimfast Meal Replace...4 x 60g,£5.50,£2.29 per 100g,"Offer price £5.50, was £8",health-wellbeing-medicines
Slimfast Meal Replacement Very Berry Bar,Slimfast Meal Replace...4 x 60g,£5.50,£2.29 per 100g,"Offer price £5.50, was £8",health-wellbeing-medicines
Slimfast Meal Shake Powder Banana,Slimfast Meal Shake Powder Banana365g,£5,£1.37 per 100g,"Offer price £5, was £8",health-wellbeing-medicines
Slimfast Meal Shake Powder Chocolate,Slimfast Meal Shake Powder Chocolate375g,£5,£1.33 per 100g,"Offer price £5, was £8",health-wellbeing-medicines
Slimfast Meal Shake Powder Strawberry,Slimfast Meal Shake Powder Strawberry365g,£5,£1.37 per 100g,"Offer price £5, was £8",health-wellbeing-medicines
Slimfast Milkshake Bottle Banana,Slimfast Milkshake Bottle Banana325ml,£2.15,66.2p per 100ml,,health-wellbeing-medicines
Slimfast Milkshake Vanilla,Slimfast Milkshake Vanilla6 x 325ml,£10,51.3p per 100ml,,health-wellbeing-medicines
Slimfast Porridge Golden Syrup     ,Slimfast Porridge Golden Syrup     5 x 29g,£5,£3.45 per 100g,,health-wellbeing-medicines
Slimfast Powder Tin Blueberry,Slimfast Powder Tin Blueberry365g,£5,£1.37 per 100g,,health-wellbeing-medicines
Slimfast Raspberry & White Chocolate Powder ,Slimfast Raspberry & White Chocolate Powder 365g,£5,£1.37 per 100g,"Offer price £5, was £8",health-wellbeing-medicines
SlimFast Strawberry Choc Bar,SlimFast Strawberry Choc Bar6 x 150g,£3.50,38.9p per 100g,,health-wellbeing-medicines
Slimfast Vitality Strawberry & Blueberry,Slimfast Vitality Strawberry & Blueberry480g,£7.50,£15.63 per kg,,health-wellbeing-medicines
Snuffle babe Saline Drops,Snuffle babe Saline Drops10ml,£3,£30.00 per 100ml,,health-wellbeing-medicines
Snufflebabe Vapour Rub,Snufflebabe Vapour Rub35g,£4,£11.43 per 100g,,health-wellbeing-medicines
Solpadeine Headache Soluble Tablets,Solpadeine Headache Soluble Tablets16 per pack,£2.75,17.2p each,,health-wellbeing-medicines
Solpadeine Headache Tablets,Solpadeine Headache Tablets16 per pack,£1.30,8.1p each,,health-wellbeing-medicines
Spatone Liquid Natural Iron Supplement 14 Pack,Spatone Liquid Natural Iron Supplement 14 Pack14 per pack,£6,42.9p each,,health-wellbeing-medicines
Sterimar Congestion & Cold Symptom Relief,Sterimar Congestion & Cold Symptom Relief50ml,£5,£10.00 per 100ml,,health-wellbeing-medicines
Sterimar Hayfever & Allergy Relief,Sterimar Hayfever & Allergy Relief50ml,£5,£10.00 per 100ml,,health-wellbeing-medicines
Strepsils Extra Medicated Sore Throat Lozenges Triple Action Cherry ,Strepsils Extra Medicated Sore Throat L...24 per pack,£5.50,22.9p each,,health-wellbeing-medicines
Strepsils Honey & Lemon,Strepsils Honey & Lemon16 per pack,£3,18.8p each,,health-wellbeing-medicines
Strepsils Honey & Lemon for Sore Throat Lozenges,Strepsils Honey & Lemon for Sore Throat Lozenges36 per pack,£5.50,15.3p each,,health-wellbeing-medicines
Strepsils Orange Vitamin C,Strepsils Orange Vitamin C36 per pack,£5.50,15.3p each,,health-wellbeing-medicines
Strepsils Sore Throat & Cough Lozenges,Strepsils Sore Throat & Cough Lozenges24 per pack,£5.50,22.9p each,,health-wellbeing-medicines
Strepsils Sugar Free Strawberry ,Strepsils Sugar Free Strawberry 36 per pack,£5,13.9p each,,health-wellbeing-medicines
Sudafed Blocked Nose & Sinus Capsules,Sudafed Blocked Nose & Sinus Capsules16 per pack,£4,25p each,,health-wellbeing-medicines
Sudafed Blocked Nose & Sinus Capsules,Sudafed Blocked Nose & Sinus Capsules16 per pack,£5.50,34.4p each,,health-wellbeing-medicines
Sudafed Blocked Nose Spray,Sudafed Blocked Nose Spray15ml,£4,£26.67 per 100ml,,health-wellbeing-medicines
Sudafed Headcold Day & Night ,Sudafed Headcold Day & Night 16 per pack,£4.50,28.1p each,,health-wellbeing-medicines
Sudafed Headcold Max Strength,Sudafed Headcold Max Strength16 per pack,£4.50,28.1p each,,health-wellbeing-medicines
Sudafed Natural Relief Blocked Nose Spray,Sudafed Natural Relief Blocked Nose Spray15ml,£5.50,£36.67 per 100ml,,health-wellbeing-medicines
Sudafed Sinus Ease Spray,Sudafed Sinus Ease Spray15ml,£4.50,£30.00 per 100ml,,health-wellbeing-medicines
Sudocrem Antiseptic Healing Cream,Sudocrem Antiseptic Healing Cream125g,£3.25,£2.60 per 100g,,health-wellbeing-medicines
Sudocrem Antiseptic Healing Cream,Sudocrem Antiseptic Healing Cream250g,£4.90,£1.96 per 100g,,health-wellbeing-medicines
Sudosalve Nappy Rash Treatment Cream,Sudosalve Nappy Rash Treatment Cream25g,£6,£24.00 per 100g,,health-wellbeing-medicines
TCP Liquid Antiseptic Original,TCP Liquid Antiseptic Original200ml,£5,£2.50 per 100ml,,health-wellbeing-medicines
TENA Incontinence Pants Plus L,TENA Incontinence Pants Plus L8 per pack,£9.50,£1.19 each,"TENA Unisex Pants - Buy 3, Save 5%",health-wellbeing-medicines
TENA Incontinence Pants Plus M,TENA Incontinence Pants Plus M9 per pack,£9.50,£1.06 each,"TENA Unisex Pants - Buy 3, Save 5%",health-wellbeing-medicines
TENA Incontinence Pants Plus XL,TENA Incontinence Pants Plus XL12 per pack,£13.95,£1.16 each,"TENA Unisex Pants - Buy 3, Save 5%",health-wellbeing-medicines
TENA Incontinence Pants Super M,TENA Incontinence Pants Super M12 per pack,£13.95,£1.16 each,"TENA Unisex Pants - Buy 3, Save 5%",health-wellbeing-medicines
Tena Lady Discreet Mini Pads,Tena Lady Discreet Mini Pads20 per pack,£2.25,11.3p each,,health-wellbeing-medicines
TENA Lady Discreet Normal Incontinence Pads,TENA Lady Discreet Normal Incontinence Pads12 per pack,£2.25,18.8p each,,health-wellbeing-medicines
TENA Lady Discreet Normal Incontinence Pads Duo,TENA Lady Discreet Normal...,£5,,,health-wellbeing-medicines
TENA Lady Extra Incontinence Pads,TENA Lady Extra Incontinence Pads10 per pack,£2.25,22.5p each,,health-wellbeing-medicines
TENA Lady Extra Incontinence Pads Duo,TENA Lady Extra Incontinence Pads Duo2 x 10 per pack,£5,25p each,,health-wellbeing-medicines
TENA Lady Extra Plus Incontinence Pads,TENA Lady Extra Plus Incontinence Pads8 per pack,£2.25,28.1p each,,health-wellbeing-medicines
TENA Lady Extra Plus Incontinence Pads Duo,TENA Lady Extra Plus Incontinence Pads Duo16 per pack,£4.99,31.2p each,,health-wellbeing-medicines
TENA Lady Maxi Incontinence Pads,TENA Lady Maxi Incontinence Pads6 per pack,£2.25,37.5p each,,health-wellbeing-medicines
TENA Lady Maxi Night Incontinence Pads,TENA Lady Maxi Night Incontinence Pads6 per pack,£2.25,37.5p each,,health-wellbeing-medicines
TENA Lady Maxi Night Incontinence Pads Duo,TENA Lady Maxi Night Incontinence Pads Duo2 x 6 per pack,£5,41.7p each,,health-wellbeing-medicines
Tena Lady Pants Plus 8 Large,Tena Lady Pants Plus 8 Large,£8.49,,,health-wellbeing-medicines
TENA Lady Silhouette Incontinence Pants Normal L Duo,TENA Lady Silhouette Incontin...2 x 5 per pack,£8.49,84.9p each,,health-wellbeing-medicines
TENA Lady Silhouette Incontinence Pants Normal M Duo,TENA Lady Silhouette Incontin...2 x 6 per pack,£8.49,70.8p each,,health-wellbeing-medicines
TENA Lady Silhouette Incontinence Pants Plus M,TENA Lady Silhouette Incontinence Pants Plus M,£8.49,,,health-wellbeing-medicines
TENA Men Level 2 Incontinence Absorbent Protector,TENA Men Level 2 Incontinen...10 per pack,£4.50,45p each,,health-wellbeing-medicines
Tena Men Premium Pants Large,Tena Men Premium Pants Large8 per pack,£8.50,£1.06 each,,health-wellbeing-medicines
Tena Pants Super Large,Tena Pants Super Large12 per pack,£13.95,£1.16 each,"TENA Unisex Pants - Buy 3, Save 5%",health-wellbeing-medicines
Tena Silhouette Pants Black L,Tena Silhouette Pants Black L9 per pack,£8.49,94.3p each,,health-wellbeing-medicines
Tena Silhouette Pants Normal Noir M,Tena Silhouette Pants Normal Noir M10 per pack,£8.49,84.9p each,,health-wellbeing-medicines
Tena Silhouette Underwear High Waist Plus Black Large,Tena Silhouette Underwear Hig...8 per pack,£8.49,£1.06 each,,health-wellbeing-medicines
Tena Silhouette Underwear High Waist Plus Black Medium,Tena Silhouette Underwear High...9 per pack,£8.49,94.3p each,,health-wellbeing-medicines
The Protein Ball Co Blueberry Oat Muffin Breakfast To Go ,The Protein Ball Co Blueberry Oat...45g,£1.99,£4.42 per 100g,,health-wellbeing-medicines
The Protein Ball Co. Cacao+Orange 6 Balls ,The Protein Ball Co. Cacao+Orange 6 Balls 45g,£1.99,£4.42 per 100g,,health-wellbeing-medicines
The Protein Ball Co. Coffee Oat Muffin Breakfast To Go ,The Protein Ball Co. Coffee Oat...45g,£1.99,£4.42 per 100g,,health-wellbeing-medicines
The Protein Ball Co. Lemon & Pistachio 6 Balls,The Protein Ball Co. Lemon & Pistachio 6 Balls45g,£1.99,£4.42 per 100g,,health-wellbeing-medicines
The Protein Ball Co. Peanut Butter 6 Balls ,The Protein Ball Co. Peanut Butter 6 Balls 45g,£1.99,£4.42 per 100g,,health-wellbeing-medicines
The Protein Ball Co. Raspberry Brownie 6 Vegan Balls,The Protein Ball Co. Raspberr...45g,£1.99,£4.42 per 100g,,health-wellbeing-medicines
The Raw Choc Co Organic Chocolate Almonds,The Raw Choc Co Organic Chocolate Almonds110g,£5,£4.55 per 100g,,health-wellbeing-medicines
Tiger Balm Red Ointment,Tiger Balm Red Ointment30g,£6,£20.00 per 100g,"Offer price £6, was £7.50",health-wellbeing-medicines
Tiger Balm White Ointment,Tiger Balm White Ointment30g,£6,£20.00 per 100g,"Offer price £6, was £7.50",health-wellbeing-medicines
Together B Complex with Bioflavonoids Vegetable Capsules ,Together B Complex with Bioflavon...30 per pack,£7.50,25p each,,health-wellbeing-medicines
Together Bio-CoQ10,Together Bio-CoQ1030 per pack,£14,46.7p each,,health-wellbeing-medicines
Together Blood Orange Vitamin C With Bioflavonoids Capsules,Together Blood Orange Vitamin C W...30 per pack,£7,23.3p each,,health-wellbeing-medicines
Together Bone Health Supplement,Together Bone Health Supplement60 per pack,£13.80,23p each,,health-wellbeing-medicines
Together Gentle Iron with B Vitamins Vegetable Capsules ,Together Gentle Iron with B Vit...30 per pack,£8,26.7p each,,health-wellbeing-medicines
Together Health Vitamin D3 Vegan Capsules,Together Health Vitamin D3 Vegan Capsules30 per pack,£6.99,23.3p each,,health-wellbeing-medicines
"Together Immune Vitamin C, Zinc & Selenium Vegetable Capsules ","Together Immune Vitamin C, Zinc & S...30 per pack",£12,40p each,,health-wellbeing-medicines
Together Marine Magnesium Capsules,Together Marine Magnesium Capsules30 per pack,£6,20p each,,health-wellbeing-medicines
Together Menopause Supplement,Together Menopause Supplement60 per pack,£18.75,31.3p each,,health-wellbeing-medicines
Together Multibiotic Microbiome Support Capsules ,Together Multibiotic Microb...30 per pack,£14.99,50p each,,health-wellbeing-medicines
Together Multivitamin & Mineral Capsules,Together Multivitamin & Mineral Capsules30 per pack,£8,26.7p each,,health-wellbeing-medicines
Together Omega-3 from DHA & EPA Rich Algae Vegetable Capsules ,Together Omega-3 from DHA & EPA Ric...30 per pack,£13.99,46.6p each,,health-wellbeing-medicines
Together Organic Seaweed Iodine Supplement,Together Organic Seawee...30 per pack,£6.90,23p each,,health-wellbeing-medicines
Together Vegan Multivitamins & Minerals Supplement Vegetable Capsules ,Together Vegan Multivitamins...60 per pack,£11.99,20p each,,health-wellbeing-medicines
Together Vitamin K2 Natural MK7 Form Fermented Chickpeas ,Together Vitamin K2 Natural MK7 F...30 per pack,£9,30p each,,health-wellbeing-medicines
Together WholeHerbs Ashwagandha Vegetable Capsules ,Together WholeHerbs Ashwagand...30 per pack,£9.99,33.3p each,,health-wellbeing-medicines
Together WholeVit Pregnancy Multivitamins & Minerals Capsules,Together WholeVit Pregnancy Multivi...60 per pack,£14.49,24.2p each,,health-wellbeing-medicines
Together Women's Multivitamins & Minerals Supplement Vegetable Capsules ,Together Women's Multivitamins...30 per pack,£10,33.3p each,,health-wellbeing-medicines
Treathay Fexofenadine,Treathay Fexofenadine10 per pack,£4,40p each,,health-wellbeing-medicines
Treathay Fexofenadine,Treathay Fexofenadine30 per pack,£7,23.3p each,,health-wellbeing-medicines
Trek Cocoa Coconut Protein Flapjack,Trek Cocoa Coconut Protein Flapjack50g,£1.12,£2.24 per 100g,,health-wellbeing-medicines
Trek Cocoa Oat Protein Flapjacks,Trek Cocoa Oat Protein Flapjacks3 x 50g,£2.25,£1.50 per 100g,"Offer price £2.25, was £3",health-wellbeing-medicines
Tribe Cocoa & Sea Salt Protein Shake Pouch,Tribe Cocoa & Sea Salt Protein Shake Pouch500g,£11,£2.20 per 100g,,health-wellbeing-medicines
Tribe Plant Protein Flapjack Choc Peanut,Tribe Plant Protein Flapjack Choc Peanut3 x 38g,£3,£2.63 per 100g,,health-wellbeing-medicines
Tribe Raspberry & Goji Protein Shake Pouch,Tribe Raspberry & Goji Protein Shake Pouch500g,£17,£3.40 per 100g,"Offer price £17, was £22",health-wellbeing-medicines
Tribe Triple Decker Choc Honeycomb Bar,Tribe Triple Decker Choc Honeycomb Bar40g,£2,£5.00 per 100g,,health-wellbeing-medicines
Tribe Triple Decker Choc Peanut Butter Bar,Tribe Triple Decker Choc Peanut Butter Bar40g,£2,£5.00 per 100g,,health-wellbeing-medicines
Tribe Vanilla Protein Shake Pouch ,Tribe Vanilla Protein Shake Pouch 500g,£17,£3.40 per 100g,"Offer price £17, was £22",health-wellbeing-medicines
Ultra Chloraseptic Honey & Lemon,Ultra Chloraseptic Honey & Lemon15ml,£5.50,£36.67 per 100ml,,health-wellbeing-medicines
Ultra Chloraseptic Original,Ultra Chloraseptic Original15ml,£5.50,£36.67 per 100ml,,health-wellbeing-medicines
Ultra Omega 3 High Potency,Ultra Omega 3 High Potency60 per pack,£7,11.7p each,,health-wellbeing-medicines
Unbeelievable Health Bee Energised Energy & Focus Supplement Capsules ,Unbeelievable Health Bee Energised Energy...20 per pack,£11.99,60p each,,health-wellbeing-medicines
Unbeelievable Health Bee Prepared Daily Defence Immune Formula Capsules,Unbeelievable Health Bee Prepared Daily D...30 per pack,£11.45,38.2p each,,health-wellbeing-medicines
Unbeelievable Health Bee Prepared Max Strength Immune Formula Capsules,Unbeelievable Health Bee Prepared Max Str...20 per pack,£13.75,68.8p each,,health-wellbeing-medicines
Unrooted POM Passion After Dark,Unrooted POM Passion After Dark,£2,,,health-wellbeing-medicines
USN B4 Bomb Pre-Workout Blue Raspberry Crush Flavour,USN B4 Bomb Pre-Workout Blue...180g,£15,£8.34 per 100g,"Offer price £15, was £18.50",health-wellbeing-medicines
USN B4 Bomb Pre-Workout Cola Burst Flavour,USN B4 Bomb Pre-Workout...180g,£15,£8.34 per 100g,"Offer price £15, was £18.50",health-wellbeing-medicines
Usn Blue Lab Whey Caramel Chocolate,Usn Blue Lab Whey Caramel Chocolate476g,£16,£3.36 per 100g,"Offer price £16, was £20",health-wellbeing-medicines
Usn Blue Lab Whey Vanilla,Usn Blue Lab Whey Vanilla476g,£16,£3.36 per 100g,"Offer price £16, was £20",health-wellbeing-medicines
USN Core Original BCAA+ Power Punch Tangerine,USN Core Original BCAA+ Power Punch Tangerine200g,£15,£7.50 per 100g,"Offer price £15, was £17.50",health-wellbeing-medicines
Usn Diet Fuel Ultralean Chocolate,Usn Diet Fuel Ultralean Chocolate1kg,£22.50,£2.25 per 100g,,health-wellbeing-medicines
Usn Diet Fuel Ultralean Strawberry,Usn Diet Fuel Ultralean Strawberry1kg,£22.50,£2.25 per 100g,,health-wellbeing-medicines
USN Trust Cookie Bar Caramel Biscuit,USN Trust Cookie Bar Caramel Biscuit60g,£1,£1.67 per 100g,,health-wellbeing-medicines
USN Trust Vegan Chocolate Brownie,USN Trust Vegan Chocolate Brownie60g,£1,£1.67 per 100g,,health-wellbeing-medicines
Vagisil Medicated Cream,Vagisil Medicated Cream30g,£5,£16.67 per 100g,,health-wellbeing-medicines
Valupak Effevervescent High Strength Vitamin C Orange Tablets 1000mg,Valupak Effevervescent High Strength Vi...20 per pack,£2.35,11.8p each,,health-wellbeing-medicines
Valupak Vitamins Calcium 400mg & Vitamin D 2.5ug Tablets ,Valupak Vitamins Calcium 400mg &...30 per pack,£1.50,5p each,,health-wellbeing-medicines
Valupak Vitamins Chewable Vitamin C Tablets 80mg,Valupak Vitamins Chewable V...60 per pack,£1.45,2.4p each,,health-wellbeing-medicines
Valupak Vitamins Cod Liver Oil Capsules 400mg ,Valupak Vitamins Cod Liver Oil Capsules 400mg 30 per pack,£1.15,3.8p each,,health-wellbeing-medicines
Valupak Vitamins Evening Primrose Oil Capsules 500mg,Valupak Vitamins Evening Prim...30 per pack,£1.45,4.8p each,,health-wellbeing-medicines
Valupak Vitamins Folic Acid Tablets 400ug ,Valupak Vitamins Folic Acid Tablets 400ug 90 per pack,£1.15,1.3p each,,health-wellbeing-medicines
Valupak Vitamins Magnesium Tablets 187.5mg ,Valupak Vitamins Magnes...30 per pack,£1.05,3.5p each,,health-wellbeing-medicines
Valupak Vitamins Multivitamin & Iron Tablets ,Valupak Vitamins Multivitamin & Iron Tablets 50 per pack,£1.55,3.1p each,,health-wellbeing-medicines
Valupak Vitamins Multivitamin Tablets ,Valupak Vitamins Multivitamin Tablets 50 per pack,£1.55,3.1p each,,health-wellbeing-medicines
Vaseline Lip Therapy Cocoa Butter Tin,Vaseline Lip Therapy Cocoa Butter Tin20g,£1.50,£7.50 per 100g,Buy 2 for £2,health-wellbeing-medicines
Vaseline Lip Therapy Original Tin,Vaseline Lip Therapy Original Tin20g,£1.50,£7.50 per 100g,Buy 2 for £2,health-wellbeing-medicines
Vaseline Lip Therapy Rosy Lips Tin,Vaseline Lip Therapy Rosy Lips Tin20g,£1.50,£7.50 per 100g,Buy 2 for £2,health-wellbeing-medicines
Vaseline Lip Therapy With Aloe Vera ,Vaseline Lip Therapy With Aloe Vera 20g,£1.50,£7.50 per 100g,Buy 2 for £2,health-wellbeing-medicines
Viatbiotics WellWoman Original Capsules,Viatbiotics WellWoman Original Capsules30 per pack,£4,13.3p each,"Offer price £4, was £6",health-wellbeing-medicines
Vicks BabyRub Ointment For Soothing and Relaxing Baby Massage Jar,Vicks BabyRub Ointment For Soothing a...50g,£4.50,£9.00 per 100g,,health-wellbeing-medicines
Vicks First Defence Cold Virus Blocker Nasal Spray Bottle,Vicks First Defence Cold Virus Bl...15ml,£7,£46.67 per 100ml,,health-wellbeing-medicines
Vicks Inhaler Fast Acting Decongestant For Blocked Nose Relief Stick,Vicks Inhaler Fast Acting Decongestant...,£2.50,,,health-wellbeing-medicines
Vicks Sinex Micromist Decongestant Nasal Spray For Blocked Nose,Vicks Sinex Micromist Decongestant Na...15ml,£4,£26.67 per 100ml,,health-wellbeing-medicines
"Vicks VapoRub Relief Of Cough, Cold & Flu Like Symptoms Jar ","Vicks VapoRub Relief Of Cough, Cold...100g",£4,£4.00 per 100g,,health-wellbeing-medicines
Virtue Clean Energy Tropical,Virtue Clean Energy Tropical250ml,£1.25,50p per 100ml,,health-wellbeing-medicines
Virtue Yerba Mate Peach & Raspberry,Virtue Yerba Mate Peach & Raspberry250ml,£1.25,50p per 100ml,,health-wellbeing-medicines
Vitabiotics Menopace Original Tablets,Vitabiotics Menopace Original Tablets30 per pack,£4,13.3p each,,health-wellbeing-medicines
Vitabiotics Osteocare Liquid,Vitabiotics Osteocare Liquid200ml,£4,£2.00 per 100ml,,health-wellbeing-medicines
Vitabiotics Perfectil Original Triple Active Tablets,Vitabiotics Perfectil Origina...30 per pack,£6,20p each,,health-wellbeing-medicines
Vitabiotics Pregnacare Max Dual Pack Tablets / Capsules,Vitabiotics Pregnacare Max Dual...84 per pack,£16,19p each,,health-wellbeing-medicines
Vitabiotics Pregnacare Original Vitamin Capsules,Vitabiotics Pregnacare Original Vitamin Capsules30 per pack,£4,13.3p each,,health-wellbeing-medicines
Vitabiotics Pregnacare Plus,Vitabiotics Pregnacare Plus56 per pack,£12,21.4p each,,health-wellbeing-medicines
Vitabiotics Ultra Vitamin C With Zinc Effervescent,Vitabiotics Ultra Vitamin C With Zinc Effervescent20 per pack,£2.50,12.5p each,"Offer price £2.50, was £5",health-wellbeing-medicines
Vitabiotics Ultra Vitamin D,Vitabiotics Ultra Vitamin D96 per pack,£5,5.2p each,,health-wellbeing-medicines
Vitabiotics Ultra Vitamin D 2000 Iu Extra Strength Tablets,Vitabiotics Ultra Vitamin D 2000...96 per pack,£8,8.3p each,,health-wellbeing-medicines
Vitabiotics Ultra Vitamin D 3000,Vitabiotics Ultra Vitamin D 300096 per pack,£12,12.5p each,,health-wellbeing-medicines
Vitabiotics Wellbaby Multi Vitamin Drops ,Vitabiotics Wellbaby Multi Vitamin Drops 30ml,£5,£16.67 per 100ml,,health-wellbeing-medicines
Vitabiotics Wellbaby Vitamin D Drops ,Vitabiotics Wellbaby Vitamin D Drops 30ml,£5,£16.67 per 100ml,,health-wellbeing-medicines
Vitabiotics Wellkid Calcium Liquid,Vitabiotics Wellkid Calcium Liquid150ml,£5,£3.33 per 100ml,,health-wellbeing-medicines
Vitabiotics Wellkid Peppa Pig Multi-Vits Soft Jellies,Vitabiotics Wellkid Peppa Pig Multi-Vits Soft Jellies30 per pack,£8,26.7p each,,health-wellbeing-medicines
Vitabiotics Wellkid Peppa Pig Omega-3 Flaxseed Oil Soft Jellies,Vitabiotics Wellkid Peppa Pig Omega-3...30 per pack,£8.50,28.3p each,,health-wellbeing-medicines
Vitabiotics Wellkid Peppa Pig Vitamin D 400Iu Soft Jellies,Vitabiotics Wellkid Peppa Pig Vit...30 per pack,£7,23.3p each,,health-wellbeing-medicines
Vitabiotics Wellman Tablets,Vitabiotics Wellman Tablets30 per pack,£4,13.3p each,"Offer price £4, was £6",health-wellbeing-medicines
Vitabiotics Wellwoman Vegan Tablets,Vitabiotics Wellwoman Vegan Tablets60 per pack,£11,18.3p each,,health-wellbeing-medicines
Vitamin Store Omega 3 1000mg 90s,Vitamin Store Omega 3 1000mg 90s1g,£4.50,£4.50 per 1g,,health-wellbeing-medicines
Vitawell Lush Locks Hair Gummies,Vitawell Lush Locks Hair Gummies,£8,,,health-wellbeing-medicines
Vitawell Night Sweet Dreams Gummies,Vitawell Night Sweet Dreams Gummies,£8,,,health-wellbeing-medicines
Vitawell Total Beauty Collagen Gummies,Vitawell Total Beauty Collagen Gummies,£8,,,health-wellbeing-medicines
VITL Vitamin D Vegan Soft Gel Capsules ,VITL Vitamin D Vegan Soft Gel Capsules 30 per pack,£6,20p each,,health-wellbeing-medicines
Voltarol Back & Muscle Pain Relief Gel,Voltarol Back & Muscle Pain Relief Gel100g,£15,£15.00 per 100g,,health-wellbeing-medicines
Voltarol Heat Patch Non-Medicated Patches,Voltarol Heat Patch Non-Medicated Patches2 per pack,£5,£2.50 each,,health-wellbeing-medicines
Voltarol Joint Pain Relief 2.32% Gel ,Voltarol Joint Pain Relief 2.32% Gel 30g,£7.50,£2.50 per 10g,,health-wellbeing-medicines
Voltarol Joint Pain Relief Gel,Voltarol Joint Pain Relief Gel50g,£11,£22.00 per 100g,,health-wellbeing-medicines
Voltarol Pain-Eze Emugel,Voltarol Pain-Eze Emugel100g,£11,£11.00 per 100g,"Offer price £11, was £13",health-wellbeing-medicines
Voltarol Pain-eze Emulgel ,Voltarol Pain-eze Emulgel 30g,£4.50,£15.00 per 100g,"Offer price £4.50, was £5",health-wellbeing-medicines
Voltarol Pain-Eze Emulgel,Voltarol Pain-Eze Emulgel50g,£7.50,£15.00 per 100g,,health-wellbeing-medicines
Warburtons Plant Power,Warburtons Plant Power700g,£1.95,27.9p per 100g,,health-wellbeing-medicines
Wartner Wart & Verruca Cryo Freeze,Wartner Wart & Verruca Cryo Freeze,£20,,,health-wellbeing-medicines
Wartner Wart & Verruca Remover,Wartner Wart & Verruca Remover,£20,,,health-wellbeing-medicines
Well Kid Baby Syrup,Well Kid Baby Syrup150ml,£5,£3.33 per 100ml,,health-wellbeing-medicines
Wellkid Marvel Multi Vitamin Gummies,Wellkid Marvel Multi Vitamin Gummies50 per pack,£12.50,25p each,,health-wellbeing-medicines
Wellkid Marvel Vitamin D Gummies,Wellkid Marvel Vitamin D Gummies50 per pack,£12,24p each,,health-wellbeing-medicines
Wellman 50 Plus Tablets,Wellman 50 Plus Tablets30 per pack,£10,33.3p each,,health-wellbeing-medicines
WellWoman 50+ Vitamins,WellWoman 50+ Vitamins30 per pack,£10,33.3p each,,health-wellbeing-medicines
Wild Earth Magnesium,Wild Earth Magnesium30 per pack,£9.65,32.2p each,,health-wellbeing-medicines
Wild Earth Multivitamins & Minerals for Women,Wild Earth Multivitamins & Minerals for Women30 per pack,£16.35,54.5p each,,health-wellbeing-medicines
Wild Earth Vitamin D3 ,Wild Earth Vitamin D3 30 per pack,£8.70,29p each,,health-wellbeing-medicines
Xls Weight Loss Plus Tablets,Xls Weight Loss Plus Tablets40 per pack,£13.50,33.8p each,,health-wellbeing-medicines
Yogi Tea Detox Teabags ,Yogi Tea Detox Teabags 30.6g,£2.60,£8.50 per 100g,,health-wellbeing-medicines
Yogi Tea Immune Supplement Teabags,Yogi Tea Immune Supplement Teabags34g,£2.60,£7.65 per 100g,,health-wellbeing-medicines
Yogi Tea Organic Bedtime 17 Teabags,Yogi Tea Organic Bedtime 17 Teabags30.6g,£2.60,£8.50 per 100g,,health-wellbeing-medicines
Zovirax Tube               ,Zovirax Tube               2g,£5.50,£275.00 per 100g,,health-wellbeing-medicines
Wild Bird Coconut Fat Feast,Wild Bird Coc...,£1.20,,,home-garden
Morrisons Wild Bird Peanuts,Morrisons Wild Bird Peanuts750g,£3.15,£4.20 per kg,,home-garden
Glade Peaceful Relaxing Zen Candle,Glade Peaceful Re...,£4.00,,,home-garden
"100 Great Breads, Paul Hollywood Cook Book","100 Great Breads, Paul Hollywood Cook Book",£17,£17.00 each,,home-garden
3-In-One Multi Purpose Oil,3-In-One Multi Purpose Oil100ml,£3,£3.00 per 100ml,,home-garden
3M Post-It Notes Cube,3M Post-It Notes Cube,£2,,,home-garden
A4 Carry Folders,A4 Carry Folders4 per pack,£1.99,49.8p each,,home-garden
"A4 DocBox Document Wallet, Clear","A4 DocBox Document Wallet, Clear",£5.99,£5.99 each,,home-garden
A4 Feint & Margin Ruled Refill Pad,A4 Feint & Margin Ruled Refill Pad,£1.99,£1.99 each,,home-garden
A4 NU EDUCATION PLAIN SKETCH BOOK - BLACK,A4 NU EDUCATION PLAIN SKETCH BOOK - BLACK,£2,£2.00 each,,home-garden
A4 Polyprop Covered Notebook Blue 160 Pages ,A4 Polyprop Covered Notebook Blue 160 Pages ,£2.99,£2.99 each,,home-garden
"Addis, Mop Replacement Head, 100% Microfibre ","Addis, Mop Replacement Head, 100% Microfibre ",£5,£5.00 each,,home-garden
Addis 100% Microfibre Mop ,Addis 100% Microfibre Mop ,£7,£7.00 each,,home-garden
"Addis 100% Recycled Cutlery Drainer, Light Grey","Addis 100% Recycled Cutlery Drainer, Light Grey",£2.50,£2.50 each,,home-garden
"Addis 100% Recycled Draining Rack, Light Grey","Addis 100% Recycled Draining Rack, Light Grey",£4.60,£4.60 each,,home-garden
Addis 100% Recycled Extra Large Washing Up Bowl 12L,Addis 100% Recycled Extra Lar...,£5.99,£5.99 each,,home-garden
Addis 100% Recycled Large Washing Up Bowl 9.5L,Addis 100% Recycled Large...,£4,£4.00 each,,home-garden
Addis 100% Recycled Round Washing Up Bowl 8L,Addis 100% Recycled Rou...,£3.80,£3.80 each,,home-garden
"Addis 100% Recycled Washing Up Bowl, Light Grey 9.5L",Addis 100% Recycled Washing U...,£4,£4.00 each,,home-garden
Addis 110cm x 35cm Perfect Fit Ironing Board Cover ,Addis 110cm x 35cm Perfect Fi...,£7.50,£7.50 each,,home-garden
Addis 135cm x 46cm Perfect Fit Ironing Board Cover ,Addis 135cm x 46cm Perfect Fi...,£8.99,£8.99 each,,home-garden
Addis  70cm x 40cm Natural Helmsley Door Mat ,Addis  70cm x 40cm Natura...,£8,£8.00 each,,home-garden
Addis Bamboo Chenille Tile Wall Duster,Addis Bamboo Chenille Tile Wall Duster,£4.99,£4.99 each,,home-garden
Addis Bamboo Palm Washing Up Dish Brush,Addis Bamboo Palm Washing Up Dish Brush,£3.50,£3.50 each,,home-garden
Addis Bamboo Round Washing Up Dish Brush,Addis Bamboo Round Washing Up Dish Brush,£3.50,£3.50 each,,home-garden
Addis Bamboo Stiff Floor Scrub Brush,Addis Bamboo Stiff Floor Scrub Brush,£3.99,£3.99 each,,home-garden
"Addis Bamboo Window Shower Glass Squeegee, 23cm Wide, Bamboo",Addis Bamboo Window Shower Glass Sq...,£3.99,£3.99 each,,home-garden
Addis Black/Grey Kitchen Food Compost Caddy,Addis Black/Grey Kitchen Food Compost Caddy,£12.99,£12.99 each,,home-garden
"Addis Butler Sink Washing Up Bowl 12L , Metallic Silver",Addis Butler Sink Washing Up Bo...,£5.99,£5.99 each,,home-garden
"Addis Closed Toilet Brush Set, Charcoal","Addis Closed Toilet Brush Set, Charcoal",£8.60,£8.60 each,,home-garden
"Addis Closed Toilet Brush Set, White","Addis Closed Toilet Brush Set, White",£8.60,£8.60 each,,home-garden
Addis ComfiGrip 3 Piece Broom,Addis ComfiGrip 3 Piece Broom,£11,£11.00 each,,home-garden
Addis ComfiGrip Handled 100% Fluffy Microfibre Duster,Addis ComfiGrip Handled 100%...,£6,£6.00 each,,home-garden
Addis ComfiGrip Long Handled Bottle Brush,Addis ComfiGrip Long Handled Bottle Brush,£3.49,£3.49 each,,home-garden
Addis ComfiGrip Long Handled Washing Up Scourer,Addis ComfiGrip Long Hand...,£3.45,£3.45 each,,home-garden
Addis ComfiGrip Squeegee,Addis ComfiGrip Squeegee,£3.50,£3.50 each,,home-garden
Addis ComfiGrip Stiff Floor Cleaning Scrub Brush,Addis ComfiGrip Stiff Floor Cleaning Scrub Brush,£3.49,£3.49 each,,home-garden
Addis ComfiGrip Washing Up Dish Brush with Scraper,Addis ComfiGrip Washing Up...,£3.40,£3.40 each,,home-garden
Addis Dark Green Printed Clothes Peg Bag ,Addis Dark Green Printed Clothes Peg Bag ,£5,£5.00 each,,home-garden
Addis Deluxe Ironing Board Cover Extra Thick 135X46cm,Addis Deluxe Ironing Board Co...,£12.99,£12.99 each,,home-garden
"Addis Invisifix Bathroom Shower Storage Caddy Holder, Clear",Addis Invisifix Bathroom Shower S...,£17.20,£17.20 each,,home-garden
"Addis Invisifix Bathroom Soap Dish Tray with Wall Mount Storage, Clear",Addis Invisifix Bathroom Soap Dish Tray w...,£6.99,£6.99 each,,home-garden
Addis Large Rectangular Washing Up Bowl 9.5 litre White,Addis Large Rectangular Washing...,£3.99,£3.99 each,,home-garden
Addis Large Soft Clothes Pegs ,Addis Large Soft Clothes Pegs 20 per pack,£4,20p each,,home-garden
Addis Medium Soft Clothes Pegs ,Addis Medium Soft Clothes Pegs 24 per pack,£4,16.7p each,,home-garden
Addis Metallic Graphite ComfiGrip Tile and Grout Cleaning Brush  ,Addis Metallic Graphite ComfiGrip Til...,£2.49,£2.49 each,,home-garden
Addis Metallic Graphite New ComfiGrip Floor Iron Scrub Brush ,Addis Metallic Graphite New ComfiGr...,£3.99,£3.99 each,,home-garden
"Addis Plastic Draining Rack, Metallic","Addis Plastic Draining Rack, Metallic",£3,£3.00 each,,home-garden
"Addis Plastic Drawer Organiser, Metallic","Addis Plastic Drawer Organiser, Metallic",£2.85,£2.85 each,,home-garden
"Addis Premium Drawer Organiser, White & Grey","Addis Premium Drawer Organiser, White & Grey",£10.30,£10.30 each,,home-garden
"Addis Premium Drying Mat, White","Addis Premium Drying Mat, White",£5,£5.00 each,,home-garden
Addis Premium Folding Step Stool,Addis Premium Folding Step Stool,£11,£11.00 each,,home-garden
"Addis Premium Soft Touch Dish Draining Rack, Black / Grey",Addis Premium Soft Touch Dish Dra...,£15,£15.00 each,,home-garden
"Addis Premium Soft Touch Dish Draining Rack, White / Green",Addis Premium Soft Touch Dish Dra...,£15,£15.00 each,,home-garden
"Addis Premium Soft Touch Dish Draining Rack, White / Grey",Addis Premium Soft Touch Dish Dra...,£15,£15.00 each,,home-garden
"Addis Premium Soft Touch Sink Liner Mat, Clear","Addis Premium Soft Touch Sink Liner Mat, Clear",£4,£4.00 each,,home-garden
"Addis Premium Soft Touch Washing Up Bowl, Black / Grey",Addis Premium Soft Touch Washin...,£6,£6.00 each,,home-garden
"Addis Premium Soft Touch Washing Up Bowl, White","Addis Premium Soft Touch Washing Up Bowl, White",£6,£6.00 each,,home-garden
"Addis Premium Soft Touch Washing Up Bowl, White / Grey",Addis Premium Soft Touch Washin...,£6,£6.00 each,,home-garden
"Addis Round Open Toilet Brush Set, White","Addis Round Open Toilet Brush Set, White",£4,£4.00 each,,home-garden
Addis Stainless Steel Premium Wire Draining Rack,Addis Stainless Steel Premi...,£20.70,£20.70 each,,home-garden
Addis Textured Diamond Effect Round Bathroom Bin with Swing Lid 5L,Addis Textured Diamond Effect Round Bat...,£12.99,£12.99 each,,home-garden
Addis White/Grey Kitchen Food Compost Caddy  ,Addis White/Grey Kitchen Food Compost Caddy  ,£14.90,£14.90 each,,home-garden
Addis Wire Cutlery Utensil Draining Holder Caddy,Addis Wire Cutlery Utensil Draining Holder Caddy,£6,£6.00 each,,home-garden
"Addis Wire Drawer Organiser, Chrome","Addis Wire Drawer Organiser, Chrome",£9.99,£9.99 each,,home-garden
Addis Wooden 190mm Scrub Brush Bassine Fill,Addis Wooden 190mm Scrub Brush Bassine Fill,£2.50,£2.50 each,,home-garden
Addis Wooden Clothes Pegs ,Addis Wooden Clothes Pegs 36 per pack,£3.05,8.5p each,,home-garden
Add It Tyre Seal For Large Tyres,Add It Tyre Seal For Large Tyres500ml,£7.50,£1.50 per 100ml,,home-garden
Aerolatte Milk Frother With Stand,Aerolatte Milk Frother With Stand,£14,£14.00 each,,home-garden
Aftercut Aio Box,Aftercut Aio Box80m,£9,11.3p per 1m,,home-garden
Aftercut Aio Large Box Uk,Aftercut Aio Large Box Uk160m,£12,7.5p per 1m,,home-garden
"Aftercut All In One Lawn Feed, Weed & Moss Killer 100M2",Aftercut All In One Lawn Feed...,£7,,,home-garden
"Aftercut All In One Lawn Feed, Weed & Moss Killer 170M2",Aftercut All In One Lawn Feed...,£12,,,home-garden
Aftercut Patch Fix ,Aftercut Patch Fix 2.4kg,£12,£5.00 per kg,,home-garden
Aftercut Ultra Green Lawn Feed & Iron Supplement 100M2,Aftercut Ultra Green Lawn Feed...,£8.50,,,home-garden
Airwick Mist Kit & Refill Peony & Jasmine,Airwick Mist Kit & Refill Peony & Jasmine,£12.50,,,home-garden
Airwick Mist Refill Peony & Jasmine,Airwick Mist Refill Peony & Jasmine,£5.60,,,home-garden
Airwick Plug In Refill Mulled Wine,Airwick Plug In Refill Mulled Wine19ml,£2.50,£13.16 per 100ml,"Offer price £2.50, was £3.75",home-garden
Airwick Reed Diffuser Crisp Linen & Lilac ,Airwick Reed Diffuser Crisp Linen & Lilac 33ml,£4.99,£15.12 per 100ml,"Offer price £4.99, was £8.75",home-garden
Airwick Reed Diffuser Pink Sweet Pea ,Airwick Reed Diffuser Pink Sweet Pea 33ml,£4.99,£15.12 per 100ml,"Offer price £4.99, was £8.75",home-garden
"Ando Toilet Brush Holder, White & Clear 39X9cm","Ando Toilet Brush Holder, White & Clear 39X9cm",£14.99,£14.99 each,,home-garden
"Anniversary House Square Cake Drum, Silver 24.5cm",Anniversary House Square Ca...,£2.99,£2.99 each,,home-garden
Antclear Ant Control Granules,Antclear Ant Control Granules300g,£6,£2.00 per 100g,,home-garden
Antclear Ant Control Spray,Antclear Ant Control Spray800ml,£6,75p per 100ml,,home-garden
Antclear Bait Station,Antclear Bait Station,£4,,,home-garden
Any Sharp Premium Knife Sharpener,Any Sharp Premium Knife Sharpener,£8,,,home-garden
Aqualona Nebula Shower Head Chrome,Aqualona Nebula Shower Head Chrome,£8,,,home-garden
Aqualona White Quick Hooks 12Pk,Aqualona White Quick Hooks 12Pk,£1.30,,,home-garden
Aroma Works Essential Oil Diffuser,Aroma Works Essential Oil Diffuser,£12,,,home-garden
Assorted Elastic Bands,Assorted Elastic Bands60g,£1.50,25p per 10g,,home-garden
Baby Bio Cactus Food,Baby Bio Cactus Food175ml,£2.75,£1.57 per 100ml,,home-garden
Baby Bio Orchid Drip Feeders,Baby Bio Orchid Drip Feeders4 per pack,£3.50,87.5p each,,home-garden
Baby Bio Organic Houseplant Food,Baby Bio Organic Houseplant Food175ml,£3,£1.71 per 100ml,,home-garden
Baby Bio Original,Baby Bio Original175ml,£2.50,£14.29 per litre,,home-garden
Baby Bio Original Baby Drip Feeder ,Baby Bio Original Baby Drip Feeder 4 x 40ml,£3.50,£21.88 per litre,,home-garden
Bake-O-Glide 1lb Loaf Tin Liner ,Bake-O-Glide 1lb Loaf Tin Liner ,£3.99,£3.99 each,,home-garden
Bake-O-Glide Extra Thick Oven Liner,Bake-O-Glide Extra Thick Oven Liner,£12.99,£12.99 each,,home-garden
Bake-O-Glide Non-Stick Multigrade Reusable Cooking Liner,Bake-O-Glide Non-Stick Multigra...,£11,£11.00 each,,home-garden
Bake-O-Glide Non-stick Multigrade Reusable Cooking Liner,Bake-O-Glide Non-stick Multigra...,£5.99,£5.99 each,,home-garden
"Bake-O-Glide Non-Stick Pre-Cut Circles 8""","Bake-O-Glide Non-Stick Pre-Cut Circles 8""2 per pack",£5.49,£2.75 each,,home-garden
"Bake-O-Glide Non-Stick Pre-Cut Circles 9"" ","Bake-O-Glide Non-Stick Pre-Cut Circles 9"" 2 per pack",£5.99,£3.00 each,,home-garden
Bake-O-Glide Silicone Bake-O-Mat,Bake-O-Glide Silicone Bake-O-Mat,£12.99,£12.99 each,,home-garden
Balloons Paper Cups,Balloons Paper Cups10 per pack,£1.50,15p each,,home-garden
Balloons Paper Napkins,Balloons Paper Napkins20 per pack,£2,10p each,,home-garden
Balls Of String 40m,Balls Of String 40m2 per pack,£2,£1.00 each,,home-garden
Banner Box of  A4 Copier Paper 80gsm,Banner Box of  A4 Copier Paper 80gsm2500 per pack,£22,0.9p each,,home-garden
Bar - Be - Quick Barbecue & Fire Lighting Gel 1L,Bar - Be - Quick Barbecue & Fire Lighting Gel 1L1L,£4.50,£4.50 per litre,,home-garden
Bar - Be - Quick Barbecue & Fire Wood Wool Firelighters ,Bar - Be - Quick Barbecue & Fir...30 per pack,£3.50,11.7p each,,home-garden
Bar - Be - Quick Barbecue & Oven Cleaner ,Bar - Be - Quick Barbecue & Oven Cleaner 500ml,£3,60p per 100ml,,home-garden
Bar - Be - Quick Barbecue & Oven Cooking Bags ,Bar - Be - Quick Barbecue & Oven Cooking Bags 5 per pack,£3,60p each,,home-garden
Bar - Be - Quick Hickory Smoking Chips ,Bar - Be - Quick Hickory Smoking Chips 400g,£4,£1.00 per 100g,,home-garden
Bar - Be - Quick Instant Light Lumpwood Charcoal,Bar - Be - Quick Instant Light Lumpwood Charcoal3 per pack,£7.50,£2.50 each,,home-garden
Bar-Be-Quick Wood Free Briquettes,Bar-Be-Quick Wood Free Briquettes,£8,,,home-garden
Bartoline White Spirit ,Bartoline White Spirit 750ml,£2,26.7p per 100ml,,home-garden
Beau & Elliot Dove Food Flask 400ml,Beau & Elliot Dove Food Flask 400ml,£14.99,£14.99 each,,home-garden
"Bee's Wrap Reusable Food Wraps, Assorted","Bee's Wrap Reusable Food Wraps, Assorted3 per pack",£22.95,£7.65 each,,home-garden
"Bee's Wrap Reusable Food Wraps, Large","Bee's Wrap Reusable Food Wraps, Large3 per pack",£22.95,£7.65 each,,home-garden
Bees Wraps Reusable Bread Wrap,Bees Wraps Reusable Bread Wrap,£16.95,£16.95 each,,home-garden
Beldray Deep Clean Power Clean Scrubber Brush,Beldray Deep Clean Power...,£24.30,£24.30 each,,home-garden
"Belledorm Cotton/Polyester White Fitted Sheet, Double ",Belledorm Cotton/Polyester Whit...,£18.40,£18.40 each,,home-garden
"Belledorm Cotton/Polyester White Fitted Sheet, King ",Belledorm Cotton/Polyester Wh...,£21.85,£21.85 each,,home-garden
"Belledorm Cotton/Polyester White Fitted Sheet, Single  ",Belledorm Cotton/Polyester Whit...,£12.50,£12.50 each,,home-garden
"Belledorm Cotton Blend Double Fitted Sheet, Grey 137X191cm",Belledorm Cotton Blend Double Fit...,£18.40,£18.40 each,,home-garden
"Belledorm Cotton Blend King Fitted Sheet, Grey 152X198cm",Belledorm Cotton Blend King Fit...,£21.85,£21.85 each,,home-garden
"Belledorm Cotton Blend Pillowcases, White","Belledorm Cotton Blend Pillowcases, White4 per pack",£20,£5.00 each,,home-garden
"Belledorm Cotton Blend Single Fitted Sheet, Grey 91X191cm",Belledorm Cotton Blend Single Fit...,£12.50,£12.50 each,,home-garden
"Belledorm Egyptian Blend 400TC Pillowcase, White","Belledorm Egyptian Blend 400TC Pillowcase, White",£9,£9.00 each,,home-garden
"Belledorm Egyptian Blend Pillowcases, Slate","Belledorm Egyptian Blend Pillowcases, Slate2 per pack",£12,£6.00 each,,home-garden
"Belledorm Egyptian Blend Pillowcases, White","Belledorm Egyptian Blend Pillowcases, White2 per pack",£12,£6.00 each,,home-garden
"Belledorm Grey Plain Single, Pillowcase","Belledorm Grey Plain Single, Pillowcase",£5,£5.00 each,,home-garden
"Belledorm Oxford Egyptian Blend Pillowcase, Slate",Belledorm Oxford Egyptian B...,£11,£11.00 each,,home-garden
"Belledorm Oxford Egyptian Blend Pillowcase, White",Belledorm Oxford Egyptian B...,£11,£11.00 each,,home-garden
"Belledorm Platinum 100% Egyptian Fitted Sheet, Super King",Belledorm Platinum 100% Egyptian...,£34,£34.00 each,,home-garden
"Belledorm Slate 100% Egyptian Fitted Sheet, Double",Belledorm Slate 100% Egypti...,£22,£22.00 each,,home-garden
"Belledorm Slate 100% Egyptian Fitted Sheet, King",Belledorm Slate 100% Egypti...,£25,£25.00 each,,home-garden
"Belledorm Slate 100% Egyptian Fitted Sheet, Single",Belledorm Slate 100% Egypti...,£18,£18.00 each,,home-garden
"Belledorm Slate 100% Egyptian Fitted Sheet, Super King",Belledorm Slate 100% Egyptian F...,£34,£34.00 each,,home-garden
"Belledorm White Egyptian Blend Fitted Sheet, Double","Belledorm White Egyptian Blend Fitted Sheet, Double",£22,£22.00 each,,home-garden
"Belledorm White Egyptian Blend Fitted Sheet, King","Belledorm White Egyptian Blend Fitted Sheet, King",£25,£25.00 each,,home-garden
"Belledorm White Egyptian Blend Fitted Sheet, Single","Belledorm White Egyptian Blend Fitted Sheet, Single",£18,£18.00 each,,home-garden
"Belledorm White Egyptian Blend Fitted Sheet, Super King",Belledorm White Egyptian Blend...,£34,£34.00 each,,home-garden
"Belledorm White Sateen Egyptian Blend Fitted Sheet, Double",Belledorm White Sateen Egyptian B...,£29,£29.00 each,,home-garden
Berol Handwriting Pen  Black,Berol Handwriting Pen  Black2 per pack,£2,£1.00 each,,home-garden
Bianca Cassia Border Towel Bale Mustard,Bianca Cassia Border Towel Bale Mustard,£39.40,£39.40 each,,home-garden
Bic 4 Colours Medium 3Pk,Bic 4 Colours Medium 3Pk,£6,,,home-garden
Bic 4 Colours Rose Gold 3 Pack,Bic 4 Colours Rose Gold 3 Pack3 per pack,£6,£2.00 each,,home-garden
Bic 4 Colours Shine,Bic 4 Colours Shine,£3.50,,,home-garden
Bic Briteliner Grip Pen,Bic Briteliner Grip Pen5 per pack,£3.75,75p each,,home-garden
Bic Colours Family Original Mini,Bic Colours Family Original Mini4 per pack,£5,£1.25 each,,home-garden
Bic Cristal Black 10Pk,Bic Cristal Black 10Pk10 per pack,£2.85,28.5p each,,home-garden
BIC Cristal Original Ballpoint Pens 10pk - Assorted,BIC Cristal Original Ballpoin...,£2.85,,,home-garden
Bic Gel - Ocity Quick Dry Gel Ink Pen 3Pk,Bic Gel - Ocity Quick Dry Gel Ink Pen 3Pk,£5,,,home-garden
Bic Highlighter Grip Pastel Assorted,Bic Highlighter Grip Pastel Assorted4 per pack,£3.75,93.8p each,,home-garden
Bic Intense Marking Pens,Bic Intense Marking Pens5 per pack,£5.79,£1.16 each,,home-garden
Bic Intensity Coloured Pencils,Bic Intensity Coloured Pencils12 per pack,£3.25,27.1p each,,home-garden
Bic Intensity Colouring Felt Pens,Bic Intensity Colouring Felt Pens12 per pack,£5,41.7p each,,home-garden
Bic Kids Colour Pencils,Bic Kids Colour Pencils24 per pack,£4.50,18.8p each,,home-garden
Big Box of Stencils For All,Big Box of Stencils For All,£13.50,£13.50 each,,home-garden
"Big Mamma Cucina Popolare, Contemporary Italian Recipes","Big Mamma Cucina Popolare, Cont...",£28.95,£28.95 each,,home-garden
Bio-Bean Coffee Logs Premium Eco Briquettes 16 Logs,Bio-Bean Coffee Logs Premium...,£8,,,home-garden
Bio Balloons Recyclable Paper Plate 22cm  ,Bio Balloons Recyclable Paper Plate 22cm  10 per pack,£2.50,25p each,,home-garden
Bio Cocktail Sticks,Bio Cocktail Sticks100 per pack,£1,1p each,,home-garden
Bio Red Paper Shot Cups,Bio Red Paper Shot Cups20 per pack,£2,10p each,,home-garden
Bio Wooden Forks,Bio Wooden Forks10 per pack,£1.50,15p each,,home-garden
Bio Wooden Knives,Bio Wooden Knives10 per pack,£1.50,15p each,,home-garden
Bio Wooden Spoons,Bio Wooden Spoons10 per pack,£1.50,15p each,,home-garden
"Bliss Cotton Bath Mat, Carbon","Bliss Cotton Bath Mat, Carbon",£20.55,£20.55 each,,home-garden
"Bliss Cotton Bath Mat, Cloud","Bliss Cotton Bath Mat, Cloud",£20.55,£20.55 each,,home-garden
"Bliss Cotton Bath Mat, Petrol","Bliss Cotton Bath Mat, Petrol",£20.55,£20.55 each,,home-garden
"Bliss Cotton Bath Sheet, Biscuit","Bliss Cotton Bath Sheet, Biscuit",£21.70,£21.70 each,,home-garden
"Bliss Cotton Bath Sheet, Carbon","Bliss Cotton Bath Sheet, Carbon",£21.70,£21.70 each,,home-garden
"Bliss Cotton Bath Sheet, Cloud","Bliss Cotton Bath Sheet, Cloud",£21.70,£21.70 each,,home-garden
"Bliss Cotton Bath Sheet, Petrol","Bliss Cotton Bath Sheet, Petrol",£21.70,£21.70 each,,home-garden
"Bliss Cotton Bath Sheet, Pink","Bliss Cotton Bath Sheet, Pink",£21.70,£21.70 each,,home-garden
"Bliss Cotton Bath Sheet, Seagrass","Bliss Cotton Bath Sheet, Seagrass",£21.70,£21.70 each,,home-garden
"Bliss Cotton Bath Towel, Biscuit","Bliss Cotton Bath Towel, Biscuit",£14.75,£14.75 each,,home-garden
"Bliss Cotton Bath Towel, Carbon","Bliss Cotton Bath Towel, Carbon",£14.75,£14.75 each,,home-garden
"Bliss Cotton Bath Towel, Cloud","Bliss Cotton Bath Towel, Cloud",£14.75,£14.75 each,,home-garden
"Bliss Cotton Bath Towel, Petrol","Bliss Cotton Bath Towel, Petrol",£14.75,£14.75 each,,home-garden
"Bliss Cotton Bath Towel, Seagrass","Bliss Cotton Bath Towel, Seagrass",£14.75,£14.75 each,,home-garden
"Bliss Cotton Face Cloths, Biscuit","Bliss Cotton Face Cloths, Biscuit2 per pack",£4.45,£2.23 each,,home-garden
"Bliss Cotton Face Cloths, Carbon","Bliss Cotton Face Cloths, Carbon2 per pack",£4.45,£2.23 each,,home-garden
"Bliss Cotton Face Cloths, Cloud","Bliss Cotton Face Cloths, Cloud2 per pack",£4.45,£2.23 each,,home-garden
"Bliss Cotton Face Cloths, Petrol","Bliss Cotton Face Cloths, Petrol2 per pack",£4.45,£2.23 each,,home-garden
"Bliss Cotton Hand Towel, Biscuit","Bliss Cotton Hand Towel, Biscuit",£7.80,£7.80 each,,home-garden
"Bliss Cotton Hand Towel, Carbon","Bliss Cotton Hand Towel, Carbon",£7.80,£7.80 each,,home-garden
"Bliss Cotton Hand Towel, Cloud","Bliss Cotton Hand Towel, Cloud",£7.80,£7.80 each,,home-garden
"Blue Assorted Cupcake Cases, Pack of 75","Blue Assorted Cupcake Cases, Pack of 7575 per pack",£2.59,3.5p each,,home-garden
Bluecol Sub Zero Trigger De-Icer,Bluecol Sub Zero Trigger De-Icer500ml,£4,80p per 100ml,,home-garden
Blu Tack,Blu Tack,£1.15,,,home-garden
Blu Tack Handy Pack White,Blu Tack Handy Pack White60g,£1.99,33.2p per 10g,,home-garden
"Bobble Bath Mat, Charcoal 50X80cm","Bobble Bath Mat, Charcoal 50X80cm",£13,£13.00 each,,home-garden
"Bobble Bath Mat, Silver 50X80cm","Bobble Bath Mat, Silver 50X80cm",£13,£13.00 each,,home-garden
"Bobble Bath Mat, White 50X80cm","Bobble Bath Mat, White 50X80cm",£13,£13.00 each,,home-garden
Bostik All Purpose Adhesive,Bostik All Purpose Adhesive20ml,£1.99,£9.95 per 100ml,,home-garden
Bostik Extra Strong Adhesive Dots,Bostik Extra Strong Adhesive Dots64 per pack,£1.95,3p each,,home-garden
Bostik PVA Glue White,Bostik PVA Glue White118ml,£2.89,£2.45 per 100ml,,home-garden
Bostik Sticki Dots Removable,Bostik Sticki Dots Removable,£2,,,home-garden
Brabantia 124cm x 38cm Denim Black Ironing Board Cover 2mm foam ,Brabantia 124cm x 38cm Denim Black Ir...,£12.50,£12.50 each,,home-garden
Brabantia 124cm x 38cm Metalised Ironing Board Cover ,Brabantia 124cm x 38cm Metali...,£12,£12.00 each,,home-garden
Brabantia 124cm x 38cm Tropical Leaves Ironing Board Cover,Brabantia 124cm x 38cm Tropical L...,£19.45,£19.45 each,,home-garden
Brabantia 124cm x 45cm Denim Black  Ironing Board Cover 2mm foam ,Brabantia 124cm x 45cm Denim Black  I...,£13.35,£13.35 each,,home-garden
Brabantia 12 Litre White Pedal Bin ,Brabantia 12 Litre White Pedal Bin ,£44.85,£44.85 each,,home-garden
Brabantia 35 Litre Black Stackable Laundry Box,Brabantia 35 Litre Black Stackable Laundry Box,£31,£31.00 each,,home-garden
Brabantia 35 Litre Grey Stackable Laundry Box ,Brabantia 35 Litre Grey Stackable Laundry Box ,£31,£31.00 each,,home-garden
Brabantia 3 Litre Grey Sort & Go Waste Bin  ,Brabantia 3 Litre Grey Sort & Go Waste Bin  ,£17.15,£17.15 each,,home-garden
Brabantia 3 Litre Mineral Concrete Grey Pedal Bin ,Brabantia 3 Litre Mineral Concrete Grey Pedal Bin ,£33.50,£33.50 each,,home-garden
Brabantia 3 Litre Touch Bin  ,Brabantia 3 Litre Touch Bin  ,£49,£49.00 each,,home-garden
Brabantia 6 Litre Grey Sort & Go Waste Bin  ,Brabantia 6 Litre Grey Sort & Go Waste Bin  ,£22.40,£22.40 each,,home-garden
Brabantia Bathroom Accessory Set of 3 Dark Grey,Brabantia Bathroom Access...,£34.95,£34.95 each,,home-garden
Brabantia Bathroom Accessory Set of 3 White,Brabantia Bathroom Accessory Set of 3 White,£34.95,£34.95 each,,home-garden
Brabantia  Grey Foldable Laundry Basket ,Brabantia  Grey Foldable Laundry Basket ,£25.85,£25.85 each,,home-garden
"Brabantia Pedal Bin, Brilliant Steel 3L","Brabantia Pedal Bin, Brilliant Steel 3L",£25.50,£25.50 each,,home-garden
"Brabantia Pedal Bin, Platinum 3L","Brabantia Pedal Bin, Platinum 3L",£25.50,£25.50 each,,home-garden
"Brabantia Pedal Bin, White 3L","Brabantia Pedal Bin, White 3L",£23.50,£23.50 each,,home-garden
"Brabantia Pedal Bin Recycle 2 x 2L, Brilliant Steel",Brabantia Pedal Bin Recycle 2...,£36.05,£36.05 each,,home-garden
Brabantia Sort & Go Waste Bin  Grey 12L,Brabantia Sort & Go Waste Bin  Grey 12L,£27,£27.00 each,,home-garden
"Brabantia Toilet Brush & Holder, Matte Black","Brabantia Toilet Brush & Holder, Matte Black",£26.50,£26.50 each,,home-garden
Brabantia Toilet Brush & Holder Brilliant Steel,Brabantia Toilet Brush & Holder Brilliant Steel,£26.85,£26.85 each,,home-garden
Brabantia Toilet Brush & Holder Platinum,Brabantia Toilet Brush & Holder Platinum,£26.85,£26.85 each,,home-garden
"Brabantia Toilet Brush Set, White","Brabantia Toilet Brush Set, White",£26.70,£26.70 each,,home-garden
Brabantia Toilet Roll Dispenser Platinum,Brabantia Toilet Roll Dispenser Platinum,£25.70,£25.70 each,,home-garden
Brabantia Toilet Roll Dispenser White,Brabantia Toilet Roll Dispenser White,£25.70,£25.70 each,,home-garden
Brabantia Tropical Leaves Ironing Board Cover 124X45cm,Brabantia Tropical Leaves Ironi...,£20,£20.00 each,,home-garden
Brambles Floating Swan & Duck Food,Brambles Floating Swan & Duck Food1.75kg,£8,£4.57 per kg,,home-garden
Breville Blend Active Compact Food Processor,Breville Blend Active Compact Food Processor,£37,,,home-garden
Briers Allium Cotton Gloves ,Briers Allium Cotton Gloves 3 per pack,£4.50,£1.50 each,,home-garden
Briers Jersey Gloves Pink (Hanging),Briers Jersey Gloves Pink (Hanging),£2.50,,,home-garden
Briers Kids Bucket,Briers Kids Bucket,£2.50,,,home-garden
Briers Kids Garden Tool Bag Set,Briers Kids Garden Tool Bag Set,£8.50,,,home-garden
Briers Kids Large Bug Box Set,Briers Kids Large Bug Box Set,£5.50,,,home-garden
Briers Kids Watering Can,Briers Kids Watering Can,£5.50,,,home-garden
Briers Ladies Rigger Glove Pink,Briers Ladies Rigger Glove Pink,£4,,,home-garden
Briers Ladies Seed & Weed Gloves 3 Pack (Hanging),Briers Ladies Seed & Weed G...3 per pack,£4.50,£1.50 each,,home-garden
Briers Mens Re-Inforced Rigger Gloves,Briers Mens Re-Inforced Rigger Gloves,£4,,,home-garden
Briers Mens Ribbed Seed & Weed Gloves,Briers Mens Ribbed Seed & Weed Gloves3 per pack,£4.50,£1.50 each,,home-garden
Brintons Patio Magic! 2.5L,Brintons Patio Magic! 2.5L2.5L,£10,£4.00 per litre,,home-garden
BRITA Aluna fridge water filter jug -White,BRITA Aluna fridge water filter jug -White,£15,,,home-garden
BRITA MAXTRA+ water filter cartridges,BRITA MAXTRA+ water filter cartridges3 per pack,£18,£6.00 each,,home-garden
BRITA MAXTRA+ water filter cartridges,BRITA MAXTRA+ water filter cartridges6 per pack,£22,£3.67 each,"Offer price £22, was £33",home-garden
BRITA  Water Filter Cartridge,BRITA  Water Filter Cartridge,£6.50,,,home-garden
"Brown Bio Bagasse Large Cups, 470ml","Brown Bio Bagasse Large Cups, 470ml10 per pack",£2.85,28.5p each,,home-garden
Brown Padded Envelope - D,Brown Padded Envelope - D3 per pack,£1.29,43p each,,home-garden
Brown Padded Envelope - K,Brown Padded Envelope - K3 per pack,£3.49,£1.16 each,,home-garden
Bryant & May Extra Long Matches,Bryant & May Extra Long Matches,£1,,,home-garden
Bubble Wrap 7m x 60cm,Bubble Wrap 7m x 60cm,£4,£4.00 each,,home-garden
Bugclear Fruit & Veg Organic,Bugclear Fruit & Veg Organic800ml,£6,75p per 100ml,,home-garden
"Bunny Cookie Cutter, Lavender","Bunny Cookie Cutter, Lavender",£2,£2.00 each,,home-garden
BWT Filter - Compatible with Brita Maxtra,BWT Filter - Compatible with Brita Maxtra6 per pack,£31,£5.17 each,,home-garden
BWT Soft Filtered Water EXTRA,BWT Soft Filtered Water EXTRA3 per pack,£15.50,£5.17 each,,home-garden
California Scents Car Scents New Car Air Freshener,California Scents Car Scent...,£5,,,home-garden
Candlelight Matt Black Oil Burner,Candlelight Matt Black Oil Burner,£5,,,home-garden
Canon 540 Black Bb,Canon 540 Black Bb,£21,,,home-garden
Canon 541 Colour Bb,Canon 541 Colour Bb,£24,,,home-garden
Canon Black & Colour Ink PG 545-CL 546 BB,Canon Black & Colour Ink PG 545-CL 546 BB,£39.50,,,home-garden
Canon Black Ink Cartridge PG 545 BB,Canon Black Ink Cartridge PG 545 BB,£20,,,home-garden
Canon Pg-560 Black & Cl-561 Colour Ink Cartridge,Canon Pg-560 Black & Cl-561...,£40,,,home-garden
Carlube AD Blue,Carlube AD Blue10L,£22.50,£2.25 per litre,,home-garden
Carplan All Seasons Screen Wash Concentrate,Carplan All Seasons Screen Wash Concentrate1L,£2.99,29.9p per 100ml,,home-garden
Carplan All Seasons Screen Wash Ready Mixed,Carplan All Seasons Scr...5L,£5,10p per 100ml,,home-garden
Carplan Chubby Ice Scraper Squeegee,Carplan Chubby Ice Scraper Squeegee,£2,,,home-garden
Carplan De-Icer          ,Carplan De-Icer          600ml,£3,£5.00 per litre,,home-garden
Carplan Demon Clean 1Ltr,Carplan Demon Clean 1Ltr1L,£5.50,£5.50 per litre,,home-garden
Carplan Demon Machine 1Ltr,Carplan Demon Machine 1Ltr1L,£5,£5.00 per litre,,home-garden
Car Plan Demon Wet Look Tyres ,Car Plan Demon Wet Look Tyres 1L,£5.25,£5.25 per litre,,home-garden
Carplan Int & Ext Screen Wipes,Carplan Int & Ext Screen Wipes,£3.40,,,home-garden
Carplan No1 Super Gloss 600Ml,Carplan No1 Super Gloss 600Ml600ml,£10.50,£17.50 per litre,,home-garden
Carplan Scratch Remover,Carplan Scratch Remover,£7.50,,,home-garden
Casio FX-83GTCW Black Scientific Calculator,Casio FX-83GTCW Black Scientific Calculator,£15,,,home-garden
Casio FX-83GTX Classwiz Scientific Calculator Pink,Casio FX-83GTX Classwiz Scientific Calculator Pink,£15,,,home-garden
Casio MX Desk Calculator,Casio MX Desk Calculator12 per pack,£6,50p each,,home-garden
Casio Scientific Calculator Fx-85Gt,Casio Scientific Calculator Fx-85Gt,£15,,,home-garden
"Cellophane Basket Bags, Clear","Cellophane Basket Bags, Clear6 per pack",£2.99,49.8p each,,home-garden
Chef Aid 18Cm White Plastic Sieve,Chef Aid 18Cm White Plastic Sieve,£2,£2.00 each,,home-garden
Chef Aid BBQ Tongs,Chef Aid BBQ Tongs,£6.50,£6.50 each,,home-garden
Chef Aid Carving Block,Chef Aid Carving Block,£14,,,home-garden
Chef Aid Carving Fork,Chef Aid Carving Fork,£5.35,£5.35 each,,home-garden
Chef Aid Corn on the Cob Skewers / Holders,Chef Aid Corn on the Cob Skewers / Holders12 per pack,£2.99,24.9p each,,home-garden
Chef Aid Funnel,Chef Aid Funnel3 per pack,£2.99,99.7p each,,home-garden
"Chef Aid Green Chopping Board, 40x30cm","Chef Aid Green Chopping Board, 40x30cm",£4.85,£4.85 each,,home-garden
Chef Aid Home Mini Glass Clip Top Jar,Chef Aid Home Mini Glass Clip Top Jar,£1.25,,,home-garden
"Chef Aid Long Reach Refillable Gas Lighter, Red","Chef Aid Long Reach Refillable Gas Lighter, Red",£3.50,£3.50 each,,home-garden
"Chef Aid Plastic Bottle Brush, White","Chef Aid Plastic Bottle Brush, White",£2.79,£2.79 each,,home-garden
Chef Aid Plastic Sieve 15cm,Chef Aid Plastic Sieve 15cm,£2.99,£2.99 each,,home-garden
"Chef Aid Red Chopping Board, 40x30cm","Chef Aid Red Chopping Board, 40x30cm",£4.85,£4.85 each,,home-garden
Chef Aid Refillable Gas Lighter Small,Chef Aid Refillable Gas Lighter Small,£2,£2.00 each,,home-garden
Chinese Takeaway Cookbook,Chinese Takeaway Cookbook,£15,£15.00 each,,home-garden
CJ Wildlife London Squirrel Resistant Wild Bird Seed Feeder,CJ Wildlife London Squirrel Resis...,£15,£15.00 each,,home-garden
CJ Wildlife Oil Rich Wild Bird Peanuts,CJ Wildlife Oil Rich Wild Bird Peanuts,£4,£4.44 per kg,,home-garden
CJ Wildlife Wild Bird Coconut Halves 4pk,CJ Wildlife Wild Bird Coconut Halves 4pk,£6.99,£6.99 each,,home-garden
Classic Scrap & Cuttings Book,Classic Scrap & Cuttings Book,£1.99,£1.99 each,,home-garden
Clear Cello Treat Bags,Clear Cello Treat Bags20 per pack,£2.99,15p each,,home-garden
Clic-Tite Double Decker Lunch Box 1.1L,Clic-Tite Double Decker Lunch Box 1.1L,£5,,,home-garden
Clic-Tite Rectangular Trio,Clic-Tite Rectangular Trio1.1L,£5,£4.55 per litre,,home-garden
Clipper Mini Gas Lighter,Clipper Mini Gas Lighter,£2.50,£2.50 each,,home-garden
Colour In Carry Case My First Magic Painting,Colour In Carry Case My First Magic Painting,£6,,,home-garden
Command Designer Hooks,Command Designer Hooks2 per pack,£3.75,£1.88 each,,home-garden
Command Large Pic Hang Strips,Command Large Pic Hang Strips4 per pack,£4.75,£1.19 each,,home-garden
Command Medium Pic Hanging Strips,Command Medium Pic Hanging Strips4 per pack,£4.25,£1.06 each,,home-garden
Command Stainless Steel Hooks With 5 Strips 4Pk,Command Stainless Steel Hooks With 5 Strips 4Pk,£5.75,,,home-garden
Connabride Iceblocks,Connabride Iceblocks2 x 200g,£1.50,37.5p per 100g,,home-garden
Cool Gear Soft Touch Quorra Bottle Black 532Ml,Cool Gear Soft Touch Quorra Bottle Black 532Ml,£4.50,,,home-garden
Cool Gear Soft Touch Quorra Bottle Lilac 532Ml,Cool Gear Soft Touch Quorra Bottle Lilac 532Ml,£4.50,,,home-garden
Crayola Frozen 2 Colour Wonder,Crayola Frozen 2 Colour Wonder,£8.25,£8.25 each,,home-garden
Crayola My First Crayola Jumbo Decorated Pencils,Crayola My First Crayola Jumbo Decorated Pencils8 per pack,£5.15,64.4p each,,home-garden
Crayola My First Crayola Markers,Crayola My First Crayola Markers8 per pack,£5.15,64.4p each,,home-garden
Crayola Twistable Crayons,Crayola Twistable Crayons12 per pack,£3.50,29.2p each,,home-garden
Crayola Twistable Pencils,Crayola Twistable Pencils10 per pack,£4,40p each,,home-garden
Credit Card Ice Scraper,Credit Card Ice Scraper,£1.50,£1.50 each,,home-garden
Cricket Firepower Refillable Lighter,Cricket Firepower Refillable Lighter,£3.30,,,home-garden
Crown Non Drip Gloss Pure Brilliant White,Crown Non Drip Gloss Pure Brilliant White750ml,£13,£1.73 per 100ml,,home-garden
Crown Pure Brilliant White Matt Emulsion,Crown Pure Brilliant White Matt Emulsion2.5L,£11.50,46p per 100ml,,home-garden
Crown Quick Dry Satin Pure Brilliant White,Crown Quick Dry Satin Pure Brilliant White750ml,£13,£1.73 per 100ml,,home-garden
Croydex Bathmat 74Cm X 34Cm,Croydex Bathmat 74Cm X 34Cm,£6,,,home-garden
Croydex Chrome Shower Riser Rail Hook Over Caddy Basket,Croydex Chrome Shower Riser Rai...,£9,,,home-garden
Croydex Clear Bath Mat,Croydex Clear Bath Mat,£6,,,home-garden
Croydex Grey Pvc Shower Curtain,Croydex Grey Pvc Shower Curtain,£5,,,home-garden
Croydex Led Illuminated 3 X Magnifying Mirror,Croydex Led Illuminated 3 X Magnifying Mirror,£18,,,home-garden
Croydex Plastic Hook Over Shower Caddy Grey,Croydex Plastic Hook Over Shower Caddy Grey,£4,,,home-garden
Croydex Plastic Hook Shower Caddy,Croydex Plastic Hook Shower Caddy,£4,,,home-garden
Croydex Push-Fit Bath & Shampoo Spray,Croydex Push-Fit Bath & Shampoo Spray,£10,,,home-garden
Croydex Shower Head Set,Croydex Shower Head Set,£9,,,home-garden
Croydex Silicone Swiper Toilet Brush,Croydex Silicone Swiper Toilet Brush,£12,,,home-garden
Croydex Silver Tile Shower Curtain,Croydex Silver Tile Shower Curtain,£8,,,home-garden
Croydex Squeegee & Holder,Croydex Squeegee & Holder,£4,,,home-garden
Croydex Stick 'N' Lock Toilet Roll Holder,Croydex Stick 'N' Lock Toilet Roll Holder,£7,,,home-garden
Croydex Two Tier Cosmetic Basket,Croydex Two Tier Cosmetic Basket,£16,,,home-garden
Culinare Fridge Deodoriser,Culinare Fridge Deodoriser,£5,£5.00 each,,home-garden
Culinare Lift Off Can Opener,Culinare Lift Off Can Opener,£5.50,,,home-garden
Culinare Magican Can Opener,Culinare Magican Can Opener,£6,,,home-garden
Culinare One Touch Electric Can Opener White,Culinare One Touch Electric Can Opener White,£16,,,home-garden
Culinare Safety Peeler,Culinare Safety Peeler,£4,,,home-garden
"Culinare Safety Y Peeler, White","Culinare Safety Y Peeler, White",£5,£5.00 each,,home-garden
"Culinare Silicone Egg Ring, Blue","Culinare Silicone Egg Ring, Blue",£5,£5.00 each,,home-garden
Culinare Swivel Peeler,Culinare Swivel Peeler,£3.50,,,home-garden
Curious Universe Scratch Art Fun Dragons,Curious Universe Scratch Art Fun Dragons,£4,,,home-garden
Dead Fast Rat & Mouse Killer Plus Sachets Paste,Dead Fast Rat & Mouse Killer Plus Sachets Paste8 per pack,£5,62.5p each,,home-garden
Decorata Reusable Cups Mint,Decorata Reusable Cups Mint2 per pack,£2,£1.00 each,,home-garden
Decorata Reusable Plates Cream,Decorata Reusable Plates Cream2 x 25cm,£3,£6.00 per 1m,,home-garden
Decorata Reusable Plates Cream,Decorata Reusable Plates Cream2 per pack,£3,£1.50 each,,home-garden
Decorata Reusable Plates Mint,Decorata Reusable Plates Mint2 per pack,£3,£1.50 each,,home-garden
Decorata Reusable Plates Mint,Decorata Reusable Plates Mint2 per pack,£3,£1.50 each,,home-garden
"Deyongs Bliss Hand Towel, Petrol","Deyongs Bliss Hand Towel, Petrol",£7.80,£7.80 each,,home-garden
"Deyongs Snuggle Touch Fleece Throw, Charcoal 140X180cm",Deyongs Snuggle Touch Fleece Th...,£23,£23.00 each,,home-garden
"Deyongs Snuggle Touch Fleece Throw, Mustard 140X180cm",Deyongs Snuggle Touch Fleece...,£23,£23.00 each,,home-garden
"Deyongs Snuggle Touch Fleece Throw, Pebble 140X180cm",Deyongs Snuggle Touch Fleece...,£23,£23.00 each,,home-garden
"Deyongs Snuggle Touch Fleece Throw, Pink 140X180cm",Deyongs Snuggle Touch Fleec...,£23,£23.00 each,,home-garden
"Deyongs Snuggle Touch Fleece Throw, Silver 140X180cm",Deyongs Snuggle Touch Fleece...,£23,£23.00 each,,home-garden
Dino Water Blaster Backpack,Dino Water Blaster Backpack,£10,,,home-garden
Dishoom- The first ever cookbook from the much-loved Indian restaurant,Dishoom- The first ever cookbook from the...,£28,£28.00 each,,home-garden
Disney Frozen 2 Heart Rectangular Lunch Bag,Disney Frozen 2 Heart Rectangular Lunch Bag,£7,,,home-garden
Disney Princess A5 Wiro Notebook,Disney Princess A5 Wiro Notebook,£3.50,,,home-garden
Disney Princess A6 Notebooks,Disney Princess A6 Notebooks2 per pack,£3,£1.50 each,,home-garden
Disney Princess Colouring,Disney Princess Colouring3 per pack,£1.50,50p each,,home-garden
Disney Princess Pens,Disney Princess Pens3 per pack,£3,£1.00 each,,home-garden
Disney Princess Search & Find,Disney Princess Search & Find,£1.50,,,home-garden
Disney Princess Simply Colouring,Disney Princess Simply Colouring,£1.50,,,home-garden
Disney Simply Colouring Classic,Disney Simply Colouring Classic,£1.50,,,home-garden
Doff Outdoor Cleaning Fluid,Doff Outdoor Cleaning Fluid1L,£6,60p per 100ml,,home-garden
Doff Portland Container & Basket Feed,Doff Portland Container & Basket Feed1L,£5,£5.00 per litre,,home-garden
" Dots Compostable Paper Cups, 240ml"," Dots Compostable Paper Cups, 240ml10 per pack",£2,20p each,,home-garden
"Duni Bagasse Plates, 18cm ","Duni Bagasse Plates, 18cm 10 per pack",£2.50,25p each,,home-garden
Duni BioPak 100% Recycled Plastic Glasses,Duni BioPak 100% Recycled Plastic Glasses12 per pack,£2.50,20.8p each,,home-garden
"Dunisilk Table Cover, White, 138x220cm","Dunisilk Table Cover, White, 138x220cm",£4,£4.00 each,,home-garden
Duracell 1M USB-C To Lightning Braided Cable USB9012A,Duracell 1M USB-C To Lightnin...,£15,,,home-garden
Duracell 1M USB-C To USB-C 3.2 Braided Cable USB7030A,Duracell 1M USB-C To USB-C 3...,£12,,,home-garden
Duracell 2m Charge & Sync Lightning Cable,Duracell 2m Charge & Sync Lightning Cable,£14.99,,,home-garden
Duracell 2M USB-A To Lightning Braided Cable USB7022A,Duracell 2M USB-A To Lightnin...,£17,,,home-garden
Duracell Alkaline Button LR44 Batteries 1.5V (76A / A76 / V13GA),Duracell Alkaline Button LR44 Batteri...2 per pack,£4.50,£2.25 each,,home-garden
Duracell Alkaline Button LR44 Batteries 1.5V (76A / A76 / V13GA),Duracell Alkaline Button LR44 Batteri...4 per pack,£8,£2.00 each,,home-garden
Duracell Alkaline MN21 Batteries 12V (A23 / 23A / V23GA),Duracell Alkaline MN21 Batterie...2 per pack,£5,£2.50 each,,home-garden
Duracell Alkaline N Batteries 1.5V (E90 / LR1),Duracell Alkaline N Batteries 1.5V (E90 / LR1)2 per pack,£5,£2.50 each,,home-garden
Duracell Battery Charger Charges In 45 Min With 2 AA And 2 AAA Batteries ,Duracell Battery Charger Charges In 45 Min...,£30,,,home-garden
Duracell Battery Charger Charges In 4 Hours With 2 AA And 2 AAA Batteries ,Duracell Battery Charger Charges In 4 Hours...,£15,,,home-garden
Duracell Dual Usb-16 Charger,Duracell Dual Usb-16 Charger,£10,,,home-garden
Duracell Dual Usb-20  Charger,Duracell Dual Usb-20  Charger,£12,,,home-garden
Duracell Hearing Aid Batteries Size 13,Duracell Hearing Aid Batteries Size 136 per pack,£5,83.3p each,,home-garden
Duracell Hearing Aid Batteries Size 312,Duracell Hearing Aid Batteries Size 3126 per pack,£5,83.3p each,,home-garden
Duracell High Power Lithium 123 Batteries 3V (CR123 / CR123A / CR17345),Duracell High Power Lithium 1...2 per pack,£10,£5.00 each,,home-garden
Duracell High Power Lithium CR2 Batteries 3V (CR1H270),Duracell High Power Lithium CR2...2 per pack,£6,£3.00 each,,home-garden
Duracell Lithium Coin 2016 Batteries 3V (CR2016 / DL2016),Duracell Lithium Coin 2016 Batter...2 per pack,£5,£2.50 each,,home-garden
Duracell Lithium Coin 2025 Batteries 3V (CR2025 / DL2025),Duracell Lithium Coin 2025 Batter...2 per pack,£5,£2.50 each,,home-garden
Duracell Lithium Coin 2032 Batteries 3V (CR2032 / DL2032),Duracell Lithium Coin 2032 Batter...2 per pack,£5,£2.50 each,,home-garden
Duracell Lithium Coin 2032 Batteries 3V (CR2032 / DL2032),Duracell Lithium Coin 2032 Batter...4 per pack,£8,£2.00 each,,home-garden
Duracell Optimum AAA Alkaline Batteries LR03 ,Duracell Optimum AAA Alkaline Batteries LR03 4 per pack,£5.50,£1.38 each,,home-garden
Duracell Optimum AAA Alkaline Batteries LR03 ,Duracell Optimum AAA Alkaline Batteries LR03 8 per pack,£8,£1.00 each,"Offer price £8, was £9.75",home-garden
Duracell Optimum AAA Alkaline Batteries LR03,Duracell Optimum AAA Alkaline Batteries LR0312 per pack,£13,£1.08 each,,home-garden
Duracell Optimum AA Alkaline Batteries LR6 ,Duracell Optimum AA Alkaline Batteries LR6 8 per pack,£8,£1.00 each,"Offer price £8, was £9.75",home-garden
Duracell Optimum AA Alkaline Batteries LR6,Duracell Optimum AA Alkaline Batteries LR612 per pack,£13,£1.08 each,,home-garden
Duracell Optimum AA Alkaline Batteries LR6,Duracell Optimum AA Alkaline Batteries LR64 per pack,£5.50,£1.38 each,,home-garden
Duracell Plus 9V Alkaline Batteries,Duracell Plus 9V Alkaline Batteries2 per pack,£7.50,£3.75 each,,home-garden
Duracell Plus 9V Alkaline Battery,Duracell Plus 9V Alkaline Battery,£4.50,,,home-garden
Duracell Plus AAA Alkaline Batteries LR03 ,Duracell Plus AAA Alkaline Batteries LR03 4 per pack,£4.75,£1.19 each,,home-garden
Duracell Plus AAA Alkaline Batteries LR03,Duracell Plus AAA Alkaline Batteries LR038 per pack,£8,£1.00 each,,home-garden
Duracell Plus AAA Alkaline Batteries LR03,Duracell Plus AAA Alkaline Batteries LR0312 per pack,£10.75,89.6p each,,home-garden
Duracell Plus AAA Alkaline Batteries LR03 ,Duracell Plus AAA Alkaline Batteries LR03 20 per pack,£15.25,76.3p each,,home-garden
Duracell Plus AA Alkaline Batteries LR6 ,Duracell Plus AA Alkaline Batteries LR6 4 per pack,£4.75,£1.19 each,,home-garden
Duracell Plus AA Alkaline Batteries LR6 ,Duracell Plus AA Alkaline Batteries LR6 8 per pack,£8,£1.00 each,,home-garden
Duracell Plus AA Alkaline Batteries LR6 ,Duracell Plus AA Alkaline Batteries LR6 12 per pack,£10.75,89.6p each,,home-garden
Duracell Plus AA Alkaline Batteries LR6,Duracell Plus AA Alkaline Batteries LR620 per pack,£15.25,76.3p each,,home-garden
Duracell Plus C Alkaline Batteries ,Duracell Plus C Alkaline Batteries 2 per pack,£4,£2.00 each,,home-garden
Duracell Plus C Alkaline Batteries,Duracell Plus C Alkaline Batteries4 per pack,£7,£1.75 each,,home-garden
Duracell Plus D Alkaline Batteries,Duracell Plus D Alkaline Batteries2 per pack,£4,£2.00 each,,home-garden
Duracell Plus D Batteries,Duracell Plus D Batteries4 per pack,£8,£2.00 each,,home-garden
Duracell Rechargeable AA 1300mAh Batteries,Duracell Rechargeable AA 1300mAh Batteries4 per pack,£14,£3.50 each,,home-garden
Duracell Rechargeable AA 2500mAh Batteries,Duracell Rechargeable AA 2500mAh Batteries4 per pack,£15,£3.75 each,,home-garden
Duracell Rechargeable AAA 750mAh Batteries,Duracell Rechargeable AAA 750mAh Batteries4 per pack,£14,£3.50 each,,home-garden
Duracell Rechargeable AAA 900mAh Batteries,Duracell Rechargeable AAA 900mAh Batteries4 per pack,£15,£3.75 each,,home-garden
Duracell Sync & Charge 1M Ipod Iphone Ipad ,Duracell Sync & Charge 1M Ipod Iphone Ipad ,£10,,,home-garden
Duracell Sync & Charge 1M Micro Usb ,Duracell Sync & Charge 1M Micro Usb 1m,£6,£6.00 per 1m,,home-garden
Duracell Sync & Charge Usb 3.0 Cable 1M ,Duracell Sync & Charge Usb 3.0 Cable 1M ,£8,,,home-garden
Duralex Conical Glasses Set 330ml,Duralex Conical Glasses Set 330ml6 per pack,£13,£2.17 each,,home-garden
Duralex Conical Pint Tumbler,Duralex Conical Pint Tumbler,£2.85,£2.85 each,,home-garden
Duralex Manhattan Highballs Set,Duralex Manhattan Highballs Set6 per pack,£15,£2.50 each,,home-garden
Duralex Manhattan Tumblers Set ,Duralex Manhattan Tumblers Set 6 per pack,£15,£2.50 each,,home-garden
Duralex Picardie Tumblers Set 250ml,Duralex Picardie Tumblers Set 250ml6 per pack,£10,£1.67 each,,home-garden
Duralex Picardie Tumblers Set 310ml,Duralex Picardie Tumblers Set 310ml6 per pack,£10.50,£1.75 each,,home-garden
Duralex Picardie Tumblers Set 360ml,Duralex Picardie Tumblers Set 360ml6 per pack,£11.95,£1.99 each,,home-garden
Duralex Picardie Tumblers Set 500ml,Duralex Picardie Tumblers Set 500ml6 per pack,£16,£2.67 each,,home-garden
"Eddingtons Bread Proving Oval Basket, 29cm","Eddingtons Bread Proving Oval Basket, 29cm",£12.95,£12.95 each,,home-garden
Eddingtons Poach Perfect Egg Poacher,Eddingtons Poach Perfect Egg Poacher2 per pack,£5,£2.50 each,,home-garden
"Eddingtons Small Basket Liner Oval, Set of 2 ","Eddingtons Small Basket Liner Oval, Set of 2 ",£3,£3.00 each,,home-garden
Eddingtons Stainless Steel Digital Timer with Meat Thermometer ,Eddingtons Stainless Steel Digital Ti...,£13.99,£13.99 each,,home-garden
Egyptian Cotton Denim Blue Towel,Egyptian Cotton Denim Blue Towel,£2.35,,,home-garden
Egyptian Cotton Graphite Towel,Egyptian Cotton Graphite Towel,£2,,,home-garden
Egyptian Cotton Silver Grey Towel,Egyptian Cotton Silver Grey Towel,£2,,,home-garden
Egyptian Cotton White Towel,Egyptian Cotton White Towel,£2,,,home-garden
Elliott's Shower Squeegee 24cm,Elliott's Shower Squeegee 24cm,£2.50,£2.50 each,,home-garden
Elliotts Spray Bottle 500ml,Elliotts Spray Bottle 500ml,£2.49,£2.49 each,,home-garden
Elliott's Wooden Dish Brush with Natural Tampico Fibres,Elliott's Wooden Dish Brush wit...,£2.99,£2.99 each,,home-garden
Emma Bridgewater Black Toast Cereal Bowl,Emma Bridgewater Black Toast Cereal Bowl,£19.95,£19.95 each,,home-garden
Emma Bridgewater Black Toast Pasta Bowl ,Emma Bridgewater Black Toast Pasta Bowl ,£22.95,£22.95 each,,home-garden
Emma Bridgewater Black Toast Plate,Emma Bridgewater Black Toast Plate,£17.95,£17.95 each,,home-garden
Emma Bridgewater Black Toast Writing Mug ,Emma Bridgewater Black Toast Writing Mug ,£19.95,£19.95 each,,home-garden
Emma Bridgewater Bumblebee Cereal Bowl,Emma Bridgewater Bumblebee Cereal Bowl,£20.05,£20.05 each,,home-garden
Emma Bridgewater Bumblebee Mug,Emma Bridgewater Bumblebee Mug,£19.95,£19.95 each,,home-garden
Emma Bridgewater Butterflies & Bugs Mug,Emma Bridgewater Butterflies & Bugs Mug,£20.05,£20.05 each,,home-garden
Emma Bridgewater Christmas Celebration 1/2 Pint Mug,Emma Bridgewater Christmas Ce...,£20.05,£20.05 each,,home-garden
Emma Bridgewater Christmas Joy 2 Mug Teapot Boxed,Emma Bridgewater Christmas...,£40,£40.00 each,,home-garden
Emma Bridgewater Christmas Joy Mince Pies 8 1/2 Inch Plate,Emma Bridgewater Christmas Joy Mi...,£18,£18.00 each,,home-garden
Emma Bridgewater Hawthorn Berries 8 1/2 Inch Plate,Emma Bridgewater Hawthorn B...,£18,£18.00 each,,home-garden
Emma Bridgewater Hawthorn Berries French Bowl,Emma Bridgewater Hawthorn...,£20.05,£20.05 each,,home-garden
Emma Bridgewater Hawthorn Berries Small Old Bowl,Emma Bridgewater Hawthorn B...,£19.80,£19.80 each,,home-garden
Emma Bridgewater Hearts Paper Napkins,Emma Bridgewater Hearts Paper Napkins20 per pack,£3.60,18p each,,home-garden
Emma Bridgewater Orange Ladybirds 1/2 Pint Mug,Emma Bridgewater Orange L...,£20.05,£20.05 each,,home-garden
Emma Bridgewater Pink Hearts Cereal Bowl,Emma Bridgewater Pink Hearts Cereal Bowl,£19.95,£19.95 each,,home-garden
Emma Bridgewater Pink Hearts Mug,Emma Bridgewater Pink Hearts Mug,£19.95,£19.95 each,,home-garden
Emma Bridgewater Pink Hearts Pasta Bowl ,Emma Bridgewater Pink Hearts Pasta Bowl ,£22.95,£22.95 each,,home-garden
Emma Bridgewater Pink Hearts Plate,Emma Bridgewater Pink Hearts Plate,£17.95,£17.95 each,,home-garden
Emma Bridgewater Pink Hearts Plate  ,Emma Bridgewater Pink Hearts Plate  ,£19.95,£19.95 each,,home-garden
Emma Bridgewater Pink Roses Paper Napkins,Emma Bridgewater Pink Roses Paper Napkins20 per pack,£3.20,16p each,,home-garden
Emma Bridgewater Polka Dot Mug,Emma Bridgewater Polka Dot Mug,£19.95,£19.95 each,,home-garden
Emma Bridgewater Polka Dot Paper Napkins,Emma Bridgewater Polka Dot Paper Napkins20 per pack,£3.60,18p each,,home-garden
Emma Bridgewater Polka Dot Pasta Bowl ,Emma Bridgewater Polka Dot Pasta Bowl ,£22.95,£22.95 each,,home-garden
Emma Bridgewater Polka Dot Plate ,Emma Bridgewater Polka Dot Plate ,£19.95,£19.95 each,,home-garden
Emma Bridgewater Polka Dot Plate ,Emma Bridgewater Polka Dot Plate ,£17.95,£17.95 each,,home-garden
Emma Bridgewater Vegetable Garden Lemons Mug,Emma Bridgewater Vegeta...,£20.05,£20.05 each,,home-garden
Energizer Cr2032 Lithium,Energizer Cr2032 Lithium6 per pack,£10,£1.67 each,,home-garden
Energizer Cr2032 Ultimate Lithium 2,Energizer Cr2032 Ultimate Lithium 2,£6,,,home-garden
Energizer Max 9V Batteries ,Energizer Max 9V Batteries 3 per pack,£8,£2.67 each,,home-garden
Energizer Max Plus AA,Energizer Max Plus AA14 per pack,£12,85.7p each,,home-garden
Energizer Max Plus AAA,Energizer Max Plus AAA14 per pack,£12,85.7p each,,home-garden
Epson C13T1801 Black Ink Cartridge Bb,Epson C13T1801 Black Ink Cartridge Bb,£13,,,home-garden
Epson Ink Cartridge Black T0711 Bb,Epson Ink Cartridge Black T0711 Bb,£15,,,home-garden
Epson Multipack 18 Combo Pack Ink,Epson Multipack 18 Combo Pack Ink,£40,,,home-garden
Epson T1281 Black Ink Cartridge Bb,Epson T1281 Black Ink Cartridge Bb,£15,,,home-garden
Epson T1285 Colour Ink Cartrdge Bb,Epson T1285 Colour Ink Cartrdge Bb,£52,,,home-garden
Epson T1811 El Ink Cartridge,Epson T1811 El Ink Cartridge,£23,,,home-garden
Febreze 3Volution Air Freshener Electrical Plug In Diffuser,Febreze 3Volution Air Freshener E...,£3.50,,,home-garden
Febreze Blossoms & Breeze Car Clip Air Freshener ,Febreze Blossoms & Breeze C...,£2.50,,,home-garden
Febreze New Car Scent Car Air Freshener ,Febreze New Car Scent Car Air Freshener ,£2.50,,,home-garden
Febreze Spring Awakening Car Clip Air Freshener ,Febreze Spring Awakening Ca...,£2.50,,,home-garden
Febreze Twin Car Clip Cotton Fresh Air Freshener ,Febreze Twin Car Clip Cotton Fresh Air Freshener 2 per pack,£4,£2.00 each,,home-garden
Febreze Unstoppables Car Air Freshener Fresh,Febreze Unstoppables Car Air Freshener Fresh,£4.50,,,home-garden
Febreze Unstoppables Fresh Car Air Freshener,Febreze Unstoppables Fresh Car Air Freshener,£3,,,home-garden
Flash Dash Shine Pad,Flash Dash Shine Pad,£1.85,,,home-garden
Foil Colouring Magical World,Foil Colouring Magical World,£3,,,home-garden
Fragile Tape 40m x 48mm,Fragile Tape 40m x 48mm,£1.49,£1.49 each,,home-garden
From the Oven to the Table,From the Oven to the Table,£27,£27.00 each,,home-garden
Galt 16 Colouring Pens - Washable,Galt 16 Colouring Pens - Washable,£3.50,£3.50 each,,home-garden
Galt 20 Giant Chalks,Galt 20 Giant Chalks,£4,£4.00 each,,home-garden
Galt 6 Painting Sticks,Galt 6 Painting Sticks,£5,£5.00 each,,home-garden
Galt Fill & Spill Fruit Basket,Galt Fill & Spill Fruit Basket,£18.60,£18.60 each,,home-garden
Galt Monster Magnets,Galt Monster Magnets,£7.20,£7.20 each,,home-garden
"Galt Tracing & Colouring Book, 3yrs+ ","Galt Tracing & Colouring Book, 3yrs+ ",£5,£5.00 each,,home-garden
"Galt Water Magic Vehicles, 3yrs+","Galt Water Magic Vehicles, 3yrs+",£7,£7.00 each,,home-garden
"Gazillion 2L Bubble Solution, 3yrs+","Gazillion 2L Bubble Solution, 3yrs+",£6.50,£6.50 each,,home-garden
"Gazillion 2L Giant Bubble Solution, 3yrs+","Gazillion 2L Giant Bubble Solution, 3yrs+",£6.99,£6.99 each,,home-garden
Gazillion Incredibubble Wand,Gazillion Incredibubble Wand,£10.45,£10.45 each,,home-garden
George Foreman Fit Grill Small (25800),George Foreman Fit Grill Small (25800),£25,,,home-garden
Gorilla Epoxy,Gorilla Epoxy25ml,£6,£2.40 per 10ml,"Offer price £6, was £7",home-garden
Gorilla Glue,Gorilla Glue60ml,£6,£10.00 per 100ml,"Offer price £6, was £7",home-garden
Gorilla Glue Clear 50Ml,Gorilla Glue Clear 50Ml50ml,£8,£16.00 per 100ml,"Offer price £8, was £9",home-garden
Gorilla Heavy Duty Grab Adhesive 290Ml,Gorilla Heavy Duty Grab Adhesive 290Ml290ml,£8.75,£3.02 per 100ml,,home-garden
Gorilla Heavy Duty Mounting Tape 25.4Mm X 1.52M,Gorilla Heavy Duty Mounti...,£7,,"Offer price £7, was £8",home-garden
Gorilla Super Glue 15G,Gorilla Super Glue 15G15g,£7,£46.66 per 100g,"Offer price £7, was £8",home-garden
Gorilla Super Glue 2 Tubes,Gorilla Super Glue 2 Tubes,£5,,"Offer price £5, was £5.50",home-garden
Gorilla Super Glue Brush & Nozzle 12G,Gorilla Super Glue Brush & Nozzle 12G12g,£7,£5.84 per 10g,"Offer price £7, was £8",home-garden
Gorilla Tack,Gorilla Tack,£3,,"Offer price £3, was £3.20",home-garden
Gorilla Tape 11M X 48Mm,Gorilla Tape 11M X 48Mm,£7,,"Offer price £7, was £7.50",home-garden
Gorilla Tape Handy Roll 9.14M X 25Mm,Gorilla Tape Handy Roll 9.14M X 25Mm,£3,,,home-garden
Gorilla Wood Glue,Gorilla Wood Glue236ml,£5,£2.12 per 100ml,"Offer price £5, was £5.50",home-garden
Grafix 15 Jumbo Chalks,Grafix 15 Jumbo Chalks,£1.50,,,home-garden
Grafix A4 Mixed Coloured Cards,Grafix A4 Mixed Coloured Cards12 per pack,£2,16.7p each,Buy 3 for £4,home-garden
Gro-Sure Smart Seed 25M2,Gro-Sure Smart Seed 25M2,£10,,,home-garden
Growing Success Cat Repellent,Growing Success Cat Repellent500g,£6,£12.00 per kg,,home-garden
Growing Success Slug Killer Advanced  Extra Free,Growing Success Slug Killer Advanced  Extra Free500g,£6,£1.20 per 100g,,home-garden
Gt85 With Ptfe ,Gt85 With Ptfe 400ml,£4,£10.00 per litre,,home-garden
Haliborange Kid's Calcium & Iron Orange Chewable Tablets 3yrs+ ,Haliborange Kid's Calcium & Iron Oran...30 per pack,£3.50,11.7p each,,home-garden
"Harris 4"" Shed, Fence & Decking Kit","Harris 4"" Shed, Fence & Decking Kit",£10,,,home-garden
"Harris 4""  Walls & Ceilings Roller Set","Harris 4""  Walls & Ceilings Roller Set",£4.50,,,home-garden
"Harris 4"" Woodwork Gloss Roller Set","Harris 4"" Woodwork Gloss Roller Set",£4.50,,,home-garden
"Harris 9""  Walls & Ceilings Medium Pile Roller Sleeve","Harris 9""  Walls & Ceilings Medium Pile Roller Sleeve",£4.50,,,home-garden
Harris Essentials 2 Pack Masking Tape 24mm X 25M,Harris Essentials 2 Pack Ma...,£3,,,home-garden
Harris Essentials Dust Sheet 3.7 X 2.75M,Harris Essentials Dust Sheet 3.7 X 2.75M,£2,,,home-garden
Harris Essentials Gloss 1.5 Inch Paint Brush,Harris Essentials Gloss 1.5 Inch Paint Brush,£2.50,,,home-garden
Harris Essentials Gloss Paint Brushes ,Harris Essentials Gloss Paint Brushes 5 per pack,£6,£1.20 each,,home-garden
Harris Essentials Walls & Ceilings 1.5 Inch Paint Brush,Harris Essentials Walls & Ceili...,£2.50,,,home-garden
Harris Essentials Walls & Ceilings Brushes ,Harris Essentials Walls & Ceilings Brushes 5 per pack,£6,£1.20 each,,home-garden
Harris Seriously Good 11 Piece Walls & Ceilings Decorating Set,Harris Seriously Good 11 Piece Wall...,£12,,,home-garden
"Harris Seriously Good 9""  Wall And Ceiling Twin Sleeve Roller Set","Harris Seriously Good 9""  Wall And Ce...",£6.50,,,home-garden
Harris Seriously Good Medium Sanding Block,Harris Seriously Good Medium Sanding Block,£3,,,home-garden
Harry Potter A5 Case Bound Notebook Burgundy,Harry Potter A5 Case Bo...,£4,,,home-garden
Harry Potter Multi Pocket Pencil Case,Harry Potter Multi Pocket Pencil Case,£5,,,home-garden
Harry Potter Paper Stationery Pouch,Harry Potter Paper Stationery Pouch,£4,,,home-garden
Helix Laundry Marker Pen,Helix Laundry Marker Pen,£1.50,,,home-garden
Henry Wag Glove Drying Towel,Henry Wag Glove Drying Towel,£8.95,£8.95 each,,home-garden
Henry Wag Microfibre Towel Small,Henry Wag Microfibre Towel Small,£10.30,£10.30 each,,home-garden
H G Bathroom Mould Spray,H G Bathroom Mould Spray500ml,£7,£1.40 per 100ml,,home-garden
Hg Drain Duo Unblocker,Hg Drain Duo Unblocker2 x 500ml,£11.25,£11.25 per litre,,home-garden
Hg Grout Cleaner Ready - To - Use,Hg Grout Cleaner Ready - To - Use500ml,£5,£1.00 per 100ml,,home-garden
Hinkler Animal Rock Painting Kit,Hinkler Animal Rock Painting Kit,£5,,,home-garden
Home Essentials 10.5 Tog Duvet King,Home Essentials 10.5 Tog Duvet King,£10,,,home-garden
Home Essentials 10.5 Tog Single Duvet,Home Essentials 10.5 Tog Single Duvet,£6,,,home-garden
Home Essentials 2 Slice Toaster,Home Essentials 2 Slice Toaster,£8,,,home-garden
Home Essentials 3 Piece Pan Set,Home Essentials 3 Piece Pan Set3 per pack,£10.99,£3.66 each,,home-garden
Home Essentials Aluminium 15Cm Saucepan,Home Essentials Alumi...,£4.50,,,home-garden
Home Essentials Aluminium Frying Pan 28Cm,Home Essentials Alumi...,£4.50,,,home-garden
Home Essentials Butterfly Can Opener,Home Essentials Butterfly Can Opener,£1,,,home-garden
Home Essentials Dessert Spoons ,Home Essentials Dessert Spoons 4 per pack,£1.25,31.3p each,Buy 4 for £4,home-garden
Home Essentials Dinner Set 12 Piece Set,Home Essentials Dinner Set 12 Piece Set,£10,,,home-garden
Home Essentials Double Duvet 10.5 Tog,Home Essentials Double Duvet 10.5 Tog,£8,,,home-garden
Home Essentials Forks,Home Essentials Forks4 per pack,£1.25,31.3p each,Buy 4 for £4,home-garden
Home Essentials Grey Terry Tea Towels 3 Pack,Home Essentials Grey Terry Tea Towels 3 Pack3 per pack,£3,£1.00 each,,home-garden
Home Essentials Kettle 1.7L,Home Essentials Kettle 1.7L,£8,,,home-garden
Home Essentials Pillow Rolled,Home Essentials Pillow Rolled,£2.50,,,home-garden
Home Essentials Teaspoons,Home Essentials Teaspoons8 per pack,£1.25,15.6p each,Buy 4 for £4,home-garden
Home Essentials Wooden Spatula,Home Essentials Wooden Spatula,75p,,,home-garden
Home Essentials Wooden Spoon,Home Essentials Wooden Spoon,75p,,,home-garden
Homefire Heat Logs,Homefire Heat Logs12 per pack,£8,66.7p each,,home-garden
Homefire Premium Hardwood Kiln Dried Logs,Homefire Premium Hardwood Kiln Dried Logs18L,£8,44.4p per litre,,home-garden
Hot Hands Hand Warmers,Hot Hands Hand Warmers,£1.50,,,home-garden
Hp 300 Colour Ink Cartridge Bb,Hp 300 Colour Ink Cartridge Bb,£24,,,home-garden
Hp 301 Black Ink Cartridge Bb,Hp 301 Black Ink Cartridge Bb,£23,,,home-garden
Hp 301 Combo Bb Ink,Hp 301 Combo Bb Ink,£48,,,home-garden
HP 302 Black + 302 Tri-Colour Cartridge,HP 302 Black + 302 Tri-Colour Cartridge2 per pack,£42,£21.00 each,,home-garden
HP 302 Black Ink Cartridge,HP 302 Black Ink Cartridge,£20.50,,,home-garden
HP 303 Black & Colour Ink Cartridge,HP 303 Black & Colour Ink Cartridge,£38,,,home-garden
HP 303 Black Ink Cartridge,HP 303 Black Ink Cartridge,£21,,,home-garden
HP 304 Black + Tri-Colour Ink Cartridge ,HP 304 Black + Tri-Colour Ink Cartridge 2 per pack,£30,£15.00 each,,home-garden
HP 304 Black Ink Cartridge ,HP 304 Black Ink Cartridge ,£16,,,home-garden
Hp 304 Tri-Colour Ink,Hp 304 Tri-Colour Ink,£15,,,home-garden
HP 305 Black Ink Cartridge,HP 305 Black Ink Cartridge,£15.50,,,home-garden
HP 305 Combo Ink Cartridge ,HP 305 Combo Ink Cartridge ,£23,,,home-garden
Hp 305 Tri Colour Inkjet,Hp 305 Tri Colour Inkjet,£11,,,home-garden
Hp 350 Black Inkjet Print Cartridge Bb,Hp 350 Black Inkjet Print Cartridge Bb,£23,,,home-garden
Hp 351 Colour Inkjet Print Cartridge Bb,Hp 351 Colour Inkjet Print Cartridge Bb,£27,,,home-garden
Hp 364 Black Ink Cartridge Bb,Hp 364 Black Ink Cartridge Bb,£18.50,,,home-garden
Hp 364 Combo Pack Bb Ink,Hp 364 Combo Pack Bb Ink,£56,,,home-garden
HP 62 Black Ink Cartridge,HP 62 Black Ink Cartridge,£22.50,,,home-garden
HP Black Inkjet,HP Black Inkjet304 per pack,£28,9.2p each,,home-garden
HP Black Inkjet,HP Black Inkjet305 per pack,£20,6.6p each,,home-garden
Hp Ink Cartridge Colour No 22  Bb,Hp Ink Cartridge Colour No 22  Bb,£27,,,home-garden
HP Tri Colour Inkjet,HP Tri Colour Inkjet305 per pack,£18,5.9p each,,home-garden
If You Care FSC Certified 13 Gallon Compostable Tall Kitchen Bags,If You Care FSC Certified 13 Gallon C...12 per pack,£9.95,82.9p each,,home-garden
Inkredibles Unicorns & Friends Colouring,Inkredibles Unicorns & Friends Colouring,£3,,,home-garden
Jelly Belly Blueberry Air Freshener,Jelly Belly Blueberry Air Freshener,£3.70,,,home-garden
Jelly Belly Blueberry Duo Vent Air Freshener,Jelly Belly Blueberry Duo Vent Air Freshener,£5.40,,,home-garden
Jelly Belly Blueberry Gelcan,Jelly Belly Blueberry Gelcan,£4,,,home-garden
Jelly Belly Bubblegum Air Freshener,Jelly Belly Bubblegum Air Freshener,£3.70,,,home-garden
Jelly Belly Tangerine Air Freshener,Jelly Belly Tangerine Air Freshener,£3,,,home-garden
Jelly Belly Very Cherry Duo Vent Air Freshener,Jelly Belly Very Cherry Duo Vent Air Freshener,£5.40,,,home-garden
Job Done Moss Killer 1L,Job Done Moss Killer 1L,£5.50,,,home-garden
Joie Burger Press,Joie Burger Press,£4,,,home-garden
Joie Corn Star Corn Holders,Joie Corn Star Corn Holders,£3.50,,,home-garden
Joie Lemon Juice & Pour,Joie Lemon Juice & Pour,£3.50,,,home-garden
Joie Meow Measuring Cups 3Pc,Joie Meow Measuring Cups 3Pc,£4,,,home-garden
Joie Microwave Silicone Omelet Maker,Joie Microwave Silicone Omelet Maker,£6,,,home-garden
Joie Onion Stretch Pod,Joie Onion Stretch Pod,£3.50,,,home-garden
Joie Rainbow Ice Cubes,Joie Rainbow Ice Cubes,£4,,,home-garden
Joie Reusable Ice Sticks,Joie Reusable Ice Sticks6 per pack,£2,33.3p each,,home-garden
Joie Round Egg Ring,Joie Round Egg Ring,£2.50,,,home-garden
Joie Silicone Seals,Joie Silicone Seals,£4,,,home-garden
Jurassic A6 Notebooks,Jurassic A6 Notebooks2 per pack,£3,£1.50 each,,home-garden
Jurrasic A5 Wiro Notebook,Jurrasic A5 Wiro Notebook,£3.50,,,home-garden
Jurrasic Pens,Jurrasic Pens3 per pack,£3,£1.00 each,,home-garden
Just Stationery Pocket Calculator Black & Silver,Just Stationery Pocket Calculator Black & Silver,£2,,,home-garden
Kent Microfibre Demist Pad,Kent Microfibre Demist Pad,£3,£3.00 each,,home-garden
Kent Super Absorbent Jumbo Sponge,Kent Super Absorbent Jumbo Sponge,£2.50,£2.50 each,,home-garden
Kenwood 3 Speed Hand Mixer Silver,Kenwood 3 Speed Hand Mixer Silver,£30,,,home-garden
Kenwood Chefette With Metal Bowl White,Kenwood Chefette With Metal Bowl White,£55,,,home-garden
Kenwood Food Processor (Fp120),Kenwood Food Processor (Fp120),£39,,,home-garden
Kraft 3Ply Paper Napkins,Kraft 3Ply Paper Napkins20 per pack,£1.25,6.3p each,,home-garden
Kraft Paper Plates 23cm,Kraft Paper Plates 23cm10 per pack,£1.25,12.5p each,,home-garden
Kuhn Rikon Swiss Hob Scraper,Kuhn Rikon Swiss Hob Scraper,£7.40,£7.40 each,,home-garden
Large Collapsible Laundry Basket,Large Collapsible Laundry Basket,£24.85,£24.85 each,,home-garden
Little Trees Air Freshener Black Ice,Little Trees Air Freshener Black Ice,£1.50,,,home-garden
Little Trees Air Freshener Bubble Gum,Little Trees Air Freshener Bubble Gum,£1.50,,,home-garden
Little Trees Air Freshener Cotton Candy,Little Trees Air Freshener Cotton Candy,£1.50,,,home-garden
Little Trees Air Freshener Daisy Chain,Little Trees Air Freshener Daisy Chain,£1.50,,,home-garden
Little Trees Air Freshener New Car Scent,Little Trees Air Freshener New Car Scent,£1.50,,,home-garden
Little Trees Air Freshener Pina Colada,Little Trees Air Freshener Pina Colada,£1.50,,,home-garden
Little Trees Air Freshener Sherbert Lemon,Little Trees Air Freshener Sherbert Lemon,£1.50,,,home-garden
Little Trees Air Freshener Tropical,Little Trees Air Freshener Tropical,£1.50,,,home-garden
Little Trees Air Freshener Vanillaroma,Little Trees Air Freshener Vanillaroma,£1.50,,,home-garden
Little Trees Clip Air Freshener Black Ice,Little Trees Clip Air Freshener Black Ice,£2.50,,,home-garden
Little Trees Clip Air Freshener Vanilla,Little Trees Clip Air Freshener Vanilla,£2.50,,,home-garden
Lock & Lock 3.9L Cereal Dispenser,Lock & Lock 3.9L Cereal Dispenser,£6.50,,,home-garden
Lock & Lock Air Tight Container 100ml,Lock & Lock Air Tight Container 100ml,£2,£2.00 each,,home-garden
Lock & Lock Air Tight Container 700ml,Lock & Lock Air Tight Container 700ml,£3.95,£3.95 each,,home-garden
Lock & Lock Air Tight Rectangular Container 180ml,Lock & Lock Air Tight Recta...,£3,£3.00 each,,home-garden
Lock & Lock Air Tight Round Plastic Container 600ml,Lock & Lock Air Tight Round P...,£3.99,£3.99 each,,home-garden
Lock & Lock Eco Rectangular Container 350ml,Lock & Lock Eco Rectang...,£3,£3.00 each,,home-garden
Lock & Lock Eco Square Container 1.2L,Lock & Lock Eco Square Container 1.2L,£5.50,£5.50 each,,home-garden
Lock & Lock Fridge Door Jug 2L,Lock & Lock Fridge Door Jug 2L,£9.15,£9.15 each,,home-garden
Lock & Lock Rectangular 1.6L Container ,Lock & Lock Rectangular 1.6L Container ,£4,,,home-garden
Lock & Lock Rectangular 1L Container ,Lock & Lock Rectangular 1L Container ,£3.50,,,home-garden
Lock & Lock Rectangular Container 1.8L,Lock & Lock Rectangular Container 1.8L,£3.50,,,home-garden
Lock & Lock Rectangular Container 350Ml,Lock & Lock Rectangular Container 350Ml,£2,,,home-garden
Lock & Lock Round Container 600Ml,Lock & Lock Round Container 600Ml,£1.50,,,home-garden
Lock & Lock Round Container 700Ml,Lock & Lock Round Container 700Ml,£2,,,home-garden
Lock & Lock Square 870ml Container ,Lock & Lock Square 870ml Container ,£3,,,home-garden
LocknLock Oven Glass Rectangular 1L,LocknLock Oven Glass Rectangular 1L,£11.90,£11.90 each,,home-garden
LocknLock Oven Glass Rectangular 630ml,LocknLock Oven Glass Rectangular 630ml,£7.30,£7.30 each,,home-garden
LocknLock Oven Glass Round 650ml,LocknLock Oven Glass Round 650ml,£7.95,£7.95 each,,home-garden
LocknLock Oven Glass Round 950ml,LocknLock Oven Glass Round 950ml,£9.95,£9.95 each,,home-garden
LocknLock Oven Glass Square 500ml,LocknLock Oven Glass Square 500ml,£6.95,£6.95 each,,home-garden
LocknLock Oven Glass Square 750ml,LocknLock Oven Glass Square 750ml,£8.95,£8.95 each,,home-garden
Loctite Control 4G,Loctite Control 4G,£3.20,,"Offer price £3.20, was £5",home-garden
Loctite Control Super Glue,Loctite Control Super Glue4g,£4,£10.00 per 10g,,home-garden
Loctite Hot Melt Glue Gun Contains 2 Free Glue Sticks,Loctite Hot Melt Glue Gun Con...,£9,,,home-garden
Loctite Hot Melt Glue Gun Sticks Contains 6 Sticks,Loctite Hot Melt Glue Gun Sticks Contains 6 Sticks,£5,,,home-garden
Loctite Precision 5G,Loctite Precision 5G,£4,,,home-garden
Loctite Precision Liquid,Loctite Precision Liquid5g,£3,£6.00 per 10g,,home-garden
Loctite Super Glue Power Flex Gel,Loctite Super Glue Power Flex Gel2 per pack,£4,£2.00 each,"Offer price £4, was £5",home-garden
M'15W/40 Mineral Oil 2,M'15W/40 Mineral Oil 22L,£14,£7.00 per litre,,home-garden
Made In India,Made In India,£22.50,£22.50 each,,home-garden
Magical Unicorn Birthday Cups 250ml,Magical Unicorn Birthday Cups 250ml8 per pack,£1.99,24.9p each,,home-garden
Magic Bullet Starter Kit,Magic Bullet Starter Kit,£25,,,home-garden
Make & Paint Dinosaurs,Make & Paint Dinosaurs,£4,,,home-garden
Marvel Avengers Group Rectangular Lunch Bag,Marvel Avengers Group Rectangular Lunch Bag,£7.50,,,home-garden
Marvel EMH A5 Wiro Notebook,Marvel EMH A5 Wiro Notebook,£3.50,,,home-garden
Marvel EMH Pens,Marvel EMH Pens3 per pack,£3,£1.00 each,,home-garden
Marvel Spider-Man Classic Rectangular Lunch Bag,Marvel Spider-Man Classic Rectangular Lunch Bag,£7.50,,,home-garden
Marvel Spider-Man Pop 3 Piece Cutlery Set,Marvel Spider-Man Pop 3 Piece Cutlery Set,£6.30,£6.30 each,,home-garden
Marvel Spider-Man Pop 3 Piece Tableware Set,Marvel Spider-Man Pop 3 Piece Tableware Set,£10.30,£10.30 each,,home-garden
Marvel Spiderman Colouring,Marvel Spiderman Colouring3 per pack,£1.50,50p each,,home-garden
Marvel Spiderman Search & Find,Marvel Spiderman Search & Find,£1.50,,,home-garden
Medium Mailing Bags 24x32cm,Medium Mailing Bags 24x32cm6 per pack,£1.99,33.2p each,,home-garden
"Melissa & Doug Dinosaur Stamp Set, 4yrs+","Melissa & Doug Dinosaur Stamp Set, 4yrs+",£12,£12.00 each,,home-garden
"Melissa & Doug Reusable Stickers Mermaid, 4yrs+","Melissa & Doug Reusable Stickers Mermaid, 4yrs+",£5,£5.00 each,,home-garden
Metaltex Aluminium Splatter Screen / Guard 33cm,Metaltex Aluminium Splatt...,£4.99,£4.99 each,,home-garden
"Metaltex Bridge Stackable Cupboard Shelf, White","Metaltex Bridge Stackable Cupboard Shelf, White",£9.50,£9.50 each,,home-garden
Metaltex Clothes Washing Bags,Metaltex Clothes Washing Bags,£4.99,£4.99 each,,home-garden
Metaltex Easy Roll Under Shelf Kitchen Roll Holder,Metaltex Easy Roll Under Shelf Kitchen Roll Holder,£12,£12.00 each,,home-garden
"Metaltex Oval Self Adhesive Hooks Jumbo, Chrome ",Metaltex Oval Self Adhesive...,£2.49,£2.49 each,,home-garden
"Metaltex Plastic Bag Clips Large, Assorted Colours","Metaltex Plastic Bag Clips Large, Assorted Colours4 per pack",£1.99,49.8p each,,home-garden
Metaltex Plastic Sink Strainers 7cm,Metaltex Plastic Sink Strainers 7cm,£1.49,£1.49 each,,home-garden
Metaltex Potato Ricer Pressy2 38cm,Metaltex Potato Ricer Pressy2 38cm,£12.50,£12.50 each,,home-garden
"Metaltex Salad Spinner, Green","Metaltex Salad Spinner, Green",£8.99,£8.99 each,,home-garden
Metaltex Skewers,Metaltex Skewers6 per pack,£3.49,58.2p each,,home-garden
Metaltex Sports Shoe Washing Bag,Metaltex Sports Shoe Washing Bag,£7.99,£7.99 each,,home-garden
Metaltex Stainless Steel Sink Strainer 7cm,Metaltex Stainless Steel Sink Strainer 7cm,£3.20,£3.20 each,,home-garden
Metaltex Tea Towel Clips,Metaltex Tea Towel Clips5 per pack,£1.99,39.8p each,,home-garden
Mighty Oak Rose Air Freshener,Mighty Oak Rose Air Freshener,£1.75,,,home-garden
"Mimo Dog Face Laundry & Storage Bag, White","Mimo Dog Face Laundry & Storage Bag, White",£16,£16.00 each,,home-garden
Minecraft Atlantic Bottle 750ml,Minecraft Atlantic Bottle 750ml,£4,,,home-garden
Minecraft Creeper Lunch Bag,Minecraft Creeper Lunch Bag,£7.50,,,home-garden
Minky M Cloth Anti-Bacterial Bathroom Pad,Minky M Cloth Anti-Bacterial Bathroom Pad,£3,,,home-garden
Minnie A5 Notebook & Phone Holder,Minnie A5 Notebook & Phone Holder,£5,,,home-garden
Minnie Mouse Pink Desk Planner,Minnie Mouse Pink Desk Planner,£4,,,home-garden
Miracle-Gro 2 In 1 Nourish & Protect Seaweed Plant Food,Miracle-Gro 2 In 1 Nourish & Pr...800ml,£4.75,59.4p per 100ml,,home-garden
Miracle-Gro All Purpose Liquid Concentrate Plant Food,Miracle-Gro All Purpose Liqui...2.5L,£10,40p per 100ml,,home-garden
Miracle-Gro Continuous Release,Miracle-Gro Continuous Release900g,£6,66.7p per 100g,,home-garden
Miracle-Gro Drip & Feed All Plants,Miracle-Gro Drip & Feed All Plants3 per pack,£3.50,£1.17 each,,home-garden
Miracle-Gro Drip & Feed For Orchids,Miracle-Gro Drip & Feed For Orchids3 per pack,£3.50,£1.17 each,,home-garden
Miracle-Gro Evergreen Complete,Miracle-Gro Evergreen Complete2 x 80m,£9.50,5.9p per 1m,,home-garden
Miracle-Gro Evergreen Complete Spreader,Miracle-Gro Evergreen Complete Spreader2 x 80m,£15,9.4p per 1m,,home-garden
"Miracle - Gro Patch Magic Grass Seed, Feed & Coir","Miracle - Gro Patch Magic Grass Seed, Feed & Coir1015g",£10,£9.85 per kg,,home-garden
Miracle-Gro Performance Organics All Purpose,Miracle-Gro Performance Organics All Purpose800ml,£6,75p per 100ml,,home-garden
Miracle-Gro Performance Organics All Purpose Granular Food,Miracle-Gro Performance Organics...1kg,£6,60p per 100g,,home-garden
Miracle-Gro Pump & Feed,Miracle-Gro Pump & Feed200ml,£4.50,£2.25 per 100ml,,home-garden
Miracle-Gro Pump & Feed For Orchids,Miracle-Gro Pump & Feed For Orchids200ml,£4.50,£2.25 per 100ml,,home-garden
Miracle-Gro Rose & Shrub Liquid Plant Food,Miracle-Gro Rose & Shrub Liquid Plant Food800ml,£5,62.5p per 100ml,,home-garden
Morphy Richards 2Pce Frying Pan Set 24 & 28Cm,Morphy Richards 2Pce Frying Pan Set 24 & 28Cm,£30,,,home-garden
Morrisoms LED G4 200 Lumens 200L Candle Light Bulb ,Morrisoms LED G4 200 Lumens 2...2 per pack,£5,£2.50 each,,home-garden
Morrison Grey Jacquard Stripe 300Tc Single,Morrison Grey Jacquard Stripe 300Tc Single,£24,,,home-garden
Morrisons 100% Cotton Double Fitted Sheet Blush,Morrisons 100% Cotton Double Fitted Sheet Blush,£10,,,home-garden
Morrisons 100% Cotton Graphite Fitted Sheet,Morrisons 100% Cotton Graphite Fitted Sheet,£10,,,home-garden
Morrisons 100% Cotton Graphite Fitted Sheet Single,Morrisons 100% Cotton Graph...,£8,,,home-garden
Morrisons 100% Cotton Graphite House Wife Pillow Cases 2Pk,Morrisons 100% Cotton Graphite Ho...2 per pack,£4,£2.00 each,,home-garden
Morrisons 100% Cotton Grey Fitted Sheet,Morrisons 100% Cotton Grey Fitted Sheet,£8,,,home-garden
Morrisons 100% Cotton Grey Housewife Pillowcases ,Morrisons 100% Cotton Grey...2 per pack,£4,£2.00 each,,home-garden
Morrisons 100% Cotton Grey King Fitted Sheet,Morrisons 100% Cotton Grey King Fitted Sheet,£12,,,home-garden
Morrisons 100% Cotton Housewife Pillowcases Blush 2Pk,Morrisons 100% Cotton Housewi...,£3.50,,,home-garden
Morrisons 100% Cotton King Fitted Sheet Blush,Morrisons 100% Cotton King Fitted Sheet Blush,£12,,,home-garden
Morrisons 100% Cotton Sulpher Double Fitted Sheet,Morrisons 100% Cotton Sulph...,£10,,,home-garden
Morrisons 100% Cotton Sulpher Housewife Pillowcases 2Pk,Morrisons 100% Cotton Sulpher H...,£3.50,,,home-garden
Morrisons 100% Cotton Sulpher King Fitted Sheet,Morrisons 100% Cotton Sulpher King Fitted Sheet,£12,,,home-garden
Morrisons 100% Cotton Sulpher Single Fitted Sheet,Morrisons 100% Cotton Sulph...,£8,,,home-garden
Morrisons 100% Cotton White Fitted Sheet,Morrisons 100% Cotton White Fitted Sheet,£8,,,home-garden
Morrisons 100% Cotton White Housewife Pillow Cases,Morrisons 100% Cotton White...2 per pack,£4,£2.00 each,,home-garden
Morrisons 10 Eureka Vintage Line Lights,Morrisons 10 Eureka Vintage Line Lights,£12,,,home-garden
Morrisons 10W/40 Semi-Synth Oil,Morrisons 10W/40 Semi-Synth Oil2L,£15,£7.50 per litre,,home-garden
Morrisons 12 Inch Plastic Arundel Clock,Morrisons 12 Inch Plastic Arundel Clock,£8,,,home-garden
Morrisons 13 Amp 1 Gang Extension Lead With Cable Tidy 15M,Morrisons 13 Amp 1 Gang Extension...,£15,,,home-garden
Morrisons 13 Amp 2 Gang Extension Lead 5M,Morrisons 13 Amp 2 Gang Extension Lead 5M,£7,,,home-garden
Morrisons 13 Amp 4 Gang Extension Lead 2M,Morrisons 13 Amp 4 Gang Extension Lead 2M,£7,,,home-garden
Morrisons 13 Amp 4 Gang Switch Extension Lead 2M,Morrisons 13 Amp 4 Gang Switch Extension Lead 2M,£8.75,,,home-garden
Morrisons 13 Amp 4 Gang Usb Switch Surge Extension Lead 2M,Morrisons 13 Amp 4 Gang Usb Switc...,£15,,,home-garden
Morrisons 14 cm Aluminium Milk Pan,Morrisons 14 cm Aluminium Milk Pan,£5,,,home-garden
Morrisons 14 Inch Rubberwood Pizza Board,Morrisons 14 Inch Rubberwood Pizza Board,£8,,,home-garden
Morrisons 16 cm Aluminium Saucepan,Morrisons 16 cm Aluminium Saucepan,£7,,,home-garden
Morrisons 18 cm Aluminium Saucepan,Morrisons 18 cm Aluminium Saucepan,£8,,,home-garden
Morrisons 2 - Tier Corner Plate Rack,Morrisons 2 - Tier Corner Plate Rack,£5,,,home-garden
Morrisons 2 - Tone Grey Faux Leather Placemats,Morrisons 2 - Tone Grey Faux Leather Placemats4 per pack,£5,£1.25 each,,home-garden
Morrisons 2000 Staples,Morrisons 2000 Staples,£1.50,,,home-garden
Morrisons 20 cm Aluminium Chip Pan,Morrisons 20 cm Aluminium Chip Pan,£10,,,home-garden
Morrisons 20 cm Aluminium Egg Poacher,Morrisons 20 cm Aluminium Egg Poacher,£9,,,home-garden
Morrisons 20 cm Aluminium Frypan,Morrisons 20 cm Aluminium Frypan,£5,,,home-garden
Morrisons 20 cm Aluminium Saucepan,Morrisons 20 cm Aluminium Saucepan,£9,,,home-garden
Morrisons 20M Washing Line,Morrisons 20M Washing Line,£1.50,,,home-garden
Morrisons 24 cm Fry Pan,Morrisons 24 cm Fry Pan,£6.50,,,home-garden
Morrisons 28 cm Aluminium Frying Pan,Morrisons 28 cm Aluminium Frying Pan,£8,,,home-garden
Morrisons 2 Anti Allergy Medium Back Sleeper Pillows,Morrisons 2 Anti Allergy Medi...2 per pack,£8,£4.00 each,,home-garden
Morrisons 2 Small Knitted Baskets ,Morrisons 2 Small Knitted Baskets 3.5L,£3,85.7p per litre,,home-garden
Morrisons 2 Way 10A Cassette Cable Reel,Morrisons 2 Way 10A Cassette Cable Reel,£12,,,home-garden
Morrisons 3 - Pin Plug,Morrisons 3 - Pin Plug,£1.75,,,home-garden
Morrisons 3 - Tier Shelf Rack,Morrisons 3 - Tier Shelf Rack,£5,,,home-garden
Morrisons 30 Cm Shatterproof Ruler,Morrisons 30 Cm Shatterproof Ruler,75p,,,home-garden
Morrisons 32 cm Aluminium Fry Pan,Morrisons 32 cm Aluminium Fry Pan,£10,,,home-garden
Morrisons 3.4W Gu10 LED (Daylight 6500K) Light Bulb,Morrisons 3.4W Gu10 LED (Dayl...,£3,,,home-garden
Morrisons 3 Piece Fridge Organiser Set,Morrisons 3 Piece Fridge Organiser Set,£4,,,home-garden
Morrisons 3 Way Adaptor Plug,Morrisons 3 Way Adaptor Plug,£4,,,home-garden
Morrisons 3 Way Adaptor Plug With Usb,Morrisons 3 Way Adaptor Plug With Usb,£9,,,home-garden
Morrisons 3 Wick Waxfill Lime In Clear Glass,Morrisons 3 Wick Waxfill Lime In Clear Glass,£10,,,home-garden
Morrisons 400ml Stainless Steel Travel Mug With Handle,Morrisons 400ml Stainless Steel...,£3,,,home-garden
Morrisons 4 Colour Pen,Morrisons 4 Colour Pen,£1.50,,,home-garden
Morrisons 4 Countryside Animal Table Mats,Morrisons 4 Countryside Animal Table Mats,£5,,,home-garden
Morrisons 4 Grey Felt Coasters,Morrisons 4 Grey Felt Coasters4 per pack,£3,75p each,,home-garden
Morrisons 4 In 1 Mandolin Slicer,Morrisons 4 In 1 Mandolin Slicer,£8,,,home-garden
Morrisons 4 Sided Grater,Morrisons 4 Sided Grater,£4,,,home-garden
Morrisons 4 Way 13A Cassette Cable Reel,Morrisons 4 Way 13A Cassette Cable Reel,£16.50,,,home-garden
Morrisons 4 Way 13A Open Drum Cable Reel,Morrisons 4 Way 13A Open Drum Cable Reel,£22,,,home-garden
Morrisons 500 ml Black Marble Stainless Steel Vacuum Bottle,Morrisons 500 ml Black Marble Sta...,£7,,,home-garden
Morrisons 5 Nestable Plastic Bowls With Lids,Morrisons 5 Nestable Plastic Bowls With Lids,£9.50,,,home-garden
Morrisons 6 Cup Jumbo Muffin Tin,Morrisons 6 Cup Jumbo Muffin Tin,£6,,,home-garden
Morrisons 70 Pack Tealights Gift Jar,Morrisons 70 Pack Tealights Gift Jar,£8,,,home-garden
Morrisons A4 Led White Light Box,Morrisons A4 Led White Light Box,£8,,,home-garden
Morrisons A4 Lever Arch File,Morrisons A4 Lever Arch File,£2.25,,,home-garden
Morrisons A4 Refill Pad 160 Pages,Morrisons A4 Refill Pad 160 Pages,£1.75,,,home-garden
Morrisons A4 Wiro Notebook 140 Pages,Morrisons A4 Wiro Notebook 140 Pages,£1.75,,,home-garden
Morrisons A5 Wiro Notebook Plain Paper 140 Pages,Morrisons A5 Wiro Notebook...,£1.25,,,home-garden
Morrisons A6 Wiro Notebook,Morrisons A6 Wiro Notebook160 per pack,75p,0.5p each,,home-garden
Morrisons A7 Wiro Ruled Craft Note Book,Morrisons A7 Wiro Ruled Craft Note Book,50p,,,home-garden
Morrisons A7 Wiro Ruled Note Book,Morrisons A7 Wiro Ruled Note Book,50p,,,home-garden
Morrisons AAA Battery,Morrisons AAA Battery12 per pack,£7,58.3p each,,home-garden
Morrisons AA Battery,Morrisons AA Battery12 per pack,£7,58.3p each,,home-garden
Morrisons Acacia Butchers Block,Morrisons Acacia Butchers Block,£16,,,home-garden
Morrisons Acacia Meat Carving Board,Morrisons Acacia Meat Carving Board,£15,,,home-garden
Morrisons Acacia Wooden Spoon,Morrisons Acacia Wooden Spoon,£3,,,home-garden
Morrisons Acrylic & Silver Salt/Pepper Mill,Morrisons Acrylic & Silver Salt/Pepper Mill,£6,,,home-garden
Morrisons Adults Inflatable Chair,Morrisons Adults Inflatable Chair,£17,,,home-garden
Morrisons Allegra Wine Glass 4 Pack,Morrisons Allegra Wine Glass 4 Pack,£6,,,home-garden
Morrisons Amorite Vacuum Flask,Morrisons Amorite Vacuum Flask,£6,,,home-garden
Morrisons Anti Allergy Mattress Topper Double,Morrisons Anti Allergy Mattress Topper Double,£16,,,home-garden
Morrisons Anti Allergy Mattress Topper King Size,Morrisons Anti Allergy Mattress Topper King Size,£18,,,home-garden
Morrisons Anti Allergy Ultra Bounce Mattress Protector,Morrisons Anti Allergy Ultra Bo...,£8,,,home-garden
Morrisons Artificial Echeveria Plant,Morrisons Artificial Echeveria Plant,£3,,,home-garden
Morrisons Assorted Fuses ,Morrisons Assorted Fuses 5 per pack,£1,20p each,,home-garden
Morrisons B5 Black Notebook,Morrisons B5 Black Notebook,£2.50,,,home-garden
Morrisons Baking Beans in Jar,Morrisons Baking Beans in Jar,£6,,,home-garden
Morrisons Baking Sheet,Morrisons Baking Sheet,£3,,,home-garden
 Morrisons Ballpoint Pens Black, Morrisons Ballpoint Pens Black4 per pack,75p,18.8p each,,home-garden
Morrisons Ball Point Pens Blue,Morrisons Ball Point Pens Blue4 per pack,75p,18.8p each,,home-garden
Morrisons Bamboo Chopping Board 30.5cm x 23cm,Morrisons Bamboo Chopping...,£3,,,home-garden
Morrisons Bamboo Scrub Brush,Morrisons Bamboo Scrub Brush,£2.50,,,home-garden
Morrisons Bamboo Skewers 100 Pack,Morrisons Bamboo Skewers 100 Pack,£1,,,home-garden
Morrisons Bathroom Hanging Plaque,Morrisons Bathroom Hanging Plaque,£2,,,home-garden
Morrisons Battery Powered Metal Boho Candle Lantern,Morrisons Battery Powered Met...,£12,,,home-garden
Morrisons Bee Happy Coasters,Morrisons Bee Happy Coasters4 per pack,£6,£1.50 each,,home-garden
Morrisons Bee Happy Cork Back Coasters,Morrisons Bee Happy Cork Back Coasters,£2,,,home-garden
Morrisons Bee Happy Cork Back Mats,Morrisons Bee Happy Cork Back Mats4 per pack,£5,£1.25 each,,home-garden
Morrisons Bee Happy Egg Cup,Morrisons Bee Happy Egg Cup,£1.50,,,home-garden
Morrisons Bee Happy Plaque,Morrisons Bee Happy Plaque,£2,,,home-garden
Morrisons Bee Happy Tea Bag Tidy,Morrisons Bee Happy Tea Bag Tidy,£2,,,home-garden
Morrisons Bee Happy Travel Mug,Morrisons Bee Happy Travel Mug,£3.50,,,home-garden
Morrisons Berries Reed Diffuser,Morrisons Berries Reed Diffuser100ml,£3,30p per 10ml,,home-garden
Morrisons Berry Water Tracker Bottle 700Ml,Morrisons Berry Water Tracker Bottle 700Ml,£4,,,home-garden
Morrisons Big 6 Ice Cube Tray,Morrisons Big 6 Ice Cube Tray,£3,,,home-garden
Morrisons Birchwood 100% Recyclable Wooden Cutlery Set 18Pc,Morrisons Birchwood 100% Recyclab...,£1.25,,,home-garden
Morrisons Bird Feeder,Morrisons Bird Feeder,£6,,,home-garden
Morrisons Black A Line Bottle 480Ml,Morrisons Black A Line Bottle 480Ml,£5.50,,,home-garden
Morrisons Black Ballpoint Pens,Morrisons Black Ballpoint Pens20 per pack,£2,10p each,,home-garden
Morrisons Black Plastic Cafetiere Large 8 Cup,Morrisons Black Plastic Cafetiere Large 8 Cup,£6,,,home-garden
Morrisons Black Plastic Cafetiere Small 3 Cup,Morrisons Black Plastic Cafetiere Small 3 Cup,£4.50,,,home-garden
Morrisons Black Plastic Large 12 Cup Cafetiere,Morrisons Black Plastic Large 12 Cup Cafetiere,£8,,,home-garden
Morrisons Black Ringbinder,Morrisons Black Ringbinder,£1.50,,,home-garden
Morrisons Black Turin 2 Slice Toaster,Morrisons Black Turin 2 Slice Toaster,£18,,,home-garden
Morrisons Blue / Red / Green Snack Boxes,Morrisons Blue / Red / Green Snack Boxes3 per pack,£3.50,£1.17 each,,home-garden
Morrisons Blue / Red / Green Sports Bottles,Morrisons Blue / Red / Green Sports Bottles3 per pack,£5,£1.67 each,,home-garden
Morrisons Blue Stripe 100% Cotton Bath Sheet,Morrisons Blue Stripe 100% Cotton Bath Sheet,£12,,,home-garden
Morrisons Blue Stripe 100% Cotton Bath Towel,Morrisons Blue Stripe 100% Cotton Bath Towel,£8,,,home-garden
Morrisons Blue Stripe 100% Cotton Face Cloth,Morrisons Blue Stripe 100% Cotton Face Cloth,£1.50,,,home-garden
Morrisons Blue Stripe 100% Cotton Hand Towel,Morrisons Blue Stripe 100% Cotton Hand Towel,£5,,,home-garden
Morrisons Blue Stripe Bath Sheet,Morrisons Blue Stripe Bath Sheet,£14,,,home-garden
Morrisons Blush Bath Sheet,Morrisons Blush Bath Sheet,£14,,,home-garden
Morrisons Blush Ceramic Storage Jar,Morrisons Blush Ceramic Storage Jar,£5,,,home-garden
Morrisons Blush Frosted Glass Candle 8cm X 10cm,Morrisons Blush Frosted Glass Candle 8cm X 10cm,£4,,,home-garden
Morrisons Blush Throw,Morrisons Blush Throw,£5,,,home-garden
Morrisons Body Puff,Morrisons Body Puff,£1.49,,,home-garden
Morrisons Bottle It String Lights,Morrisons Bottle It String Lights,£2.50,,,home-garden
Morrisons Brownie Tin 32Cm,Morrisons Brownie Tin 32Cm,£3,,,home-garden
Morrisons Brushed Cotton Grey Fitted Sheet Double,Morrisons Brushed Cotton Grey Fitted Sheet Double,£12,,,home-garden
Morrisons Brushed Cotton Grey Fitted Sheet King,Morrisons Brushed Cotton Grey Fitted Sheet King,£14,,,home-garden
Morrisons Brushed Cotton Grey Pillow Case 2Pk,Morrisons Brushed Cotton Grey Pillow Case 2Pk,£3.50,,,home-garden
Morrisons Bunny Design Fluffy Notebook A5,Morrisons Bunny Design Fluffy Notebook A5,£4.65,,,home-garden
Morrisons Bunny Design Fluffy Pencil Case,Morrisons Bunny Design Fluffy Pencil Case,£3.50,,,home-garden
Morrisons Bunny Design Sketch Book,Morrisons Bunny Design Sketch Book,£3.50,,,home-garden
Morrisons Bunny Design Stationery Starter Pack,Morrisons Bunny Design Stationery Starter Pack,£2.99,,,home-garden
Morrisons Cafetiere & Mug Set Rose Gold,Morrisons Cafetiere & Mug Set Rose Gold,£15,,,home-garden
Morrisons Caged Lightbulb Lantern,Morrisons Caged Lightbulb Lantern,£5.50,,,home-garden
Morrisons Candle 470 Lumens 4W Bayonet Light Bulb,Morrisons Candle 470 Lumens...,£5,,,home-garden
Morrisons Candle Jar Berries,Morrisons Candle Jar Berries,£4,,,home-garden
Morrisons Candle LED 2.3W (26W 260Lm) Ses Light Bulb ,Morrisons Candle LED 2.3W (26...,£3,,,home-garden
Morrisons Cast Iron Hanging Bracket,Morrisons Cast Iron Hanging Bracket,£5.25,,,home-garden
Morrisons Cat Coaster Set,Morrisons Cat Coaster Set4 per pack,£9.50,£2.38 each,,home-garden
Morrisons Cement Owl Candle,Morrisons Cement Owl Candle,£5,,,home-garden
 Morrisons Ceramic Toilet Brush Holder, Morrisons Ceramic Toilet Brush Holder,£10,,,home-garden
Morrisons Ceramic Tumbler,Morrisons Ceramic Tumbler,£4,,,home-garden
Morrisons Charleshill Egg Cup,Morrisons Charleshill Egg Cup,£1,,,home-garden
Morrisons Charleshill Salt & Pepper Set,Morrisons Charleshill Salt & Pepper Set,£3.50,,,home-garden
Morrisons Charleshill Square Dinner Set 12 Piece Set,Morrisons Charleshill Square...,£26,,,home-garden
Morrisons Checked Grey Brushed Cotton Single Duvet Set,Morrisons Checked Grey Brushed...,£17,,,home-garden
Morrisons Chopping Board 37cm x 24cm,Morrisons Chopping Board 37cm x 24cm,£3,,,home-garden
Morrisons Clear Milk Bottle Shape Water Bottle With Lid,Morrisons Clear Milk Bottle Sha...,£3.50,,,home-garden
Morrisons Clear Reusable Plastic Bowl 8Pk,Morrisons Clear Reusable Plastic Bowl 8Pk,£2,,,home-garden
Morrisons Clear Reusable Plastic Plate 23Cm 8Pk,Morrisons Clear Reusable Plastic Plate 23Cm 8Pk,£3,,,home-garden
Morrisons Cloud Cushion,Morrisons Cloud Cushion,£9,,,home-garden
Morrisons Coastal Tealights 24Pk,Morrisons Coastal Tealights 24Pk24 per pack,£3,12.5p each,,home-garden
Morrisons Cocktail Sticks,Morrisons Cocktail Sticks150 per pack,30p,0.2p each,,home-garden
Morrisons Coffee Capsule Holder,Morrisons Coffee Capsule Holder,£5.50,,,home-garden
Morrisons Coffee Grinder,Morrisons Coffee Grinder,£15,,,home-garden
Morrisons Coffee on the go,Morrisons Coffee on the go,£12,,,home-garden
Morrisons Cookerhood Bulb E14 470 Lumens 4W ,Morrisons Cookerhood Bulb E14 470 Lumens 4W 2 per pack,£4,£2.00 each,,home-garden
Morrisons Cool Flame Line Lights,Morrisons Cool Flame Line Lights10 per pack,£10,£1.00 each,,home-garden
Morrisons Cool Flame Solar Stick Light,Morrisons Cool Flame Solar Stick Light,£4.50,,Buy 2 for £8,home-garden
Morrisons Copper Embossed Stainless Steel Travel Mug 400Ml,Morrisons Copper Embossed Stainle...,£4,,,home-garden
Morrisons Cotton Face Cloth,Morrisons Cotton Face Cloth,£1.49,,,home-garden
Morrisons Countryside Animal Coasters,Morrisons Countryside Animal Coasters4 per pack,£2,50p each,,home-garden
Morrisons Countryside Animal Mugs 4 Pack,Morrisons Countryside Animal Mugs 4 Pack4 per pack,£8,£2.00 each,,home-garden
Morrisons Countryside Hare Large Tray,Morrisons Countryside Hare Large Tray,£5,,,home-garden
Morrisons Cream Napkins,Morrisons Cream Napkins50 per pack,£1.75,3.5p each,,home-garden
Morrisons Cream Tablecover,Morrisons Cream Tablecover,£3,,,home-garden
Morrison Screenwash Concentrate,Morrison Screenwash Concentrate2.5L,£3.75,£1.50 per litre,,home-garden
Morrison Screenwash Concentrate,Morrison Screenwash Concentrate1L,£1.70,£1.70 per litre,,home-garden
Morrisons Debossed Faux Plant Ornament,Morrisons Debossed Faux Plant Ornament,£8,,,home-garden
Morrisons Decorative Word Calm,Morrisons Decorative Word Calm,£5,,,home-garden
Morrisons Delicates Wash Bag,Morrisons Delicates Wash Bag2 per pack,£2,£1.00 each,,home-garden
Morrisons Denim Blue 100% Cotton Double Fitted Sheet,Morrisons Denim Blue 100% Cot...,£10,,,home-garden
Morrisons Denim Blue 100% Cotton Housewife Pillowcase Pair,Morrisons Denim Blue 100% Cotton...,£4,,,home-garden
Morrisons Denim Blue 100% Cotton King Size Fitted Sheet,Morrisons Denim Blue 100% Cotto...,£12,,,home-garden
Morrisons Denim Blue 100% Cotton Single Fitted Sheet,Morrisons Denim Blue 100% Cot...,£8,,,home-garden
Morrisons Denim Blue Reversible Bath Mat,Morrisons Denim Blue Reversible Bath Mat,£9.25,,,home-garden
Morrisons Dinner Candles ,Morrisons Dinner Candles 10 per pack,£5,50p each,,home-garden
Morrisons Dinner Candles White 10 Pack,Morrisons Dinner Candles White 10 Pack10 per pack,£5,50p each,,home-garden
Morrisons Dinosaur Camo Reporters Style Wiro Notebook,Morrisons Dinosaur Camo Repor...,£2.50,,,home-garden
Morrisons Dinosaur Cool To Be Kind Notebook A5,Morrisons Dinosaur Cool To Be Kind Notebook A5,£3,,,home-garden
Morrisons Dinosaur Wild Notebook B6,Morrisons Dinosaur Wild Notebook B6,£4,,,home-garden
Morrisons Diplodocus Dinosaur Planter,Morrisons Diplodocus Dinosaur Planter,£4,,,home-garden
Morrisons Display Book,Morrisons Display Book,£2,,,home-garden
Morrisons Disposable Icing Bags,Morrisons Disposable Icing Bags10 per pack,£1,10p each,,home-garden
Morrisons Document Wallets,Morrisons Document Wallets4 per pack,£2,50p each,,home-garden
Morrisons Dog Coaster Set,Morrisons Dog Coaster Set4 per pack,£9.50,£2.38 each,,home-garden
Morrisons Dough Blender,Morrisons Dough Blender,£3,,,home-garden
Morrisons Dressing Pots 4Pk,Morrisons Dressing Pots 4Pk4 per pack,£1.50,37.5p each,,home-garden
Morrisons Dual Action Masher,Morrisons Dual Action Masher,£6,,,home-garden
Morrisons Duck Egg Bath Sheet,Morrisons Duck Egg Bath Sheet,£17.50,,,home-garden
Morrisons Duck Egg Bath Towel,Morrisons Duck Egg Bath Towel,£12.75,,,home-garden
Morrisons Duck In A Bath,Morrisons Duck In A Bath,£7,,,home-garden
Morrisons Dusk Till Dawn Night Light,Morrisons Dusk Till Dawn Night Light,£4.50,,,home-garden
Morrisons Easy Care Blush Reversible Duvet Single,Morrisons Easy Care Blush Reversible Duvet Single,£8,,,home-garden
Morrisons Easy Care Cotton Grey Housewife Pillow Cases 2Pk,Morrisons Easy Care Cotton Grey H...,£2,,,home-garden
Morrisons Easy Care Cotton Grey King Fitted Sheet,Morrisons Easy Care Cotton...,£7,,,home-garden
Morrisons Easy Care Cotton Grey Reversible Duvet Single,Morrisons Easy Care Cotton Grey...,£10,,,home-garden
Morrisons Easy Care Cotton Grey Single Fitted Sheet,Morrisons Easy Care Cotton Gr...,£5,,,home-garden
Morrisons Easy Care Cotton Ochre Check Duvet King,Morrisons Easy Care Cotton...,£17.50,,,home-garden
Morrisons Easy Care Cotton White Double Fitted Sheet,Morrisons Easy Care Cotton Wh...,£6,,,home-garden
Morrisons Easy Care Cotton White Housewife Pillow Cases 2Pk,Morrisons Easy Care Cotton White...,£2,,,home-garden
Morrisons Easy Care Cotton White King Fitted Sheet,Morrisons Easy Care Cotton...,£7,,,home-garden
Morrisons Easy Care Cotton White Single Fitted Sheet,Morrisons Easy Care Cotton Wh...,£5,,,home-garden
Morrisons Easy Care Dachshunds Single Duvet Set,Morrisons Easy Care Dachs...,£11,,,home-garden
Morrisons Easy Care Dinosaur Print Single Duvet Set,Morrisons Easy Care Dinosaur...,£12.75,,,home-garden
Morrisons Easy Care Grey Double Fitted Sheet,Morrisons Easy Care Grey Double Fitted Sheet,£6,,,home-garden
Morrisons Easy Care Hand Drawn Unicorn Single Duvet Set,Morrisons Easy Care Hand Drawn...,£12.75,,,home-garden
Morrisons Easy Care Ochre Checked Single Duvet Set,Morrisons Easy Care Ochre C...,£12.75,,,home-garden
Morrisons Easy Care Woodland Transport Single Duvet Set,Morrisons Easy Care Woodland Tr...,£12.75,,,home-garden
Morrisons Egg Poacher Cup,Morrisons Egg Poacher Cup,£2,,,home-garden
Morrisons Egyptian Cotton Bright Gold Bath Sheet,Morrisons Egyptian Cotton Bright Gold Bath Sheet,£14,,,home-garden
Morrisons Egyptian Cotton Bright Gold Hand Towel,Morrisons Egyptian Cotton Bright Gold Hand Towel,£6,,,home-garden
Morrisons Egyptian Cotton Peach & Amber Hand Towel,Morrisons Egyptian Cotton P...,£6,,,home-garden
Morrisons Elephant Design Soft Cover Journal A5,Morrisons Elephant Design...,£5.79,,,home-garden
Morrisons Elephant Design Wiro A4,Morrisons Elephant Design Wiro A4,£4.65,,,home-garden
Morrisons Elephant Design Wiro A5,Morrisons Elephant Design Wiro A5,£3.50,,,home-garden
Morrisons Elephant Ornament,Morrisons Elephant Ornament,£7,,,home-garden
Morrisons Emerald Velvet Button Cushion,Morrisons Emerald Velvet Button Cushion,£10,,,home-garden
Morrisons Enoteca Large Wine Glass 4 Pack,Morrisons Enoteca Large Wine Glass 4 Pack4 per pack,£6,£1.50 each,,home-garden
Morrisons Eraser,Morrisons Eraser,50p,,,home-garden
Morrisons Extra Long Life Alkaline Batteries AA,Morrisons Extra Long Life Alkaline Batteries AA4 per pack,£3,75p each,,home-garden
Morrisons Extra Long Life Alkaline Batteries AAA,Morrisons Extra Long Life Alkaline Batteries AAA4 per pack,£3,75p each,,home-garden
Morrisons Extra Long Life Alkaline Batteries C,Morrisons Extra Long Life Alkaline Batteries C2 per pack,£3,£1.50 each,,home-garden
Morrisons Extra Long Life Alkaline Battery 9V,Morrisons Extra Long Life Alkaline Battery 9V,£3,,,home-garden
Morrisons Extra Long Life Alkaline Battery D,Morrisons Extra Long Life Alkaline Battery D2 per pack,£3,£1.50 each,,home-garden
Morrisons Faux Fur King Size Duvet Set,Morrisons Faux Fur King Size Duvet Set,£34.50,,,home-garden
Morrisons Felt Tote With Handle,Morrisons Felt Tote With Handle,£5,,,home-garden
Morrisons Filter Coffee Maker 1.5L,Morrisons Filter Coffee Maker 1.5L,£20,,,home-garden
Morrisons Fine Liner Pens,Morrisons Fine Liner Pens,£2.50,,,home-garden
Morrisons Firefly String Lights 100pk,Morrisons Firefly String Lights 100pk,£6.50,,Buy 2 for £10,home-garden
Morrisons Flourish Pot Pourri Jar,Morrisons Flourish Pot Pourri Jar,£4,,,home-garden
Morrisons Foam Kneeler Pad,Morrisons Foam Kneeler Pad,£8,,,home-garden
Morrisons Foil Tray Bakes 4 Pack,Morrisons Foil Tray Bakes 4 Pack4 per pack,£2,50p each,,home-garden
Morrisons Foldable Splatter Guard,Morrisons Foldable Splatter Guard,£3.50,,,home-garden
Morrisons Folk Floral Bottle 550Ml,Morrisons Folk Floral Bottle 550Ml,£5.50,,,home-garden
Morrisons Food Piping & Decorating Bag,Morrisons Food Piping & Decorating Bag,£6,,,home-garden
Morrisons Food Processor 1000W,Morrisons Food Processor 1000W,£39,,"Offer price £39, was £46",home-garden
Morrisons Food Storer,Morrisons Food Storer4 per pack,£3,75p each,,home-garden
Morrisons Forever Full Pillow Pair,Morrisons Forever Full Pillow Pair,£12,,,home-garden
Morrisons Forged 16cm Saucepan,Morrisons Forged 16cm Saucepan,£14,,,home-garden
Morrisons Forged 18Cm Saucepan,Morrisons Forged 18Cm Saucepan,£16,,,home-garden
Morrisons Forged 20Cm Saucepan,Morrisons Forged 20Cm Saucepan,£18,,,home-garden
Morrisons Forged 24Cm Frying Pan,Morrisons Forged 24Cm Frying Pan,£14,,,home-garden
Morrisons Forged 26Cm Grill Pan,Morrisons Forged 26Cm Grill Pan,£18,,,home-garden
Morrisons Forged 26Cm Saute Pan,Morrisons Forged 26Cm Saute Pan,£22,,,home-garden
Morrisons Forged 28Cm Frying Pan,Morrisons Forged 28Cm Frying Pan,£16,,,home-garden
Morrisons Forged Handled Sharpener,Morrisons Forged Handled Sharpener,£5,,,home-garden
Morrisons Forged Stock Pot 24Cm,Morrisons Forged Stock Pot 24Cm,£24,,,home-garden
Morrisons Fridge Bulb Ses ,Morrisons Fridge Bulb Ses 2 per pack,£4,£2.00 each,,home-garden
Morrisons Garden Hand Fork,Morrisons Garden Hand Fork,£3,,,home-garden
Morrisons Garden Twine 100 Metre,Morrisons Garden Twine 100 Metre,£1.25,,,home-garden
Morrisons Geo Hi Ball Glass 4Pk,Morrisons Geo Hi Ball Glass 4Pk,£4,,,home-garden
Morrisons Giant Yorkshire Pudding Tin,Morrisons Giant Yorkshire Pudding Tin,£1.50,,,home-garden
Morrisons Gin Balloon Glasses 2 Pack,Morrisons Gin Balloon Glasses 2 Pack2 per pack,£4,£2.00 each,,home-garden
Morrisons Giraffe Plant,Morrisons Giraffe Plant,£10,,,home-garden
Morrisons Glam Word Object,Morrisons Glam Word Object,£10,,,home-garden
Morrisons Glass Digital Scale,Morrisons Glass Digital Scale,£12,,,home-garden
Morrisons Glass Maxi 2 In 1 Tealight Holder,Morrisons Glass Maxi 2 In 1 Tealight Holder,£2,,,home-garden
Morrisons Glass Teapot With Tea Infuser,Morrisons Glass Teapot With Tea Infuser,£10,,,home-garden
Morrisons Glass Waxfill Berries,Morrisons Glass Waxfill Berries,£2.50,,,home-garden
Morrisons Glitter Gel Pens,Morrisons Glitter Gel Pens6 per pack,£1.50,25p each,,home-garden
Morrisons Glow In The Dark Star Cushion,Morrisons Glow In The Dark Star Cushion,£6,,,home-garden
Morrisons Glow In The Dark Throw,Morrisons Glow In The Dark Throw,£9,,,home-garden
Morrisons Gold Double Wall Vacuum Bottle 500Ml,Morrisons Gold Double Wall Vacuum Bottle 500Ml,£6.50,,,home-garden
Morrisons Gold Fan Stacking Mugs 4Pk,Morrisons Gold Fan Stacking Mugs 4Pk,£12.50,,,home-garden
Morrisons Graphite Reversible Bath Mat,Morrisons Graphite Reversible Bath Mat,£8,,,home-garden
Morrisons Grass In White Whale Ceramic Pot,Morrisons Grass In White Whale Ceramic Pot,£9,,,home-garden
Morrisons Grey 100% Cotton Super King Fitted Sheet,Morrisons Grey 100% Cotton...,£14,,,home-garden
Morrisons Grey Ceramic Floral Oil Burner,Morrisons Grey Ceramic Floral Oil Burner,£5,,,home-garden
Morrisons Grey Chevron Tea Towel,Morrisons Grey Chevron Tea Towel3 per pack,£4,£1.33 each,,home-garden
Morrisons Grey Faux Leather Coasters,Morrisons Grey Faux Leather Coasters4 per pack,£3,75p each,,home-garden
Morrisons Grey Felt Mats 4 Pack,Morrisons Grey Felt Mats 4 Pack4 per pack,£5,£1.25 each,,home-garden
Morrisons Grey Frosted Glass Candle 10cm X 10cm,Morrisons Grey Frosted Gl...,£6,,,home-garden
Morrisons Grey Jacquard Satin Stripe Double Duvet Set,Morrisons Grey Jacquard Satin...,£26,,,home-garden
Morrisons Grey Jacquard Satin Stripe King Duvet Set,Morrisons Grey Jacquard Satin...,£29,,,home-garden
Morrisons Grey Marl Supersoft Cushion,Morrisons Grey Marl Supersoft Cushion,£6,,,home-garden
Morrisons Grey Mug Tree,Morrisons Grey Mug Tree,£7,,,home-garden
Morrisons Grey Oxford 100% Cotton Pillowcase Pair,Morrisons Grey Oxford 100%...,£4.50,,,home-garden
Morrisons Grey Pebble Tablemats,Morrisons Grey Pebble Tablemats4 per pack,£8,£2.00 each,,home-garden
Morrisons Grey Pedal Bin,Morrisons Grey Pedal Bin,£7,,,home-garden
Morrisons Grey Ribbed Double Toothbrush Holder,Morrisons Grey Ribbed Double Toothbrush Holder,£8,,,home-garden
Morrisons Grey Roll Holder,Morrisons Grey Roll Holder,£6,,,home-garden
Morrisons Grey Seersucker Duvet Set King,Morrisons Grey Seersucker Duvet Set King,£25,,,home-garden
Morrisons Grey Silicone Double Oven Glove,Morrisons Grey Silicone Double Oven Glove,£10,,,home-garden
Morrisons Grey Square Biscuit Canister,Morrisons Grey Square Biscuit Canister,£5,,,home-garden
Morrisons Grey Square Bread Bin,Morrisons Grey Square Bread Bin,£15,,,home-garden
Morrisons Grey Square Coffee Canister,Morrisons Grey Square Coffee Canister,£4,,,home-garden
Morrisons Grey Square Sugar Canister,Morrisons Grey Square Sugar Canister,£4,,,home-garden
Morrisons Grey Square Tea Canister,Morrisons Grey Square Tea Canister,£4,,,home-garden
Morrisons Grey Stacking Storage Set 3Pk,Morrisons Grey Stacking Storage Set 3Pk,£12,,,home-garden
Morrisons Grey Striped Supersoft Bath Mat,Morrisons Grey Striped Supersoft Bath Mat,£8,,,home-garden
Morrisons Grey Striped Supersoft Bath Sheet,Morrisons Grey Striped Supersoft Bath Sheet,£12,,,home-garden
Morrisons Grey Striped Supersoft Bath Towel,Morrisons Grey Striped Supersoft Bath Towel,£8,,,home-garden
Morrisons Grey Striped Supersoft Face Cloth,Morrisons Grey Striped Supersoft Face Cloth,£1.50,,,home-garden
Morrisons Grey Striped Supersoft Hand Towel,Morrisons Grey Striped Supersoft Hand Towel,£5,,,home-garden
Morrisons Grey Terry Tea Towels 3 Pack,Morrisons Grey Terry Tea Towels 3 Pack3 per pack,£6,£2.00 each,,home-garden
Morrisons Grey Textured Circles Bath Towel,Morrisons Grey Textured Circles Bath Towel,£10,,,home-garden
Morrisons Grey Textured Circles Hand Towel,Morrisons Grey Textured Circles Hand Towel,£6,,,home-garden
Morrisons Grey Water Tracker Bottle 700Ml,Morrisons Grey Water Tracker Bottle 700Ml,£4,,,home-garden
Morrisons Half Pint Recyclable Plastic Tumbler 15Pk,Morrisons Half Pint Recyclabl...,£2.35,,,home-garden
Morrisons Hand Trowel,Morrisons Hand Trowel,£3,,,home-garden
Morrisons Hearts Cork Back Coasters 4Pk,Morrisons Hearts Cork Back Coasters 4Pk,60p,,,home-garden
Morrisons Hi-Balls ,Morrisons Hi-Balls 4 per pack,£5,£1.25 each,,home-garden
Morrisons Hole Punch,Morrisons Hole Punch,£2.25,,,home-garden
Morrisons Home Black Yoga Tracker Bottle,Morrisons Home Black Yoga Tracker Bottle,£4.50,,,home-garden
Morrisons Home Blue Vacuum Bottle,Morrisons Home Blue Vacuum Bottle,£5.50,,,home-garden
Morrisons Home Collapsible Colander,Morrisons Home Collapsible Colander,£3,,,home-garden
Morrisons Home Coral Pink Vacuum Bottle,Morrisons Home Coral Pink Vacuum Bottle,£5.50,,,home-garden
Morrisons Home Jumbo Water Bottle 1.89L,Morrisons Home Jumbo Water Bottle 1.89L,£5.50,,,home-garden
Morrisons Home Milk Frother,Morrisons Home Milk Frother,£23,,,home-garden
Morrisons Home Salad Server,Morrisons Home Salad Server,£2,,,home-garden
Morrisons Home Silicone Straws With Cleaning Brush,Morrisons Home Silicone Str...6 per pack,£4,66.7p each,,home-garden
Morrisons Home Smart Anti Bacterial Rectangular Food Storer 1300ml,Morrisons Home Smart Anti Bacterial Rec...,£4,,,home-garden
Morrisons Home Smart Anti Bacterial Rectangular Food Storer 760ml,Morrisons Home Smart Anti Bacterial R...,£3,,,home-garden
Morrisons Home Smart Anti Bacterial Round Food Storer 700ml,Morrisons Home Smart Anti Bacteri...,£3,,,home-garden
Morrisons Home Smart Anti Bacterial Square Food Storer,Morrisons Home Smart Anti Bacte...,£3,,,home-garden
Morrisons Ice Cube Tray,Morrisons Ice Cube Tray,£2,,,home-garden
Morrisons Ice Lolly Moulds,Morrisons Ice Lolly Moulds4 per pack,£2.50,62.5p each,,home-garden
Morrisons Icing Bag With Nozzles,Morrisons Icing Bag With Nozzles,£3,,,home-garden
Morrisons Icing Spatulas 3 Pack,Morrisons Icing Spatulas 3 Pack,£2,,,home-garden
Morrisons Indigo Bath Sheet,Morrisons Indigo Bath Sheet,£14,,,home-garden
Morrisons Inflatable Pillow,Morrisons Inflatable Pillow,£3,,,home-garden
Morrisons Inflatable Sun Lounger,Morrisons Inflatable Sun Lounger,£23,,,home-garden
Morrisons Iron & Ironing Board Over The Door Storer,Morrisons Iron & Ironing Boar...,£4,,,home-garden
Morrisons Ironing Board Cover Universal Fit,Morrisons Ironing Board Cover Universal Fit,£5,,,home-garden
Morrisons Jar Candle Linen,Morrisons Jar Candle Linen,£2,,,home-garden
Morrisons Jar Candle Vanilla,Morrisons Jar Candle Vanilla,£4,,,home-garden
Morrisons Jar Opener,Morrisons Jar Opener,£2.50,,,home-garden
Morrisons Jasmine Oil ,Morrisons Jasmine Oil ,£1,,,home-garden
Morrisons Keep Out Dino About Plaque,Morrisons Keep Out Dino About Plaque,£2,,,home-garden
Morrisons Ladle,Morrisons Ladle,£1.50,,,home-garden
Morrisons Large Cookie Tray 40cm,Morrisons Large Cookie Tray 40cm,£3.50,,,home-garden
Morrisons Large Glazed Rabbit,Morrisons Large Glazed Rabbit,£6,,,home-garden
Morrisons Large Hangable Organiser Basket,Morrisons Large Hangable Organiser Basket,£3,,,home-garden
Morrisons LED 470 Lumens 5.4W Bc Candle Light Bulb ,Morrisons LED 470 Lumens 5.4W...,£2,,,home-garden
Morrisons LED A60 Fireglow Light Bulb,Morrisons LED A60 Fireglow Light Bulb,£4,,,home-garden
Morrisons Led Bright White Solar Chain Lights,Morrisons Led Bright White Solar Chain Lights,£12,,,home-garden
Morrisons LED Candle 26W 260 Lumens 2.3W Bc Light Bulb,Morrisons LED Candle 26W 260 Lu...,£3,,,home-garden
Morrisons LED Candle 26W 260 Lumens 2.3W Es Light Bulb ,Morrisons LED Candle 26W 260 Lu...,£3,,,home-garden
Morrisons LED Candle 470 Lumens Es 4.2W Dimmable Light Bulb,Morrisons LED Candle 470 Lumens E...,£3,,,home-garden
Morrisons LED Candle 470 Lumens Ses 4.2W Dimmable 2700K Light Bulb ,Morrisons LED Candle 470 Lu...,£3,,,home-garden
Morrisons LED Filament 470 Lumens Es 4.5W Candle Light Bulb ,Morrisons LED Filament 470 Lumens E...,£5,,,home-garden
Morrisons LED Filament Candle 250 Lumens Bc 2W Light Bulb,Morrisons LED Filament Candle 250...,£5,,,home-garden
Morrisons LED Filament Candle 250 Lumens Es 2w 1pk Light Bulb ,Morrisons LED Filament Candle 250 L...,£6,,,home-garden
Morrisons LED Filament Candle 250 Lumens Sbc 2W Light Bulb  ,Morrisons LED Filament Candle 250 L...,£5,,,home-garden
Morrisons LED Filament Candle 250 Lumens Ses 2W Light Bulb ,Morrisons LED Filament Candle 250...,£5,,,home-garden
Morrisons LED Filament Candle 470 Lumens Es 4W Dimmable Light Bulb ,Morrisons LED Filament Candle 470 Lumen...,£5,,,home-garden
Morrisons LED Filament Candle 470 Lumens Sbc 4W Dimmable Light Bulb,Morrisons LED Filament Candle 470 Lumen...,£5,,,home-garden
Morrisons LED Filament Gls 1521 Lumens Bc 11W Dimmable Light Bulb,Morrisons LED Filament Gls 1521 Lumen...,£8,,,home-garden
Morrisons LED Filament Gls 1521 Lumens Es 11W Dimmable Light bulb,Morrisons LED Filament Gls 1521 Lumen...,£5,,,home-garden
Morrisons LED Filament GLS 1521 Lumens Es 12W Light Bulb,Morrisons LED Filament GLS 1521...,£5,,,home-garden
Morrisons LED Filament Mini Globe 250 Lumens Sbc 4.5W Light Bulb,Morrisons LED Filament Mini Globe 250...,£5,,,home-garden
Morrisons Led Filament Spiral G95 240 Lumens Es 4W,Morrisons Led Filament Spir...,£7,,,home-garden
Morrisons LED G9 2.2W 25W 250 Lumens Light Bulb ,Morrisons LED G9 2.2W 25W 2...2 per pack,£5,£2.50 each,,home-garden
Morrisons LED Gls A60 1521 Lumens 13W Es Dimmable Light Bulb,Morrisons LED Gls A60 1521 Lumens 1...,£3,,,home-garden
Morrisons LED Gls A60 1521 Lumens Bc 13W Dimmable Light Bulb,Morrisons LED Gls A60 1521 Lumens B...,£3,,,home-garden
Morrisons LED Gls A60 40W 470Lm 4.2W Es Light Bulb,Morrisons LED Gls A60 40W 4...,£3,,,home-garden
Morrisons LED Gls A60 40W 470 Lumens 4.2W Bc Light Bulb ,Morrisons LED Gls A60 40W 470 L...,£3,,,home-garden
Morrisons LED Gls A60 806 Lumens 7.3W Bc 2700K Dimmable Light Bulb ,Morrisons LED Gls A60 806 L...,£3,,,home-garden
Morrisons LED Gls A60 806 Lumens 7.3W Es 2700K Dimmable Light Bulb,Morrisons LED Gls A60 806 L...,£3,,,home-garden
Morrisons LED GLS Filament 470 Lumens 4W Bc Light bulb,Morrisons LED GLS Filament 470...,£5,,,home-garden
Morrisons LED GLS Filament 470 Lumens 4W Es Light Bulb ,Morrisons LED GLS Filament 470...,£5,,,home-garden
Morrisons LED GLS Filament 810 Lumens 6.5W Es Light Bulb ,Morrisons LED GLS Filament 810 Lu...,£5,,,home-garden
Morrisons LED Gu10 3.4W Daylight 6500K Light Bulbs,Morrisons LED Gu10 3.4W Day...3 per pack,£8,£2.67 each,,home-garden
Morrisons LED Gu10 3.4W Warm White 2700K Light bulbs ,Morrisons LED Gu10 3.4W Warm...3 per pack,£8,£2.67 each,,home-garden
Morrisons LED Gu10 Warm White 2700K 3.4W Light Bulb,Morrisons LED Gu10 Warm White...,£3,,,home-garden
Morrisons LED Mini Globe 250 Lumens Bc 2W Light Bulb ,Morrisons LED Mini Globe 250...,£5,,,home-garden
Morrisons LED Mini Globe 250 Lumens Ses 2W Light Bulb ,Morrisons LED Mini Globe 250 Lu...,£5,,,home-garden
Morrisons LED Mini Globe 470 Lumens 4W Bc Dimmable Light Bulb ,Morrisons LED Mini Globe 470 Lumens...,£5,,,home-garden
Morrisons LED Mini Globe 470 Lumens 5W Ses Dimmable Light Bulb,Morrisons LED Mini Globe 470 Lumens...,£5,,,home-garden
Morrisons LED Mini Globe 470 Lumens Es 4W Dimmable Light Bulb,Morrisons LED Mini Globe 470 Lumens...,£5,,,home-garden
Morrisons LED Mini Globe 470 Lumens P45 4.2W B22 Bayonet Light Bulb ,Morrisons LED Mini Globe 470 Lumens P45...,£3,,,home-garden
Morrisons LED Mini Globe 470 Lumens Sbc 4W Dimmable Light Bulb,Morrisons LED Mini Globe 470 Lumens...,£5,,,home-garden
Morrisons Led Mini Globe 470 Lumens Ses 4W Dimmable Light Bulb,Morrisons Led Mini Globe 470 Lumens...,£5,,,home-garden
Morrisons Led Mini Globe P45 26W 260 Lumens 2.3W Bc ,Morrisons Led Mini Globe P45...,£3,,,home-garden
Morrisons LED Mini Globe P45 26W 260 Lumens 2.3W Es Light Bulb,Morrisons LED Mini Globe P45 26W 26...,£3,,,home-garden
Morrisons LED Mini Globe P45 26W 260 Lumens 2.3W Ses Light Bulb  ,Morrisons LED Mini Globe P45 26W 260...,£3,,,home-garden
Morrisons LED Mr16 Gu5.3 345 Lumens 35W Light Bulb,Morrisons LED Mr16 Gu5.3 34...,£3,,,home-garden
Morrisons LED R50 39W 450 Lumens 4W Ses Light bulb,Morrisons LED R50 39W 450 L...,£3,,,home-garden
Morrisons Led R63 5.4W (48W 600Lm) Es Light Bulb ,Morrisons Led R63 5.4W (48W...,£3,,,home-garden
Morrisons LED R80 60W 806 Lumens 7.3W Es Light bulb,Morrisons LED R80 60W 806 Lum...,£3,,,home-garden
Morrisons LED St64 Filament 560 Lumens 5W Gold Bc Light Bulb,Morrisons LED St64 Filament 560 Lum...,£6,,,home-garden
Morrisons LED ST64 Filament 560 Lumens 5W Gold Es Light Bulb,Morrisons LED ST64 Filament 560 Lum...,£6,,,home-garden
Morrisons Led Warm White Solar Chain Lights,Morrisons Led Warm White Solar Chain Lights,£12,,,home-garden
Morrisons Light Bulb Solar Light,Morrisons Light Bulb Solar Light,£2.50,,,home-garden
Morrisons Lint Roller Refill,Morrisons Lint Roller Refill3 per pack,£1.50,50p each,,home-garden
Morrisons Lithium Batteries Cr2032,Morrisons Lithium Batteries Cr20324 per pack,£2.50,62.5p each,,home-garden
Morrisons Loaf Tin 2lb,Morrisons Loaf Tin 2lb,£2,,,home-garden
Morrisons Magnolia & Velvet Peony Reed Diffuser,Morrisons Magnolia & Velv...150ml,£8,53.3p per 10ml,,home-garden
Morrisons Magnolia & Velvet Peony Waxfill Candle,Morrisons Magnolia & Velvet...,£6,,,home-garden
Morrisons Marble Coasters 4Pk,Morrisons Marble Coasters 4Pk,£3,,,home-garden
Morrisons Masher,Morrisons Masher,£1.50,,,home-garden
Morrisons Matt Black Double Wall Travel Mug,Morrisons Matt Black Double Wall Travel Mug,£6,,,home-garden
Morrisons Matt Black Double Wall Vacuum Bottle 500Ml,Morrisons Matt Black Double W...,£6,,,home-garden
Morrisons Maxi Tealights,Morrisons Maxi Tealights12 per pack,£3.25,27.1p each,,home-garden
Morrisons Measuring Cups,Morrisons Measuring Cups4 per pack,£6.50,£1.63 each,,home-garden
Morrisons Meat Baster With Brush,Morrisons Meat Baster With Brush,£4,,,home-garden
Morrisons Meat Thermometer,Morrisons Meat Thermometer,£4,,,home-garden
Morrisons Mechanical Scales,Morrisons Mechanical Scales,£5,,,home-garden
Morrisons Medium Trays & Lids 4 Pack,Morrisons Medium Trays & Lids 4 Pack4 per pack,£2.70,67.5p each,"Offer price £2.70, was £3",home-garden
Morrisons Mermaid A5 Wiro Notebook,Morrisons Mermaid A5 Wiro Notebook,£3,,,home-garden
Morrisons Mermaid Stationery Pouch,Morrisons Mermaid Stationery Pouch,£5,,,home-garden
Morrisons Metallic Blue Double Wall Vacuum Bottle 500Ml,Morrisons Metallic Blue Double...,£6,,,home-garden
Morrisons Metallic Blue Food Flask 600Ml,Morrisons Metallic Blue Food Flask 600Ml,£8,,,home-garden
Morrisons Metal Skewers 6 Pack,Morrisons Metal Skewers 6 Pack,£2,,,home-garden
Morrisons Mini Baking Set,Morrisons Mini Baking Set,£6,,,home-garden
Morrisons Mini Chopper,Morrisons Mini Chopper,£14,,,home-garden
Morrisons Mini Round Sandwich Tin 11Cm,Morrisons Mini Round Sandwich Tin 11Cm2 per pack,£2,£1.00 each,,home-garden
Morrisons Mini Round Tartlet Tin 10Cm,Morrisons Mini Round Tartlet Tin 10Cm2 per pack,£2.50,£1.25 each,,home-garden
Morrisons Mini Stainless Steel Grater,Morrisons Mini Stainless Steel Grater,£2,,,home-garden
Morrisons Mixing Bowl with Non Slip Base ,Morrisons Mixing Bowl with Non Slip Base ,£3.50,,,home-garden
Morrisons Mixing Bowl with Non Slip Base 2 Litres,Morrisons Mixing Bowl with...,£2,,,home-garden
Morrisons Monte Carlo Flute 4 Pack,Morrisons Monte Carlo Flute 4 Pack,£6,,,home-garden
Morrisons Monte Carlo Wine Glass 4 Pack,Morrisons Monte Carlo Wine Glass 4 Pack4 per pack,£6,£1.50 each,,home-garden
Morrisons Mosaic Glass Worktop Server,Morrisons Mosaic Glass Worktop Server,£5,,,home-garden
Morrisons Mosaic Solar Lights,Morrisons Mosaic Solar Lights4 per pack,£10,£2.50 each,,home-garden
Morrisons Natural Chevron Tea Towel,Morrisons Natural Chevron Tea Towel3 per pack,£4,£1.33 each,,home-garden
Morrisons Navy 100% Cotton Double Fitted Sheet,Morrisons Navy 100% Cotto...,£10,,,home-garden
Morrisons Navy 100% Cotton Housewife Pillowcase Pair,Morrisons Navy 100% Cotton Ho...,£4,,,home-garden
Morrisons Navy 100% Cotton King Size Fitted Sheet,Morrisons Navy 100% Cotton...,£12,,,home-garden
Morrisons Navy 100% Cotton Single Fitted Sheet,Morrisons Navy 100% Cotton Single Fitted Sheet,£8,,,home-garden
Morrisons Nestable Food Storers,Morrisons Nestable Food Storers5 per pack,£3.50,70p each,,home-garden
Morrisons Non-Slip Tray,Morrisons Non-Slip Tray,£4,,,home-garden
Morrisons Non Slip Anti Bacterial Chopping Board 38cm x 25cm,Morrisons Non Slip Anti Bacterial C...,£6,,,home-garden
Morrisons Non Stick Saute Pan With Lid,Morrisons Non Stick Saute Pan With Lid,£12,,,home-garden
Morrisons Notebook Navy B5,Morrisons Notebook Navy B5,£3.99,,,home-garden
Morrisons Ochre Reversible Duvet Set King,Morrisons Ochre Reversible Duvet Set King,£14,,,home-garden
Morrisons Ochre Supersoft Bath Mat,Morrisons Ochre Supersoft Bath Mat,£6,,,home-garden
Morrisons Ochre Supersoft Bath Sheet,Morrisons Ochre Supersoft Bath Sheet,£10,,,home-garden
Morrisons Ochre Supersoft Bath Towel,Morrisons Ochre Supersoft Bath Towel,£7,,,home-garden
Morrisons Ochre Supersoft Face Cloth,Morrisons Ochre Supersoft Face Cloth,£1,,,home-garden
Morrisons Ochre Supersoft Hand Towel,Morrisons Ochre Supersoft Hand Towel,£4,,,home-garden
Morrisons Ollie Owl Ornament,Morrisons Ollie Owl Ornament,£5,,,home-garden
Morrisons Ombre Matt A Line Bottle 480Ml,Morrisons Ombre Matt A Line Bottle 480Ml,£5.50,,,home-garden
Morrisons Orthopaedic Support Pillow,Morrisons Orthopaedic Support Pillow,£8,,,home-garden
Morrisons Oval Silver Foil Tray ,Morrisons Oval Silver Foil Tray 3 per pack,£1.75,58.3p each,,home-garden
Morrisons Oven Thermometer,Morrisons Oven Thermometer,£2.50,,,home-garden
Morrisons Owl Oil Ceramic Burner,Morrisons Owl Oil Ceramic Burner,£7,,,home-garden
Morrisons Paint Brush Set,Morrisons Paint Brush Set,£2,,,home-garden
Morrisons Paint Your Own Magnets,Morrisons Paint Your Own Magnets,£2.35,,,home-garden
Morrisons Paisley Print 100% Cotton King Duvet Set,Morrisons Paisley Print 100...,£22,,,home-garden
Morrisons Paisley Sculptured Face Cloth,Morrisons Paisley Sculptured Face Cloth,£2.35,,,home-garden
Morrisons Paisley Sculptured Hand Towel,Morrisons Paisley Sculptured Hand Towel,£8,,,home-garden
Morrisons Paper Straws Striped 100Pk,Morrisons Paper Straws Striped 100Pk100 per pack,£3,3p each,,home-garden
Morrisons Pastry Brush,Morrisons Pastry Brush,£1,,,home-garden
Morrisons Peeler,Morrisons Peeler,£1,,,home-garden
Morrisons Peg Bag,Morrisons Peg Bag,£2.50,,,home-garden
Morrisons Peg Basket & 40 Pegs,Morrisons Peg Basket & 40 Pegs,£2,,,home-garden
Morrisons Pegs 30Pk,Morrisons Pegs 30Pk30 per pack,£2,6.7p each,,home-garden
Morrisons Pencil Sharpener,Morrisons Pencil Sharpener,50p,,,home-garden
Morrisons Permanent Marker ,Morrisons Permanent Marker 2 per pack,£2,£1.00 each,,home-garden
Morrisons Pets Ipad Case,Morrisons Pets Ipad Case,£3,,,home-garden
Morrisons Pineapple Bottle Opener,Morrisons Pineapple Bottle Opener,£2,,,home-garden
Morrisons Pineapple Cup With Straw,Morrisons Pineapple Cup With Straw,£3,,,home-garden
Morrisons Pineapple Ice Cooler Cubes,Morrisons Pineapple Ice Cooler Cubes,£1.25,,,home-garden
Morrisons Pink / Purple / Green Snack Boxes,Morrisons Pink / Purple / Green Snack Boxes3 per pack,£3.50,£1.17 each,,home-garden
Morrisons Pink / Purple / Green Sports Bottles,Morrisons Pink / Purple / Green Sports Bottles3 per pack,£5,£1.67 each,,home-garden
Morrisons Pink Ceramic Soap Dispenser,Morrisons Pink Ceramic Soap Dispenser,£6,,,home-garden
Morrisons Pink Star Gel Waxfill,Morrisons Pink Star Gel Waxfill,£3,,,home-garden
Morrisons Pink Toiletbrush,Morrisons Pink Toiletbrush,£10,,,home-garden
Morrisons Pint Recyclable Plastic Tumbler 15Pk,Morrisons Pint Recyclable Plastic Tumbler 15Pk,£3,,,home-garden
Morrisons Piping Bag & Nozzle Set 14 piece,Morrisons Piping Bag & Nozzle Set 14 piece,£3.50,,,home-garden
Morrisons Plant Labels,Morrisons Plant Labels20 per pack,£2.25,11.3p each,,home-garden
Morrisons Plastic Can Opener,Morrisons Plastic Can Opener,£2.50,,,home-garden
Morrisons Plastic Cutters With Container,Morrisons Plastic Cutters With Container,£3.50,,,home-garden
Morrisons Plastic Egg Slicer,Morrisons Plastic Egg Slicer,£2,,,home-garden
Morrisons Plastic Measuring Jug,Morrisons Plastic Measuring Jug,£1,,,home-garden
Morrisons Platinum Washing Up Bowl,Morrisons Platinum Washing Up Bowl,£2.50,,,home-garden
Morrisons Pull String Food Chopper,Morrisons Pull String Food Chopper,£9,,,home-garden
Morrisons Punch Pockets,Morrisons Punch Pockets50 per pack,£1.50,3p each,,home-garden
Morrisons Queen Bee Bottle 1L,Morrisons Queen Bee Bottle 1L,£4,,,home-garden
Morrisons Rechargeable AAA Batteries 900mAh,Morrisons Rechargeable AAA Batteries 900mAh,£8,,,home-garden
Morrisons Rechargeable Batteries AA,Morrisons Rechargeable Batteries AA4 x 1 per pack,£8,£2.00 each,,home-garden
Morrisons Red Pillar Candle (70 X 200Mm),Morrisons Red Pillar Candle (70 X 200Mm),£3.50,,,home-garden
Morrisons Reed Diffuser Vanilla,Morrisons Reed Diffuser Vanilla100ml,£4,40p per 10ml,,home-garden
Morrisons Relax Frosted Glass Candle Tin,Morrisons Relax Frosted Glass Candle Tin,£5.75,,,home-garden
Morrisons Reusable Plastic Cutlery Set 18Pk,Morrisons Reusable Plastic Cutlery Set 18Pk,£1.25,,,home-garden
Morrisons Reusable Plastic Dessert Spoon 25Pk,Morrisons Reusable Plasti...,£1.25,,,home-garden
Morrisons Reusable Plastic Fork 25Pk,Morrisons Reusable Plastic Fork 25Pk,£1.25,,,home-garden
Morrisons Reusable Plastic Knives 25 Pack,Morrisons Reusable Plastic Knives 25 Pack,£1.25,,,home-garden
Morrisons Rolling Pin 40cm,Morrisons Rolling Pin 40cm,£3,,,home-garden
Morrisons Rosewood & Spice Pillar Candle,Morrisons Rosewood & Spice Pillar Candle,£6,,,home-garden
Morrisons Rotary Grater,Morrisons Rotary Grater,£6,,,home-garden
Morrisons Round Loose Base Cake Tin 20cm,Morrisons Round Loose Base Cake Tin 20cm,£3.50,,,home-garden
Morrisons Round Loose Base Cake Tin 23cm,Morrisons Round Loose Base Cake Tin 23cm,£4.50,,,home-garden
Morrisons Round Sandwich Tin 20cm,Morrisons Round Sandwich Tin 20cm,£2,,,home-garden
Morrisons Round Sandwich Tin 23cm,Morrisons Round Sandwich Tin 23cm,£2.50,,,home-garden
Morrisons Round Silver Lotion Dispenser,Morrisons Round Silver Lotion Dispenser,£5,,,home-garden
Morrisons Salad Spinner,Morrisons Salad Spinner,£8,,,home-garden
Morrisons Salmon Pink Velvet Cushion,Morrisons Salmon Pink Velvet Cushion,£8,,,home-garden
Morrisons Savers 1 Ply White Napkins 100 Pack,Morrisons Savers 1 Ply White Napkins 100 Pack,99p,,,home-garden
Morrisons Savers White Paper Bowl,Morrisons Savers White Paper Bowl25 per pack,99p,4p each,,home-garden
Morrisons Savers White Sieve,Morrisons Savers White Sieve,99p,,,home-garden
Morrisons Scented Pillar Candle Berries,Morrisons Scented Pillar Candle Berries,£3,,,home-garden
Morrisons Scented Pillar Candle Cinnamon Spice,Morrisons Scented Pillar Candle Cinnamon Spice,£3,,,home-garden
Morrisons Scented Pillar Candle Jasmine,Morrisons Scented Pillar Candle Jasmine,£3,,,home-garden
Morrisons Scented Pillar Candle Vanilla,Morrisons Scented Pillar Candle Vanilla,£3,,,home-garden
Morrisons Screenwash,Morrisons Screenwash5L,£4.49,89.8p per litre,,home-garden
Morrisons Screw Top Beaker 350ml,Morrisons Screw Top Beaker 350ml,£1,,,home-garden
Morrisons SES 15w Fridge Light Bulb ,Morrisons SES 15w Fridge Light Bulb 2 x 1 per pack,£3,£1.50 each,,home-garden
Morrisons Set Of 3 Chopping Boards,Morrisons Set Of 3 Chopping Boards,£10,,,home-garden
Morrisons Set Of 4 Nested Containers 250ml,Morrisons Set Of 4 Nested Containers 250ml,£1.75,,,home-garden
Morrisons Set Of 4 Nested Containers 500ml,Morrisons Set Of 4 Nested Containers 500ml,£2.50,,,home-garden
Morrisons Shaver Adaptor,Morrisons Shaver Adaptor,£2,,,home-garden
Morrisons Shower Cap,Morrisons Shower Cap,£1.20,,"Offer price £1.20, was £1.50",home-garden
Morrisons Siena Black 2 Slice Toaster,Morrisons Siena Black 2 Slice Toaster,£23,,,home-garden
Morrisons Siena Black Kettle 1.7 Litre,Morrisons Siena Black Kettle 1.7 Litre,£23,,,home-garden
Morrisons Siena Dove Grey  2 Slice Toaster,Morrisons Siena Dove Grey  2 Slice Toaster,£23,,,home-garden
Morrisons SienaDove Grey Kettle,Morrisons SienaDove Grey Kettle,£23,,,home-garden
Morrisons Siena Wine Kettle,Morrisons Siena Wine Kettle,£20,,,home-garden
Morrisons Silicone Bun Moulds 12Pk,Morrisons Silicone Bun Moulds 12Pk,£3,,,home-garden
Morrisons Silicone Ice Tray,Morrisons Silicone Ice Tray,£3.50,,,home-garden
Morrisons Silicone Mittens 2Pk,Morrisons Silicone Mittens 2Pk,£4,,,home-garden
Morrisons Silicone Muffin Moulds 6Pk,Morrisons Silicone Muffin Moulds 6Pk,£4,,,home-garden
Morrisons Silver Embossed Stainless Steel Travel Mug 400Ml,Morrisons Silver Embossed Stainle...,£6,,,home-garden
Morrisons Silver Grey Reversible Bath Mat,Morrisons Silver Grey Reversible Bath Mat,£8,,,home-garden
Morrisons Silver Pedal Bin,Morrisons Silver Pedal Bin,£7,,,home-garden
Morrisons Silver Plastic Hangers 5Pk,Morrisons Silver Plastic Hangers 5Pk5 per pack,£1.50,30p each,,home-garden
Morrisons Skandia 4 Hole Yorkshire Pudding Tray,Morrisons Skandia 4 Hole Yorkshire Pudding Tray,£1.75,,,home-garden
Morrisons Skandia Deep Oven Tray 30Cm,Morrisons Skandia Deep Oven Tray 30Cm,£1.75,,,home-garden
Morrisons Skandia Oven Tray 36Cm,Morrisons Skandia Oven Tray 36Cm,£1.50,,,home-garden
Morrisons Skandia Roasting Tin 26Cm,Morrisons Skandia Roasting Tin 26Cm,£1.50,,,home-garden
Morrisons Skandia Roasting Tin 39Cm,Morrisons Skandia Roasting Tin 39Cm,£2.25,,,home-garden
Morrisons Skandia Round Pizza Tray 12 Inch,Morrisons Skandia Round Pizza Tray 12 Inch,£2,,,home-garden
Morrisons Sleep Screw Lid Frosted Glass Candle ,Morrisons Sleep Screw Lid Frosted Glass Candle ,£5.75,,,home-garden
Morrisons Slotted Spoon,Morrisons Slotted Spoon,£1.50,,,home-garden
Morrisons Slow Cooker Aluminium Pot,Morrisons Slow Cooker Aluminium Pot,£20,,,home-garden
Morrisons Small Glass Clip Top Jar,Morrisons Small Glass Clip Top Jar,£2,,,home-garden
Morrisons Small Hangable Organiser Basket,Morrisons Small Hangable Organiser Basket,£2,,,home-garden
Morrisons Small Roasting Trays 2 Pack,Morrisons Small Roasting Trays 2 Pack2 per pack,£2.75,£1.38 each,,home-garden
Morrisons Small Trays & Lids 14 Pack,Morrisons Small Trays & Lids 14 Pack14 per pack,£3,21.4p each,,home-garden
Morrisons Small White Oval Pie Dish 17 Cm,Morrisons Small White Oval Pie Dish 17 Cm,£2,,,home-garden
Morrisons Soft Grip Cheese Plane,Morrisons Soft Grip Cheese Plane,£2.50,,,home-garden
Morrisons Soft Grip Corkscrew,Morrisons Soft Grip Corkscrew,£3,,,home-garden
Morrisons Soft Grip Extra Wide Nylon Slotted Spoon,Morrisons Soft Grip Extra Wide Nylon Slotted Spoon,£4,,,home-garden
Morrisons Soft Grip Handled Nylon Cooking Tongs,Morrisons Soft Grip Handl...,£2.50,,,home-garden
Morrisons Soft Grip Handled Stainless Steel Can Opener,Morrisons Soft Grip Handled Sta...,£4.50,,,home-garden
Morrisons Soft Grip Handled Stainless Steel Garlic Press,Morrisons Soft Grip Handled Sta...,£4.50,,,home-garden
Morrisons Soft Grip Handled Stainless Steel Peeler,Morrisons Soft Grip Handled...,£2,,,home-garden
Morrisons Soft Grip Handled Stainless Steel Peeler,Morrisons Soft Grip Handled...,£2.50,,,home-garden
Morrisons Soft Grip Handled Stainless Steel Pizza Cutter,Morrisons Soft Grip Handled Sta...,£2.50,,,home-garden
Morrisons Soft Grip Handled Stainless Steel Scoop,Morrisons Soft Grip Handled...,£2.50,,,home-garden
Morrisons Soft Grip Nylon Fish Turner,Morrisons Soft Grip Nylon Fish Turner,£4,,,home-garden
Morrisons Soft Grip Nylon Ladle With Pouring Lips And Measurements,Morrisons Soft Grip Nylon Ladle With Po...,£4,,,home-garden
Morrisons Soft Grip Nylon Slotted Spoon,Morrisons Soft Grip Nylon Slotted Spoon,£4,,,home-garden
Morrisons Soft Grip Nylon Solid Spoon With Measurements,Morrisons Soft Grip Nylon Solid...,£4,,,home-garden
Morrisons Soft Grip Nylon Spaghetti Spoon With Portion Measurements,Morrisons Soft Grip Nylon Spaghetti Spo...,£4,,,home-garden
Morrisons Soft Grip Nylon Tongs,Morrisons Soft Grip Nylon Tongs,£2,,,home-garden
Morrisons Soft Grip Nylon Turner With Serrated Edge,Morrisons Soft Grip Nylon Turner With Serrated Edge,£4,,,home-garden
Morrisons Soft Grip Pegs ,Morrisons Soft Grip Pegs 24 per pack,£2.50,10.4p each,,home-garden
Morrisons Soft Grip Potato Masher,Morrisons Soft Grip Potato Masher,£4,,,home-garden
Morrisons Soft Grip Stainless Steel Corkscrew,Morrisons Soft Grip Stainless Steel Corkscrew,£5.50,,,home-garden
Morrisons Soft Grip Washing Up Bowl With Plug,Morrisons Soft Grip Washi...,£3,,,home-garden
Morrisons Soft Touch Kitchen Timer,Morrisons Soft Touch Kitchen Timer,£3.50,,,home-garden
Morrisons Solar Metal Boho Lantern,Morrisons Solar Metal Boho Lantern,£9,,,home-garden
Morrisons Solar Pir Sentinel Wall Light,Morrisons Solar Pir Sentinel Wall Light,£6.50,,Buy 2 for £10,home-garden
Morrisons Solar Rock Spotlight,Morrisons Solar Rock Spotlight,£3.50,,Buy 2 for £6,home-garden
Morrisons Solar Spiral Lights ,Morrisons Solar Spiral Lights 4 per pack,£10,£2.50 each,,home-garden
Morrisons Solar Spot Light,Morrisons Solar Spot Light,£3.50,,Buy 2 for £6,home-garden
Morrisons Solid Spoon,Morrisons Solid Spoon,£1.50,,,home-garden
Morrisons Space Design 3D Reporters Notebook A6,Morrisons Space Design 3D...,£2.99,,,home-garden
Morrisons Space Design Pencil Case,Morrisons Space Design Pencil Case,£3.50,,,home-garden
Morrisons Space Design Stationery Pouch,Morrisons Space Design Stationery Pouch,£5.79,,,home-garden
Morrisons Space Design Wiro A5,Morrisons Space Design Wiro A5,£3.50,,,home-garden
Morrisons Spice Rack,Morrisons Spice Rack,£4,,,home-garden
Morrisons Sports Blender With Bottles,Morrisons Sports Blender With Bottles,£22,,,home-garden
Morrisons Springform Tin 23cm,Morrisons Springform Tin 23cm,£5,,,home-garden
Morrisons Square Brownie Tray,Morrisons Square Brownie Tray,£2.50,,,home-garden
Morrisons Square Plastic Colander,Morrisons Square Plastic Colander,£2,,,home-garden
Morrisons Square Side Plates 10 Pack,Morrisons Square Side Plates 10 Pack,£1.75,,,home-garden
Morrisons Stainelss Steel Desk Mug,Morrisons Stainelss Steel Desk Mug,£5.50,,,home-garden
Morrisons Stainless Steel 3 Cup Cafetiere,Morrisons Stainless Steel 3 Cup Cafetiere,£8,,,home-garden
Morrisons Stainless Steel 8 Cup Cafetiere,Morrisons Stainless Steel 8 Cup Cafetiere,£12.50,,,home-garden
Morrisons Stainless Steel Apple Corer & Wedger,Morrisons Stainless Steel Apple Corer & Wedger,£2,,,home-garden
 Morrisons Stainless Steel Balloon Whisk, Morrisons Stainless Steel Balloon Whisk,£2.50,,,home-garden
Morrisons Stainless Steel Bbq Spatula,Morrisons Stainless Steel Bbq Spatula,£3,,,home-garden
Morrisons Stainless Steel Bollard Light,Morrisons Stainless Steel Bollard Light,£3.50,,Buy 2 for £6,home-garden
Morrisons Stainless Steel Colander,Morrisons Stainless Steel Colander,£4,,,home-garden
Morrisons Stainless Steel Cutlery Holder,Morrisons Stainless Steel Cutlery Holder,£3,,,home-garden
Morrisons Stainless Steel Desk Mug With Handle,Morrisons Stainless Steel Desk Mug With Handle,£3.50,,,home-garden
Morrisons Stainless Steel Double Wall Vacuum Flask And Cup,Morrisons Stainless Steel Double...,£7,,,home-garden
Morrisons Stainless Steel Flour Duster,Morrisons Stainless Steel Flour Duster,£3,,,home-garden
Morrisons Stainless Steel Gingerbread Cutters,Morrisons Stainless Steel Gingerbread Cutters3 per pack,£2,66.7p each,,home-garden
Morrisons Stainless Steel Ice Tongs,Morrisons Stainless Steel Ice Tongs,£1.50,,,home-garden
Morrisons Stainless Steel Jug Naples Kettle,Morrisons Stainless Steel Jug Naples Kettle,£18,,,home-garden
Morrisons Stainless Steel Lotion Dispenser,Morrisons Stainless Steel Lotion Dispenser,£7,,,home-garden
Morrisons Stainless Steel Milk Jug,Morrisons Stainless Steel Milk Jug,£4,,,home-garden
Morrisons Stainless Steel Mini Whisk,Morrisons Stainless Steel Mini Whisk,£1.50,,,home-garden
Morrisons Stainless Steel Reversible Round Cutters,Morrisons Stainless Steel Reversible Round Cutters3 per pack,£2,66.7p each,,home-garden
Morrisons Stainless Steel Round Tea Infuser,Morrisons Stainless Steel Round Tea Infuser,£2,,,home-garden
Morrisons Stainless Steel Sieve 14.5Cm,Morrisons Stainless Steel Sieve 14.5Cm,£3,,,home-garden
Morrisons Stainless Steel Sieve 20Cm,Morrisons Stainless Steel Sieve 20Cm,£4,,,home-garden
Morrisons Stainless Steel Stick Light,Morrisons Stainless Steel Stick Light,£3.50,,Buy 2 for £6,home-garden
Morrisons Stainless Steel Straws With Cleaning Brush,Morrisons Stainless Steel Str...4 per pack,£3,75p each,,home-garden
Morrisons Stainless Steel Tea Infuser With Multifunction Lid,Morrisons Stainless Steel Tea Infus...,£3.50,,,home-garden
Morrisons Stainless Steel Toilet Brush,Morrisons Stainless Steel Toilet Brush,£4,,,home-garden
Morrisons Stainless Steel Tongs,Morrisons Stainless Steel Tongs,£2,,,home-garden
Morrisons Stainless Steel Tumbler,Morrisons Stainless Steel Tumbler,£4.65,,,home-garden
Morrisons Stainless Steel Vacuum Flask,Morrisons Stainless Steel Vacuum Flask,£8,,,home-garden
Morrisons Stainless Steel Wine Pourers ,Morrisons Stainless Steel Wine Pourers 2 per pack,£3,£1.50 each,,home-garden
Morrisons Stapler,Morrisons Stapler,£2,,,home-garden
Morrisons Stationery Set,Morrisons Stationery Set,£2.35,,,home-garden
Morrisons Steamer Tray,Morrisons Steamer Tray,£4,,,home-garden
Morrisons Steam Iron 2200W,Morrisons Steam Iron 2200W,£16,,,home-garden
Morrisons Steel Digital Timer,Morrisons Steel Digital Timer,£4.50,,,home-garden
Morrisons Step Stool,Morrisons Step Stool,£5,,,home-garden
Morrisons Sticky Labels,Morrisons Sticky Labels250 per pack,£1.75,0.7p each,,home-garden
Morrisons Stone Lotion Dispenser,Morrisons Stone Lotion Dispenser,£5,,,home-garden
Morrisons Subject Dividers,Morrisons Subject Dividers10 per pack,£1,10p each,,home-garden
Morrisons Supersoft Blue Bath Mat,Morrisons Supersoft Blue Bath Mat,£6,,,home-garden
Morrisons Supersoft Blue Bath Sheet,Morrisons Supersoft Blue Bath Sheet,£10,,,home-garden
Morrisons Supersoft Blue Bath Towel,Morrisons Supersoft Blue Bath Towel,£7,,,home-garden
Morrisons Supersoft Blue Face Cloth,Morrisons Supersoft Blue Face Cloth,£1,,,home-garden
Morrisons Supersoft Blue Hand Towel,Morrisons Supersoft Blue Hand Towel,£4,,,home-garden
Morrisons Supersoft Blue Stripe Bath Mat,Morrisons Supersoft Blue Stripe Bath Mat,£8,,,home-garden
Morrisons Supersoft Charcoal Hand Towel,Morrisons Supersoft Charcoal Hand Towel,£4.65,,,home-garden
Morrisons Supersoft Natural Bath Mat,Morrisons Supersoft Natural Bath Mat,£6,,,home-garden
Morrisons Supersoft Natural Bath Sheet,Morrisons Supersoft Natural Bath Sheet,£10,,,home-garden
Morrisons Supersoft Natural Bath Towel,Morrisons Supersoft Natural Bath Towel,£7,,,home-garden
Morrisons Supersoft Natural Face Cloth,Morrisons Supersoft Natural Face Cloth,£1,,,home-garden
Morrisons Supersoft Natural Hand Towel,Morrisons Supersoft Natural Hand Towel,£4,,,home-garden
Morrisons Supersoft Pearl Grey Bath Mat ,Morrisons Supersoft Pearl Grey Bath Mat ,£6,,,home-garden
Morrisons Supersoft Pink Bath Mat,Morrisons Supersoft Pink Bath Mat,£6,,,home-garden
Morrisons Supersoft Pink Bath Sheet,Morrisons Supersoft Pink Bath Sheet,£10,,,home-garden
Morrisons Supersoft Pink Bath Towel,Morrisons Supersoft Pink Bath Towel,£7,,,home-garden
Morrisons Supersoft Pink Face Cloth,Morrisons Supersoft Pink Face Cloth,£1,,,home-garden
Morrisons Supersoft Pink Hand Towel,Morrisons Supersoft Pink Hand Towel,£4,,,home-garden
Morrisons Super Soft Teal Bath Mat ,Morrisons Super Soft Teal Bath Mat ,£6,,,home-garden
Morrisons Supersoft White Bath Mat,Morrisons Supersoft White Bath Mat,£6,,,home-garden
Morrisons Supersoft White Bath Sheet,Morrisons Supersoft White Bath Sheet,£10,,,home-garden
Morrisons Supersoft White Bath Towel,Morrisons Supersoft White Bath Towel,£7,,,home-garden
Morrisons Supersoft White Face Cloths,Morrisons Supersoft White Face Cloths2 per pack,£1.75,87.5p each,,home-garden
Morrisons Supersoft White Hand Towel,Morrisons Supersoft White Hand Towel,£4,,,home-garden
Morrisons Sweetcorn Holders 4Pk,Morrisons Sweetcorn Holders 4Pk,£2,,,home-garden
Morrisons Taupe Oil Burner,Morrisons Taupe Oil Burner,£5,,,home-garden
Morrisons Tealights Berries 24Pk,Morrisons Tealights Berries 24Pk,£3,,,home-garden
Morrisons Tea Strainer,Morrisons Tea Strainer,£2,,,home-garden
Morrisons Terracotta Candle,Morrisons Terracotta Candle,£5,,,home-garden
Morrisons Terrazzo Ceramic Double Toothbrush Holder,Morrisons Terrazzo Ceramic Do...,£8,,,home-garden
Morrisons Terrazzo Ceramic Lotion Dispenser,Morrisons Terrazzo Ceramic Lotion Dispenser,£6,,,home-garden
Morrisons Terrazzo Rainbow Faux Plant,Morrisons Terrazzo Rainbow Faux Plant,£8,,,home-garden
Morrisons Tile Print Bath Towel,Morrisons Tile Print Bath Towel,£12.75,,,home-garden
Morrisons Tomato / Vegetable Holder,Morrisons Tomato / Vegetable Holder,£3,,,home-garden
Morrisons Too Glam Wall Plaque,Morrisons Too Glam Wall Plaque,£5,,,home-garden
Morrisons Toothbrush Holder,Morrisons Toothbrush Holder,£1.30,,,home-garden
Morrisons Tranquil A4 Wiro Floral Notebook,Morrisons Tranquil A4 Wiro Floral Notebook,£4,,,home-garden
Morrisons Tranquil A4 Wiro Leopard Notebook,Morrisons Tranquil A4 Wiro Leopard Notebook,£4,,,home-garden
Morrisons Tranquil A5 Leopard Planner,Morrisons Tranquil A5 Leopard Planner,£3,,,home-garden
Morrisons Travel Adaptor With Us Pin & Usb Connector,Morrisons Travel Adaptor With...,£8,,,home-garden
Morrisons Travel Adaptor With Us Pin 10 Amp,Morrisons Travel Adaptor With Us Pin 10 Amp,£2.30,,,home-garden
Morrisons Tumblers 4Pk,Morrisons Tumblers 4Pk4 per pack,£3,75p each,,home-garden
Morrisons Turin Black Kettle,Morrisons Turin Black Kettle,£16,,,home-garden
Morrisons Turin Blender With Beaker,Morrisons Turin Blender With Beaker,£12,,,home-garden
Morrisons Turin Kettle,Morrisons Turin Kettle,£16,,,home-garden
Morrisons Turner,Morrisons Turner,£1.50,,,home-garden
Morrisons Ultrasoft 10.5 Tog Duvet Double,Morrisons Ultrasoft 10.5 Tog Duvet Double,£15,,,home-garden
Morrisons Ultrasoft 10.5 Tog Duvet King,Morrisons Ultrasoft 10.5 Tog Duvet King,£17,,,home-garden
Morrisons Ultrasoft 10.5 Tog Duvet Single,Morrisons Ultrasoft 10.5 Tog Duvet Single,£12,,,home-garden
Morrisons Ultrasoft Waterproof Mattress Protector Double,Morrisons Ultrasoft Waterproof...,£10,,,home-garden
Morrisons Ultrasoft Waterproof Mattress Protector Single,Morrisons Ultrasoft Waterproof...,£8,,,home-garden
Morrisons Ultrasoft Waterproof Pillow Protector Pair,Morrisons Ultrasoft Waterproo...,£6,,,home-garden
Morrisons Unicorn Light,Morrisons Unicorn Light,£8,,,home-garden
Morrisons Unwind Screw Lid Frosted Glass Candle ,Morrisons Unwind Screw Lid Frosted Glass Candle ,£5.75,,,home-garden
Morrisons Utensil Holder & Drainer,Morrisons Utensil Holder & Drainer,£2,,,home-garden
Morrisons Vanilla Glass Candle,Morrisons Vanilla Glass Candle,£2.50,,,home-garden
Morrisons Vanilla Tealights 24Pk,Morrisons Vanilla Tealights 24Pk24 per pack,£3,12.5p each,,home-garden
Morrisons Velvet Cushion Ochre & Grey 40Cm X 40Cm,Morrisons Velvet Cushion Oc...,£12.75,,,home-garden
Morrisons Verona Temperature Control Graphite Kettle,Morrisons Verona Temperature...,£35,,,home-garden
"Morrisons Wall, Fence & Post Light 4Pk","Morrisons Wall, Fence & Post Light 4Pk",£9,,,home-garden
Morrisons Waxfill Lime In Clear Glass 2Pk,Morrisons Waxfill Lime In Clear Glass 2Pk,£8,,,home-garden
Morrisons Wax Melt Berries,Morrisons Wax Melt Berries,£1.50,,,home-garden
Morrisons Wax Melts Jasmine,Morrisons Wax Melts Jasmine,£1.50,,,home-garden
Morrisons Wax Melts Vanilla,Morrisons Wax Melts Vanilla,£1.50,,,home-garden
Morrisons White 100% Cotton Super King Fitted Sheet,Morrisons White 100% Cotton S...,£14,,,home-garden
Morrisons Whiteboard Markers,Morrisons Whiteboard Markers4 per pack,£1.50,37.5p each,,home-garden
Morrisons White Ceramic & Wood Soap Dispenser,Morrisons White Ceramic & Wood Soap Dispenser,£6,,,home-garden
Morrisons White Ceramic Heart Oil Burner,Morrisons White Ceramic Heart Oil Burner,£5,,,home-garden
Morrisons White Ceramic Oval Roaster 25Cm,Morrisons White Ceramic Oval Roaster 25Cm,£3.50,,,home-garden
Morrisons White Ceramic Ramekin 9Cm,Morrisons White Ceramic Ramekin 9Cm,£1,,,home-garden
Morrisons White Ceramic Rectangular Roaster 25Cm,Morrisons White Ceramic Rec...,£4,,,home-garden
Morrisons White Ceramic Rectangular Roaster 31 Cm,Morrisons White Ceramic Rec...,£4.50,,,home-garden
Morrisons White Ceramic Square Roaster 24 Cm,Morrisons White Ceramic Square Roaster 24 Cm,£4.50,,,home-garden
Morrisons White Embossed Geo Vase,Morrisons White Embossed Geo Vase,£6,,,home-garden
Morrisons White Marble Vacuum Bottle 500Ml,Morrisons White Marble Vacuum Bottle 500Ml,£7.50,,,home-garden
Morrisons White Napkins ,Morrisons White Napkins 50 per pack,£1.75,3.5p each,,home-garden
Morrisons White Pedal Bin,Morrisons White Pedal Bin,£7,,,home-garden
Morrisons White Tablecover 120cm X 180cm,Morrisons White Table...,£3,,,home-garden
Morrisons White Toilet Brush,Morrisons White Toilet Brush,£1.75,,,home-garden
Morrisons White Wooden Drinks Caddy,Morrisons White Wooden Drinks Caddy,£6,,,home-garden
Morrisons Winged Corkscrew,Morrisons Winged Corkscrew,£3,,,home-garden
Morrisons Wire Pot Pourri,Morrisons Wire Pot Pourri,£8,,,home-garden
Morrisons Wooden Coat Hangers 5Pk,Morrisons Wooden Coat Hangers 5Pk5 per pack,£4,80p each,,home-garden
Morrisons Wooden Detail Mirror,Morrisons Wooden Detail Mirror,£7,,,home-garden
Morrisons Wooden Look Vacuum Bottle 500Ml,Morrisons Wooden Look Vacuum Bottle 500Ml,£7.50,,,home-garden
Morrisons Wooden Plaque Sweet Cheeks,Morrisons Wooden Plaque Sweet Cheeks,£2,,,home-garden
Morrisons Wooden Rectangular Paddleboard,Morrisons Wooden Rectangular Paddleboard,£9.50,,,home-garden
Morrisons Wooden Round Paddle Board,Morrisons Wooden Round Paddle Board,£8,,,home-garden
Morrisons Wooden Salt & Pepper Mill Cream,Morrisons Wooden Salt & Pepper Mill Cream,£10.50,,,home-garden
Morrisons Wooden Slotted Spoon,Morrisons Wooden Slotted Spoon,£3,,,home-garden
Morrisons Wooden Slotted Turner,Morrisons Wooden Slotted Turner,£3,,,home-garden
Morrisons Wooden Turner,Morrisons Wooden Turner,£3,,,home-garden
Morrisons Woven Condiment & Cutlery Holder,Morrisons Woven Condime...,£8,,,home-garden
Morrisons Xxl Cream Pillar Candle,Morrisons Xxl Cream Pillar Candle,£6,,,home-garden
Morrison Waxfill Glass Jasmine,Morrison Waxfill Glass Jasmine,£2.50,,,home-garden
Morrisosn Indigo Reversible Bath Mat,Morrisosn Indigo Reversible Bath Mat,£8,,,home-garden
'M'Pitcher Jug ,'M'Pitcher Jug ,£6,,,home-garden
Muc - Off Urban Step 1 All - Over Bike Cleaner,Muc - Off Urban Step 1 All - Over Bike Cleaner500ml,£6,£1.20 per 100ml,,home-garden
Muc - Off Urban Step 3 Protect & Shine,Muc - Off Urban Step 3 Protect & Shine485ml,£6,£1.24 per 100ml,,home-garden
My Spa Coconut & Frangipani Flower Scented Candle,My Spa Coconut & Frangipani...,£1.70,,,home-garden
Nanology Fruit & Veg Savers,Nanology Fruit & Veg Savers3 per pack,£4,£1.33 each,,home-garden
National Trust CJ Wildlife Anna Recycled Cake Feeder for Wild Birds,National Trust CJ Wildlife Anna Recycle...,£4,£4.00 each,,home-garden
National Trust CJ Wildlife Dried Mealworms,National Trust CJ Wildlife Dried Mealworms250g,£7.50,£3.00 per 100g,,home-garden
National Trust CJ Wildlife Dublin Wild Bird Peanut Butter Feeder,National Trust CJ Wildlife Dublin Wil...,£5.95,£5.95 each,,home-garden
National Trust CJ Wildlife Duck & Swan Blend,National Trust CJ Wildlife Duck & Swan Blend1.5L,£2.85,£1.90 per litre,,home-garden
National Trust CJ Wildlife Fat Ball Feeder Ring,National Trust CJ Wildlife Fat Ball Feeder Ring,£6.99,£6.99 each,,home-garden
National Trust CJ Wildlife Fat Balls For Wild Birds 30pk,National Trust CJ Wildlife Fat...,£9,£9.00 each,,home-garden
National Trust CJ Wildlife Fat Balls For Wild Birds 6pk,National Trust CJ Wildlife Fat...,£2,£2.00 each,,home-garden
National Trust CJ Wildlife Garden Bird Table Seed,National Trust CJ Wildlife Garden Bird Table Seed12.75kg,£22.50,£1.76 per kg,,home-garden
National Trust CJ Wildlife Garden Wild Bird Feeder Seed,National Trust CJ Wildlife Gard...3L,£3.99,£1.33 per litre,,home-garden
National Trust CJ Wildlife Gourmet Robin Blend Wild Bird Food,National Trust CJ Wildlife Gourmet...1.5L,£4,£2.67 per litre,,home-garden
National Trust CJ Wildlife Insect Peanut Cake,National Trust CJ Wildlife Insect Peanut Cake,£2.50,£2.50 each,,home-garden
National Trust CJ Wildlife Oil Rich Wild Bird Peanuts,National Trust CJ Wildlife Oil Rich Wild Bird Peanuts12.75kg,£35,£2.75 per kg,,home-garden
National Trust CJ Wildlife Original Peanut Butter for Birds,National Trust CJ Wildlife Origin...,£2.85,£2.85 each,,home-garden
National Trust CJ Wildlife Sam Recycled Fat Ball Wild Bird Feeder,National Trust CJ Wildlife Sam Recycl...,£3,£3.00 each,,home-garden
National Trust CJ Wildlife Squirrel Food,National Trust CJ Wildlife Squirrel Food1.5L,£6,£4.00 per litre,,home-garden
National Trust CJ Wildlife Vierno Drinker Water Dish for Wild Birds,National Trust CJ Wildlife Vierno Drink...,£8.99,£8.99 each,,home-garden
National Trust CJ Wildlife Whole Coconut for Wild Birds,National Trust CJ Wildlife Whol...,£4,£4.00 each,,home-garden
Naturals Double-Sided Wooden Brush,Naturals Double-Sided Wooden Brush,£1.50,£1.50 each,,home-garden
Nippon Ant & Crawling Insect Killer R T U 750Ml,Nippon Ant & Crawling Insect Killer R T U 750Ml750ml,£3.50,46.7p per 100ml,,home-garden
Nippon Ant Bait Station 2Pk,Nippon Ant Bait Station 2Pk2 per pack,£2.95,£1.48 each,,home-garden
Nippon Ant Killer Powder + 33% Free,Nippon Ant Killer Powder + 33% Free399g,£2.95,£7.39 per kg,,home-garden
Nippon Fly Killer Spray 300Ml,Nippon Fly Killer Spray 300Ml300ml,£2.50,83.3p per 100ml,,home-garden
No 1 Super Valet Cleaner,No 1 Super Valet Cleaner,£8.60,£8.60 each,,home-garden
No 1 Super Wheel Cleaner,No 1 Super Wheel Cleaner,£8.85,£8.85 each,,home-garden
No More Nails 1426162,No More Nails 1426162234g,£4.50,£1.92 per 100g,,home-garden
"Nu Craze A4 Cloud Refill Pad, Black","Nu Craze A4 Cloud Refill Pad, Black",£4,£4.00 each,,home-garden
"Nu Craze A5 Cloud Notebook, Black","Nu Craze A5 Cloud Notebook, Black",£3,£3.00 each,,home-garden
"Nu Elite A4 Wiro Kraft Project Book, Manilla","Nu Elite A4 Wiro Kraft Project Book, Manilla",£6.85,£6.85 each,,home-garden
NU Elite Kraft 15 Stitched A5 Notebook,NU Elite Kraft 15 Stitched A5 Notebook,£3,£3.00 each,,home-garden
Nu Elite Kraft A4 Wiro Notebook,Nu Elite Kraft A4 Wiro Notebook,£5.99,£5.99 each,,home-garden
Nu Evolve A5 Project Book,Nu Evolve A5 Project Book,£4.40,£4.40 each,,home-garden
Nu Kraft A4 Stitched Notebooks 2PK,Nu Kraft A4 Stitched Notebooks 2PK2 per pack,£3.50,£1.75 each,,home-garden
"Nu Kraft A5 Stitched Spine, Black","Nu Kraft A5 Stitched Spine, Black",£3.15,£3.15 each,,home-garden
Nu Mail Bubble Wrap Roll,Nu Mail Bubble Wrap Roll,£1.50,,,home-garden
Nutmeg 100% Cotton Bold Stripe Duvet Set Double,Nutmeg 100% Cotton Bold Stripe Duvet Set Double,£20,,,home-garden
Nutmeg 100% Cotton Bold Stripe Duvet Set King,Nutmeg 100% Cotton Bold Stripe Duvet Set King,£23,,,home-garden
Nutmeg 100% Cotton Gingham Frill Duvet Set Double,Nutmeg 100% Cotton Gingham...11 x 1 per pack,£20,£1.82 each,,home-garden
Nutmeg 100% Cotton Gingham Frill Duvet Set King,Nutmeg 100% Cotton Gingha...,£23,,,home-garden
Nutmeg 100% Cotton Peachy Check Duvet Set Double,Nutmeg 100% Cotton Peachy C...,£20,,,home-garden
Nutmeg 100% Cotton Peachy Check Duvet Set King,Nutmeg 100% Cotton Peachy...,£23,,,home-garden
Nutmeg 100% Cotton Pot Plants Duvet Set Double,Nutmeg 100% Cotton Pot Plants Duvet Set Double,£20,,,home-garden
Nutmeg 100% Cotton Pot Plants Duvet Set King,Nutmeg 100% Cotton Pot Plants Duvet Set King,£23,,,home-garden
Nutmeg 100% Cotton Rainforest Palm Duvet Set Double,Nutmeg 100% Cotton Rainforest...,£20,,,home-garden
Nutmeg 100% Cotton Rainforest Palm Duvet Set King,Nutmeg 100% Cotton Rainfore...,£23,,,home-garden
Nutmeg 100% Cotton Sense Sister Duvet Set Double,Nutmeg 100% Cotton Sense Si...,£20,,,home-garden
Nutmeg 100% Cotton Sense Sister Duvet Set King,Nutmeg 100% Cotton Sense...,£23,,,home-garden
Nutmeg 10 Iridescent Solar String Lights,Nutmeg 10 Iridescent Solar String Lights,£12,,,home-garden
Nutmeg Adult Inflatable Chair Teal,Nutmeg Adult Inflatable Chair Teal,£17,,,home-garden
Nutmeg Adult Inflatable Sun Lounger Teal,Nutmeg Adult Inflatable Sun Lounger Teal,£23,,,home-garden
Nutmeg Animal A4 Wiro Notebook,Nutmeg Animal A4 Wiro Notebook,£4,,,home-garden
Nutmeg Animal A5 Cork Cover Notebook,Nutmeg Animal A5 Cork Cover Notebook,£3,,,home-garden
Nutmeg Animal A6 Notebook,Nutmeg Animal A6 Notebook3 per pack,£2.50,83.3p each,,home-garden
Nutmeg Animal Stationery Set,Nutmeg Animal Stationery Set,£4,,,home-garden
Nutmeg Bird Feeder,Nutmeg Bird Feeder,£3.75,,,home-garden
Nutmeg Blue Monster Pop Up Pencil Case,Nutmeg Blue Monster Pop Up Pencil Case,£3,,,home-garden
Nutmeg Brushed Check Duvet Set Double,Nutmeg Brushed Check Duvet Set Double,£19,,,home-garden
Nutmeg Calm Bowl,Nutmeg Calm Bowl,£2.50,,,home-garden
Nutmeg Calm High Ball Cup,Nutmeg Calm High Ball Cup,£2,,,home-garden
Nutmeg Calm Solar Caged Lantern,Nutmeg Calm Solar Caged Lantern,£7,,,home-garden
Nutmeg Cellular Blanket White,Nutmeg Cellular Blanket White,£9,,,home-garden
Nutmeg Ceramic Coaster Set 4 Pack,Nutmeg Ceramic Coaster Set 4 Pack4 per pack,£8,£2.00 each,,home-garden
Nutmeg Ceramic House Decoration,Nutmeg Ceramic House Decoration,£4,,,home-garden
Nutmeg College A4 Notebook,Nutmeg College A4 Notebook,£3,,,home-garden
Nutmeg Colour Your Own Puzzle With Pens,Nutmeg Colour Your Own Puzzle With Pens,£2,,Buy 3 for £4,home-garden
Nutmeg Cot Bed Mattress Protector,Nutmeg Cot Bed Mattress Protector,£9.25,,,home-garden
Nutmeg Cot Bed Patterned Duvet Set,Nutmeg Cot Bed Patterned Duvet Set,£15,,,home-garden
Nutmeg Cot Bed Pillow,Nutmeg Cot Bed Pillow,£5.25,,,home-garden
Nutmeg Cot Bed Stars Printed Duvet Set,Nutmeg Cot Bed Stars Printed Duvet Set,£15,,,home-garden
Nutmeg Crackle Globe Solar Lights,Nutmeg Crackle Globe Solar Lights4 per pack,£10,£2.50 each,,home-garden
Nutmeg Cream Bird House,Nutmeg Cream Bird House,£8.50,,,home-garden
Nutmeg Dark Grey 100% Cotton Fitted Sheet Super King ,Nutmeg Dark Grey 100% Cotton...,£14,,,home-garden
Nutmeg Desktop Planner,Nutmeg Desktop Planner,£2.50,,,home-garden
Nutmeg Easycare Bee Duvet Set Double,Nutmeg Easycare Bee Duvet Set Double,£13,,,home-garden
Nutmeg Easycare Bee Duvet Set King ,Nutmeg Easycare Bee Duvet Set King ,£15,,,home-garden
Nutmeg Easycare Bee Duvet Set Single ,Nutmeg Easycare Bee Duvet Set Single ,£11,,,home-garden
Nutmeg Easycare Check Duvet Set Double ,Nutmeg Easycare Check Duvet Set Double ,£13,,,home-garden
Nutmeg Easycare Check Duvet Set King ,Nutmeg Easycare Check Duvet Set King ,£15,,,home-garden
Nutmeg Easycare Check Duvet Set Single ,Nutmeg Easycare Check Duvet Set Single ,£11,,,home-garden
Nutmeg Easycare Garden Floral Duvet Set Double ,Nutmeg Easycare Garden Floral Duvet Set Double ,£13,,,home-garden
Nutmeg Easycare Garden Floral Duvet Set King ,Nutmeg Easycare Garden Floral Duvet Set King ,£15,,,home-garden
Nutmeg Easycare Hedgehog Duvet Set King ,Nutmeg Easycare Hedgehog Duvet Set King ,£15,,,home-garden
Nutmeg Easycare Hedgehog Duvet Set Single ,Nutmeg Easycare Hedgeho...,£11,,,home-garden
Nutmeg Easycare Mina Duvet Set Double ,Nutmeg Easycare Mina Duvet Set Double ,£13,,,home-garden
Nutmeg Easycare Mina Duvet Set King ,Nutmeg Easycare Mina Duvet Set King ,£15,,,home-garden
Nutmeg Easycare Mina Duvet Set Single ,Nutmeg Easycare Mina Duvet Set Single ,£11,,,home-garden
Nutmeg Easycare Ochre Fitted Sheet Double,Nutmeg Easycare Ochre Fitted Sheet Double,£6,,,home-garden
Nutmeg Easycare Ochre Fitted Sheet King,Nutmeg Easycare Ochre Fitted Sheet King,£7,,,home-garden
Nutmeg Easycare Ochre Fitted Sheet Single,Nutmeg Easycare Ochre Fitted Sheet Single,£5,,,home-garden
Nutmeg Easycare Ochre Standard Pillowcases,Nutmeg Easycare Ochre Standard Pillowcases2 per pack,£2,£1.00 each,,home-garden
Nutmeg Easycare Pink Fitted Sheet Double,Nutmeg Easycare Pink Fitted Sheet Double,£6,,,home-garden
Nutmeg Easycare Pink Fitted Sheet King,Nutmeg Easycare Pink Fitted Sheet King,£7,,,home-garden
Nutmeg Easycare Pink Fitted Sheet Single,Nutmeg Easycare Pink Fitted Sheet Single,£5,,,home-garden
Nutmeg Easycare Pink Standard Pillowcases,Nutmeg Easycare Pink Standard Pillowcases2 per pack,£2,£1.00 each,,home-garden
Nutmeg Easy Care Terracotta Reversible Duvet Set King,Nutmeg Easy Care Terracotta R...,£14,,,home-garden
Nutmeg Easycare Winter Tropical Duvet Set Double ,Nutmeg Easycare Winter Tropical Duvet Set Double ,£13,,,home-garden
Nutmeg Easycare Winter Tropical Duvet Set King,Nutmeg Easycare Winter Tropical Duvet Set King,£15,,,home-garden
Nutmeg Eraser Bear Gel Ink Pen,Nutmeg Eraser Bear Gel Ink Pen,£1.50,,,home-garden
Nutmeg Eraser Lemon Gel Ink Pen ,Nutmeg Eraser Lemon Gel Ink Pen ,£1.50,,,home-garden
Nutmeg Exfoliating Gloves,Nutmeg Exfoliating Gloves,£1,,,home-garden
Nutmeg Faux Rattan Solar Bollard Light,Nutmeg Faux Rattan Solar Bollard Light,£10,,,home-garden
Nutmeg Faux Rattan Solar String Lights,Nutmeg Faux Rattan Solar String Lights10g,£10,£100.00 per 100g,,home-garden
Nutmeg Festoon Lights Multicolour,Nutmeg Festoon Lights Multicolour10 per pack,£12,£1.20 each,,home-garden
Nutmeg Festoon Lights Warm White ,Nutmeg Festoon Lights Warm White 10 per pack,£12,£1.20 each,,home-garden
Nutmeg Flamingo Notebooks,Nutmeg Flamingo Notebooks3 x 1 per pack,£2.50,83.3p each,,home-garden
Nutmeg Flamingo Stationery Set,Nutmeg Flamingo Stationery Set,£4.50,,,home-garden
Nutmeg Flexible Toilet Brush,Nutmeg Flexible Toilet Brush,£3.50,,,home-garden
Nutmeg Floral A4 Wiro Notebook,Nutmeg Floral A4 Wiro Notebook,£4,,,home-garden
Nutmeg Floral A5 Notebook,Nutmeg Floral A5 Notebook,£2,,,home-garden
Nutmeg Floral A6 Notebook 3 Pack,Nutmeg Floral A6 Notebook 3 Pack3 per pack,£2.50,83.3p each,,home-garden
Nutmeg Floral Magnetic Paper Clipboard,Nutmeg Floral Magnetic Paper Clipboard,£3,,,home-garden
Nutmeg Flora Pen Set,Nutmeg Flora Pen Set3 per pack,£3,£1.00 each,,home-garden
Nutmeg Flower String Lights,Nutmeg Flower String Lights,£5,,,home-garden
Nutmeg Football A4 Notebook,Nutmeg Football A4 Notebook,£4,,,home-garden
Nutmeg Football A5 Notebook,Nutmeg Football A5 Notebook,£3,,,home-garden
Nutmeg Football Note Pad,Nutmeg Football Note Pad,£3,,,home-garden
Nutmeg Football Pencil Case,Nutmeg Football Pencil Case,£4,,,home-garden
Nutmeg Football Sketch Book,Nutmeg Football Sketch Book,£3,,,home-garden
Nutmeg Football Stationery Set,Nutmeg Football Stationery Set,£5,,,home-garden
Nutmeg Fruit A4 Wiro Notebook,Nutmeg Fruit A4 Wiro Notebook,£4,,,home-garden
Nutmeg Fruit Positivity A5 Softcover Notebook,Nutmeg Fruit Positivity A5 Softcover Notebook,£3,,,home-garden
Nutmeg Fruit Spiral Notebook,Nutmeg Fruit Spiral Notebook,£2.50,,,home-garden
Nutmeg Fruit Stationery Set,Nutmeg Fruit Stationery Set,£4,,,home-garden
Nutmeg Gaming 3 Layer Notebook,Nutmeg Gaming 3 Layer Notebook,£2.50,,,home-garden
Nutmeg Gaming A5 Notebook,Nutmeg Gaming A5 Notebook,£2.50,,,home-garden
Nutmeg Gingham A5 Casebound Notebook,Nutmeg Gingham A5 Casebound Notebook,£3,,,home-garden
Nutmeg Green Insect House,Nutmeg Green Insect House,£8.50,,,home-garden
Nutmeg Grey Marl Super Soft Throw,Nutmeg Grey Marl Super Soft Throw,£10,,,home-garden
Nutmeg Hedgehog A4 Notebook,Nutmeg Hedgehog A4 Notebook,£4,,,home-garden
Nutmeg Hedgehog Pencil Case,Nutmeg Hedgehog Pencil Case,£4,,,home-garden
Nutmeg Hedgehog Stationery Set,Nutmeg Hedgehog Stationery Set,£5,,,home-garden
Nutmeg Home 100% Cotton Fitted Sheet Pale Grey Double,Nutmeg Home 100% Cotton Fitte...,£10,,,home-garden
Nutmeg Home 100% Cotton Fitted Sheet Pale Grey King,Nutmeg Home 100% Cotton Fitte...,£12,,,home-garden
Nutmeg Home 100% Cotton Fitted Sheet Pale Grey Single,Nutmeg Home 100% Cotton Fitte...,£8,,,home-garden
Nutmeg Home 100% Cotton Housewife Pale Grey Pillow Cases 2 Pack,Nutmeg Home 100% Cotton Housewife Pal...2 per pack,£3.50,£1.75 each,,home-garden
Nutmeg Home 12 Piece Square Porcelain Dinner Set ,Nutmeg Home 12 Piece Square...,£26,,,home-garden
Nutmeg Home 1l Soft Grip Plastic Measuring Jug,Nutmeg Home 1l Soft Grip Plastic Measuring Jug,£2,,,home-garden
Nutmeg Home 2 Pack Food Scoops,Nutmeg Home 2 Pack Food Scoops,£2.50,,,home-garden
Nutmeg Home 3pc Stainless Steel Utensil Set,Nutmeg Home 3pc Stainless Steel Utensil Set,£5,,,home-garden
Nutmeg Home Adult Lunch Box & Cutlery,Nutmeg Home Adult Lunch Box & Cutlery,£4,,,home-garden
Nutmeg Home Aloe Vera In Cement Pot,Nutmeg Home Aloe Vera In Cement Pot,£10,,,home-garden
Nutmeg Home Aluminium Stock Pot,Nutmeg Home Aluminium Stock Pot32cm,£16,£50.00 per 1m,,home-garden
Nutmeg Home Anti-Allergy 4.5 Tog Duvet Double,Nutmeg Home Anti-Allergy...,£13,,,home-garden
Nutmeg Home Anti-Allergy 4.5 Tog Duvet King,Nutmeg Home Anti-Allergy 4.5 Tog Duvet King11 per pack,£15,£1.36 each,,home-garden
Nutmeg Home Anti-Allergy 4.5 Tog Duvet Single,Nutmeg Home Anti-Allergy...,£10,,,home-garden
Nutmeg Home Aqua Green 100% Cotton Double Fitted Sheet,Nutmeg Home Aqua Green 100% Cot...,£10,,,home-garden
Nutmeg Home Aqua Green 100% Cotton King Fitted Sheet,Nutmeg Home Aqua Green 100% C...,£12,,,home-garden
Nutmeg Home Aqua Green Housewife Pillowcases,Nutmeg Home Aqua Green...2 per pack,£4,£2.00 each,,home-garden
Nutmeg Home Bamboo Rabbit Shaped Tray,Nutmeg Home Bamboo Rabbit Shaped Tray,£8,,,home-garden
Nutmeg Home Bee And Daisy Fleece Throw,Nutmeg Home Bee And Daisy Fleece Throw,£7,,,home-garden
Nutmeg Home Bee Hanging Planter,Nutmeg Home Bee Hanging Planter,£6,,,home-garden
Nutmeg Home Bee Happy Faux Floral Pot Ornament,Nutmeg Home Bee Happy Faux Floral Pot Ornament,£5,,,home-garden
Nutmeg Home Bee Happy Seagrass Basket,Nutmeg Home Bee Happy Seagrass Basket,£18,,,home-garden
Nutmeg Home Bee Happy Stainless Steel Desk Mug,Nutmeg Home Bee Happy Stainless Steel Desk Mug,£6,,,home-garden
Nutmeg Home Bee Jug Vase,Nutmeg Home Bee Jug Vase,£10,,,home-garden
Nutmeg Home Bee Plaque,Nutmeg Home Bee Plaque,£3,,,home-garden
Nutmeg Home Bee Printed Fleece Throw 120 x 150cm,Nutmeg Home Bee Printed Fle...,£7,,,home-garden
Nutmeg Home Begonia In Ceramic Pot,Nutmeg Home Begonia In Ceramic Pot,£10,,,home-garden
Nutmeg Home Berries Oil ,Nutmeg Home Berries Oil ,£1,,,home-garden
Nutmeg Home Berries Reed Diffuser ,Nutmeg Home Berries Reed Diffuser 100ml,£4,£4.00 per 100ml,,home-garden
Nutmeg Home Black And Rattan Shade,Nutmeg Home Black And Rattan Shade,£12,,,home-garden
Nutmeg Home Black Edge Rattan Lamp Shade ,Nutmeg Home Black Edge Rattan Lamp Shade ,£15,,,home-garden
Nutmeg Home Black Paper Weave Shade,Nutmeg Home Black Paper Weave Shade,£12,,,home-garden
Nutmeg Home Black Peony Candle With Gold Lid,Nutmeg Home Black Peony...,£8,,,home-garden
Nutmeg Home Black Peony Gold Metallic Reed Diffuser ,Nutmeg Home Black Peony Gold...,£6,,,home-garden
Nutmeg Home Black Peony Metallic Gold Waxfill Candle,Nutmeg Home Black Peony Metal...,£6,,,home-garden
Nutmeg Home Black Peony Tin Candle,Nutmeg Home Black Peony Tin Candle1ml,£6,£600.00 per 100ml,,home-garden
Nutmeg Home Black Wire Metal Frame,Nutmeg Home Black Wire Metal Frame,£4,,,home-garden
Nutmeg Home Black Wire Table Lamp,Nutmeg Home Black Wire Table Lamp,£16,,,home-garden
Nutmeg Home Black Wire Table Lamp,Nutmeg Home Black Wire Table Lamp,£15,,,home-garden
Nutmeg Home Blue Felt Coasters,Nutmeg Home Blue Felt Coasters4 per pack,£3,75p each,,home-garden
Nutmeg Home Blue Felt Mats,Nutmeg Home Blue Felt Mats4 per pack,£6,£1.50 each,,home-garden
Nutmeg Home Blue Fleece Throw,Nutmeg Home Blue Fleece Throw,£5,,,home-garden
Nutmeg Home Blue Joyful Slogan Glass Pillar Candle,Nutmeg Home Blue Joyful Slogan Glass Pillar Candle,£8,,,home-garden
Nutmeg Home Blue Marble Napkins,Nutmeg Home Blue Marble Napkins16 per pack,£1.75,10.9p each,,home-garden
Nutmeg Home Blue Marble Plates,Nutmeg Home Blue Marble Plates8 per pack,£1.75,21.9p each,,home-garden
Nutmeg Home Blue Napkins,Nutmeg Home Blue Napkins20 per pack,£1.50,7.5p each,,home-garden
Nutmeg Home Blue Table Cover,Nutmeg Home Blue Table Cover,£3,,,home-garden
Nutmeg Home Blue Twisty Straw Tumbler,Nutmeg Home Blue Twisty Straw Tumbler,£3,,,home-garden
Nutmeg Home Botanical Butterfly Napkins,Nutmeg Home Botanical Butterfly Napkins20 per pack,£1.75,8.8p each,,home-garden
Nutmeg Home Botanical Butterfly Plates,Nutmeg Home Botanical Butterfly Plates10 per pack,£1.75,17.5p each,,home-garden
Nutmeg Home Bubble Cushion,Nutmeg Home Bubble Cushion,£8,,,home-garden
Nutmeg Home Bunny Rabbit Napkins,Nutmeg Home Bunny Rabbit Napkins20 per pack,£1.50,7.5p each,,home-garden
Nutmeg Home Ceramic Soap Dish,Nutmeg Home Ceramic Soap Dish,£4,,,home-garden
Nutmeg Home Ceramic Soap Dispenser,Nutmeg Home Ceramic Soap Dispenser,£6,,,home-garden
Nutmeg Home Charcoal Large Seersucker Duvet Set Double,Nutmeg Home Charcoal Large Seer...,£23,,,home-garden
Nutmeg Home Charcoal Large Seersucker Duvet Set King,Nutmeg Home Charcoal Large Se...,£26,,,home-garden
Nutmeg Home Check Throw With Sherpa Reverse,Nutmeg Home Check Throw...,£20,,,home-garden
Nutmeg Home Cheese Plant In Wicker Pot,Nutmeg Home Cheese Plant In Wicker Pot,£20,,,home-garden
Nutmeg Home Chopping Board Set In Stand,Nutmeg Home Chopping Board Set In Stand,£10,,,home-garden
Nutmeg Home Cinnamon Apple Essential Oil,Nutmeg Home Cinnamon Apple Essential Oil,75p,,,home-garden
Nutmeg Home Cinnamon Spice Scented Pillar Candle,Nutmeg Home Cinnamon Spice...,£3,,,home-garden
Nutmeg Home Clock,Nutmeg Home Clock,£6,,,home-garden
Nutmeg Home Considered Cement Multi Wick Candle,Nutmeg Home Considered Cement Multi Wick Candle,£8,,,home-garden
Nutmeg Home Considered Oil Burner,Nutmeg Home Considered Oil Burner,£5,,,home-garden
Nutmeg Home Considered Strap Waxfill Candle,Nutmeg Home Considered Strap Waxfill Candle,£3,,"Offer price £3, was £6",home-garden
Nutmeg Home Considered Stripe Bath Towel,Nutmeg Home Considered Stripe Bath Towel,£10,,,home-garden
Nutmeg Home Considered Stripe Face Cloth,Nutmeg Home Considered Stripe Face Cloth,75p,,"Offer price 75p, was £1.75",home-garden
Nutmeg Home Considered Stripe Hand Towel,Nutmeg Home Considered Stripe Hand Towel,£6,,,home-garden
Nutmeg Home Core Travel Mug Black,Nutmeg Home Core Travel Mug Black,£3.50,,,home-garden
Nutmeg Home Cotton Blossom Pot Pourri,Nutmeg Home Cotton Blossom Pot Pourri,£6,,,home-garden
Nutmeg Home Countryside Rabbit Large Tray,Nutmeg Home Countrysi...,£5,,,home-garden
Nutmeg Home Countryside Rabbit Small Tray,Nutmeg Home Countrysi...,£3,,,home-garden
Nutmeg Home Cranberry Orange Reed Diffuser,Nutmeg Home Cranberry Orange Reed Diffuser1ml,£4,£400.00 per 100ml,,home-garden
Nutmeg Home Cranberry Orange Scented Jar Candle ,Nutmeg Home Cranberry Orang...,£4,,,home-garden
Nutmeg Home Cranberry Orange Scented Pillar Candle,Nutmeg Home Cranberry Orang...,£3,,,home-garden
Nutmeg Home Cranberry Orange Tealights,Nutmeg Home Cranberry Orange Tealights,£3,,,home-garden
Nutmeg Home Cranberry Orange Waxfill Glass Candle ,Nutmeg Home Cranberry Orang...,£2.50,,,home-garden
Nutmeg Home Cranberry Orange Wax Melts,Nutmeg Home Cranberry Orange Wax Melts,£1,,,home-garden
Nutmeg Home Daisy Cushion,Nutmeg Home Daisy Cushion,£10,,,home-garden
Nutmeg Home Desk Mug With Handle Gunmetal ,Nutmeg Home Desk Mug With Handle Gunmetal ,£3,,,home-garden
Nutmeg Home Digital Scales,Nutmeg Home Digital Scales,£9,,,home-garden
Nutmeg Home Dinner Candle Holder,Nutmeg Home Dinner Candle Holder,£3,,,home-garden
Nutmeg Home Dinosaur Cushion,Nutmeg Home Dinosaur Cushion,£8,,,home-garden
Nutmeg Home Dog Door Stop,Nutmeg Home Dog Door Stop,£12,,,home-garden
Nutmeg Home Dog Fleece Throw,Nutmeg Home Dog Fleece Throw,£7,,,home-garden
Nutmeg Home Easy Care Bee Duvet Double,Nutmeg Home Easy Care Bee Duvet Double,£14,,,home-garden
Nutmeg Home Easy Care Bee Duvet King,Nutmeg Home Easy Care Bee Duvet King,£16,,,home-garden
Nutmeg Home Easy Care Bee Duvet Single,Nutmeg Home Easy Care Bee Duvet Single,£12,,,home-garden
Nutmeg Home Easy Care Butterfly Double Duvet Set,Nutmeg Home Easy Care Butterfly Double Duvet Set,£13,,,home-garden
Nutmeg Home Easy Care Butterfly King Duvet Set,Nutmeg Home Easy Care Butterfly King Duvet Set,£15,,,home-garden
Nutmeg Home Easy Care Danny Stripe Duvet Double,Nutmeg Home Easy Care Dan...,£16,,,home-garden
Nutmeg Home Easy Care Danny Stripe Duvet King,Nutmeg Home Easy Care Danny Stripe Duvet King,£14,,,home-garden
Nutmeg Home Easy Care Ditsy Daisy Duvet Set Double,Nutmeg Home Easy Care Ditsy...,£14,,,home-garden
Nutmeg Home Easy Care Ditsy Daisy Duvet Set King,Nutmeg Home Easy Care Ditsy Daisy Duvet Set King,£16,,,home-garden
Nutmeg Home Easy Care Ditsy Daisy Duvet Set Single,Nutmeg Home Easy Care Ditsy...,£12,,,home-garden
Nutmeg Home Easy Care Folding Dinosaurs Duvet Set Single,Nutmeg Home Easy Care Folding D...,£10,,,home-garden
Nutmeg Home Easy Care Folding Dinosaurs Fitted Sheet Single,Nutmeg Home Easy Care Folding Din...,£6,,,home-garden
Nutmeg Home Easy Care Fresh Blossom Butterfly Duvet Double,Nutmeg Home Easy Care Fresh Bloss...,£14,,,home-garden
Nutmeg Home Easy Care Fresh Blossom Butterfly Duvet Single,Nutmeg Home Easy Care Fresh Bloss...,£12,,,home-garden
Nutmeg Home Easy Care Grey Check Duvet Double,Nutmeg Home Easy Care Grey Check Duvet Double,£14,,,home-garden
Nutmeg Home Easy Care Grey Check Duvet Single,Nutmeg Home Easy Care Grey Check Duvet Single,£12,,,home-garden
Nutmeg Home Easy Care Grey Mark Making Double Duvet Set,Nutmeg Home Easy Care Grey Mark...,£13,,,home-garden
Nutmeg Home Easy Care Kingy Duvet Double,Nutmeg Home Easy Care Kingy Duvet Double,£14,,,home-garden
Nutmeg Home Easy Care Kingy Duvet King,Nutmeg Home Easy Care Kingy Duvet King,£16,,,home-garden
Nutmeg Home Easy Care Kingy Duvet Single,Nutmeg Home Easy Care Kingy Duvet Single,£12,,,home-garden
Nutmeg Home Easy Care Kipling Jungle Duvet Set Single,Nutmeg Home Easy Care Kipling...,£10,,,home-garden
Nutmeg Home Easy Care Kipling Jungle Fitted Sheet Single,Nutmeg Home Easy Care Kipling J...,£6,,,home-garden
Nutmeg Home Easy Care Leopard Duvet Double,Nutmeg Home Easy Care Leopard Duvet Double,£14,,,home-garden
Nutmeg Home Easy Care Leopard Duvet King,Nutmeg Home Easy Care Leopard Duvet King,£16,,,home-garden
Nutmeg Home Easy Care Linear Floral Double Duvet Set ,Nutmeg Home Easy Care Linear...,£13,,,home-garden
Nutmeg Home Easy Care Linear Floral King Duvet Set,Nutmeg Home Easy Care Linea...,£15,,,home-garden
Nutmeg Home Easy Care Molly Mushroom Duvet Double,Nutmeg Home Easy Care Molly...,£14,,,home-garden
Nutmeg Home Easy Care Molly Mushroom Duvet Single,Nutmeg Home Easy Care Molly...,£12,,,home-garden
Nutmeg Home Easy Care Neutral Floral Double Duvet Set,Nutmeg Home Easy Care Neutral...,£13,,,home-garden
Nutmeg Home Easy Care Over The Rainbow Duvet Set Single,Nutmeg Home Easy Care Over The...,£10,,,home-garden
Nutmeg Home Easy Care Over The Rainbow Fitted Sheet Single,Nutmeg Home Easy Care Over The Ra...,£6,,,home-garden
Nutmeg Home Easy Care Peachy Check Duvet Single,Nutmeg Home Easy Care Pea...,£12,,,home-garden
Nutmeg Home Easy Care Peachy Check Grey & Yellow Duvet Double,Nutmeg Home Easy Care Peachy Check...,£14,,,home-garden
Nutmeg Home Easy Care Peachy Check Grey & Yellow Duvet King,Nutmeg Home Easy Care Peachy Chec...,£16,,,home-garden
Nutmeg Home Easy Care Sage Reversible Duvet Set Single,Nutmeg Home Easy Care Sage Reve...,£10,,,home-garden
Nutmeg Home Easy Care Sense Daisy Duvet Double,Nutmeg Home Easy Care Sense Daisy Duvet Double,£14,,,home-garden
Nutmeg Home Easy Care Sense Daisy Duvet King,Nutmeg Home Easy Care Sense Daisy Duvet King,£16,,,home-garden
Nutmeg Home Easy Care Sense Daisy Duvet Single,Nutmeg Home Easy Care Sense Daisy Duvet Single,£12,,,home-garden
Nutmeg Home Easy Care Sense Floral Duvet Double,Nutmeg Home Easy Care Sense Floral Duvet Double,£14,,,home-garden
Nutmeg Home Easy Care Sense Floral Duvet King,Nutmeg Home Easy Care Sense Floral Duvet King,£16,,,home-garden
Nutmeg Home Easy Care Sheep Duvet Double,Nutmeg Home Easy Care Sheep Duvet Double,£14,,,home-garden
Nutmeg Home Easy Care Sheep Duvet King,Nutmeg Home Easy Care Sheep Duvet King,£16,,,home-garden
Nutmeg Home Easy Care Watercolour Stripe Double Duvet Set,Nutmeg Home Easy Care Watercolour...,£13,,,home-garden
Nutmeg Home Easy Care Watercolour Stripe King Duvet Set ,Nutmeg Home Easy Care Watercolo...,£15,,,home-garden
Nutmeg Home Elephant Ornament,Nutmeg Home Elephant Ornament,£4,,,home-garden
Nutmeg Home Embroidered Bee Cushion,Nutmeg Home Embroidered Bee Cushion,£9,,,home-garden
Nutmeg Home Embroidered Multi Bee Cushion,Nutmeg Home Embroider...,£10,,,home-garden
Nutmeg Home Enamel Baking Tray With Print,Nutmeg Home Enamel Baking Tray With Print,£9,,,home-garden
Nutmeg Home Enamel Pie Dish With Print Large,Nutmeg Home Enamel Pie Dish With Print Large,£6.50,,,home-garden
Nutmeg Home Enamel Pie Dish With Print Small,Nutmeg Home Enamel Pie Dish With Print Small,£4.50,,,home-garden
Nutmeg Home Enamel Roaster,Nutmeg Home Enamel Roaster,£12,,,home-garden
Nutmeg Home Essentials Bag Clips,Nutmeg Home Essentials Bag Clips12 per pack,£1,8.3p each,,home-garden
Nutmeg Home Essentials Black Terry Tea Towels 3 Pack,Nutmeg Home Essentials Black...3 per pack,£3,£1.00 each,,home-garden
Nutmeg Home Essentials Cutlery Set,Nutmeg Home Essentials Cutlery Set,£5,,,home-garden
Nutmeg Home Essentials Frying Pan,Nutmeg Home Essentials Frying Pan24cm,£4,£16.67 per 1m,,home-garden
Nutmeg Home Essentials Measuring Cups & Spoons,Nutmeg Home Essentials Measuring Cups & Spoons,£1,,,home-garden
Nutmeg Home Essentials Plastic Chopping Board,Nutmeg Home Essentials Plastic Chopping Board34cm,£2,£5.88 per 1m,,home-garden
Nutmeg Home Essential Stainless Steel Whisk,Nutmeg Home Essential Stainless Steel Whisk,£1.50,,,home-garden
Nutmeg Home Eucalyptus & White Lily Pot Pourri,Nutmeg Home Eucalyptus & White Lily Pot Pourri,£6,,,home-garden
Nutmeg Home Eucalyptus In Glass Vessel,Nutmeg Home Eucalyptus In Glass Vessel,£15,,,home-garden
Nutmeg Home Ewe & Me Mugs 4 Pack ,Nutmeg Home Ewe & Me Mugs 4 Pack 4 per pack,£8,£2.00 each,,home-garden
Nutmeg Home Flamingo Fleece Throw,Nutmeg Home Flamingo Fleece Throw,£7,,,home-garden
Nutmeg Home Flamingo Napkins ,Nutmeg Home Flamingo Napkins 20 per pack,£1.75,8.8p each,,home-garden
Nutmeg Home Flat Grater,Nutmeg Home Flat Grater,£1,,,home-garden
Nutmeg Home Floral Cork Back Coasters,Nutmeg Home Floral Cork Back Coasters4 per pack,£3,75p each,,home-garden
Nutmeg Home Floral Cork Back Placemats,Nutmeg Home Floral Cork Back Placemats4 per pack,£6,£1.50 each,,home-garden
Nutmeg Home Floral Print Milk Bottle,Nutmeg Home Floral Print Milk Bottle,£3.50,,,home-garden
Nutmeg Home Forged 20cm Frying,Nutmeg Home Forged 20cm Frying,£12,,,home-garden
Nutmeg Home Forged 28cm Wok,Nutmeg Home Forged 28cm Wok,£18,,,home-garden
Nutmeg Home Forged 30cm Frying Pan,Nutmeg Home Forged 30cm Frying Pan,£18,,,home-garden
Nutmeg Home Frosted Fern In Terracotta Pot Ornament,Nutmeg Home Frosted Fern In T...,£15,,,home-garden
Nutmeg Home Geo Placemat & Coaster,Nutmeg Home Geo Placemat & Coaster4 per pack,£8,£2.00 each,,home-garden
Nutmeg Home Gingham Cork Back Coasters,Nutmeg Home Gingham Cork Back Coasters4 per pack,£3,75p each,,home-garden
Nutmeg Home Gingham Cork Back Mats,Nutmeg Home Gingham Cork Back Mats4 per pack,£6,£1.50 each,,home-garden
Nutmeg Home Gingham Cushion,Nutmeg Home Gingham Cushion,£10,,,home-garden
Nutmeg Home Gingham Lap Tray,Nutmeg Home Gingham Lap Tray,£10,,,home-garden
Nutmeg Home Grape Super Soft Cushion,Nutmeg Home Grape Super Soft Cushion,£6,,,home-garden
Nutmeg Home Grape Super Soft Throw ,Nutmeg Home Grape Super Soft Throw ,£11,,,home-garden
Nutmeg Home Grass Vessel In Ceramic Pot,Nutmeg Home Grass Vessel In Ceramic Pot,£12,,,home-garden
Nutmeg Home Grater With Container,Nutmeg Home Grater With Container,£3,,,home-garden
Nutmeg Home Green Floral Napkins,Nutmeg Home Green Floral Napkins20 per pack,£1.50,7.5p each,,home-garden
Nutmeg Home Green Gingham Napkins,Nutmeg Home Green Gingham Napkins20 per pack,£1.75,8.8p each,,home-garden
Nutmeg Home Green Gingham Plates,Nutmeg Home Green Gingham Plates10 per pack,£1.75,17.5p each,,home-garden
Nutmeg Home Green Waffle Tea Towels ,Nutmeg Home Green Waffle Tea Towels 3 per pack,£1.50,50p each,,home-garden
Nutmeg Home Grey & Sparkly Rectangular Faux Leather Mats,Nutmeg Home Grey & Sparkly Rect...4 per pack,£5.50,£1.38 each,,home-garden
Nutmeg Home Grey & Sparkly Square Faux Leather Coasters,Nutmeg Home Grey & Sparkly Squa...4 per pack,£3,75p each,,home-garden
Nutmeg Home Grey Duvet King Size,Nutmeg Home Grey Duvet King Size,£16,,,home-garden
Nutmeg Home Grey Fleece Throw ,Nutmeg Home Grey Fleece Throw ,£5,,,home-garden
Nutmeg Home Grey Padded Bedspread,Nutmeg Home Grey Padded Bedspread,£25,,,home-garden
Nutmeg Home Grey Ribbed Soap Dispenser,Nutmeg Home Grey Ribbed Soap Dispenser,£6,,,home-garden
Nutmeg Home Grey Ribbed Toilet Brush,Nutmeg Home Grey Ribbed Toilet Brush,£10,,,home-garden
Nutmeg Home Grey Seersucker Double Duvet Set,Nutmeg Home Grey Seersu...,£22,,,home-garden
Nutmeg Home Grey Seersucker King Duvet Set,Nutmeg Home Grey Seersucker King Duvet Set,£25,,,home-garden
Nutmeg Home Habitation Banana Rope Diffuser,Nutmeg Home Habitation Banana Rope Diffuser,£10,,,home-garden
Nutmeg Home Habitation Banana Rope Soy Multi Wick Candle,Nutmeg Home Habitation Banana R...,£10,,,home-garden
Nutmeg Home Habitation Ceramic Candle,Nutmeg Home Habitation Ceramic Candle,£6,,,home-garden
Nutmeg Home Habitation Crackle Wick Candle,Nutmeg Home Habitation Crackle Wick Candle,£10,,,home-garden
Nutmeg Home Habitation Decal Waxfill Candle With Wooden Lid,Nutmeg Home Habitation Decal Waxf...,£8,,,home-garden
Nutmeg Home Habitation Fern Embossed Ceramic Multi Wick Candle,Nutmeg Home Habitation Fern Embosse...,£10,,,home-garden
Nutmeg Home Habitation Pink Waterlily Ceramic Multi Wick Candle,Nutmeg Home Habitation Pink Waterlily...,£6,,,home-garden
Nutmeg Home Habitation Sandalwood Square Soy Waxfill Candle,Nutmeg Home Habitation Sandalwood...,£8,,,home-garden
Nutmeg Home Habitation Textured Glass Waxfill Candle,Nutmeg Home Habitation Textur...,£5,,,home-garden
Nutmeg Home Habitation Wax Sachet,Nutmeg Home Habitation Wax Sachet,£3,,,home-garden
Nutmeg Home Happy Birthday Candles Napkins,Nutmeg Home Happy Birthday Candles Napkins20 per pack,£1.50,7.5p each,,home-garden
Nutmeg Home Happy Birthday Candles Plates,Nutmeg Home Happy Birthday Candles Plates10 per pack,£1.50,15p each,,home-garden
Nutmeg Home Happy Birthday Candles Tablecover,Nutmeg Home Happy Birthda...,£3,,,home-garden
Nutmeg Home Head Down Stripe Duckling,Nutmeg Home Head Down Stripe Duckling,£8,,,home-garden
Nutmeg Home Heart String Lights,Nutmeg Home Heart String Lights,£8,,,home-garden
Nutmeg Home Hedgehog 3pk Tea Towels,Nutmeg Home Hedgehog 3pk Tea Towels3 per pack,£6,£2.00 each,,home-garden
Nutmeg Home Hedgehog And Flower Fleece Throw,Nutmeg Home Hedgehog And Flower Fleece Throw,£7,,,home-garden
Nutmeg Home Hedgehog Design Lamp,Nutmeg Home Hedgehog Design Lamp,£20,,,home-garden
Nutmeg Home Hedgehog Door Stop,Nutmeg Home Hedgehog Door Stop,£12,,,home-garden
Nutmeg Home Hedgehog Double Oven Glove,Nutmeg Home Hedgehog Double Oven Glove,£6,,,home-garden
Nutmeg Home Hedgehog Printed Fleece Throw 120 x 150cm,Nutmeg Home Hedgehog Printed...,£7,,,home-garden
Nutmeg Home Home Sheep Home Plaque,Nutmeg Home Home Sheep Home Plaque,£3,,,home-garden
Nutmeg Home Iconic Wine Glasses 4 Pack,Nutmeg Home Iconic Wine Glasses 4 Pack,£6,,,home-garden
Nutmeg Home Jasmine Oil ,Nutmeg Home Jasmine Oil ,£1,,,home-garden
Nutmeg Home Jasmine Reed Diffuser ,Nutmeg Home Jasmine Reed Diffuser 100ml,£4,£4.00 per 100ml,,home-garden
Nutmeg Home Jasmine Scented Jar Candle,Nutmeg Home Jasmine Scented Jar Candle,£4,,,home-garden
Nutmeg Home Jasmine Tealights ,Nutmeg Home Jasmine Tealights 24 per pack,£3,12.5p each,,home-garden
Nutmeg Home Joyful Bloom Bouquet Napkins,Nutmeg Home Joyful Bloom Bouquet Napkins20 per pack,£1,5p each,,home-garden
Nutmeg Home Joyful Blooms Aop Napkins,Nutmeg Home Joyful Blooms Aop Napkins20 per pack,£1.50,7.5p each,,home-garden
Nutmeg Home Jungle Menagerie Napkins,Nutmeg Home Jungle Menagerie Napkins20 per pack,£1.75,8.8p each,,home-garden
Nutmeg Home Jungle Menagerie Plates 23Cm ,Nutmeg Home Jungle Menagerie Plates 23Cm 10 per pack,£1.75,17.5p each,,home-garden
Nutmeg Home Kids Panda Lap Tray,Nutmeg Home Kids Panda Lap Tray,£6,,,home-garden
Nutmeg Home Large Glass Clip Top Jar,Nutmeg Home Large Glass Clip Top Jar1L,£3,30p per 100ml,,home-garden
Nutmeg Home Lavender & Chamomile Pot Pourri,Nutmeg Home Lavender & Chamomile Pot Pourri,£3,,"Offer price £3, was £6",home-garden
Nutmeg Home Led Unscented Candle Tealights ,Nutmeg Home Led Unscent...6 per pack,£6,£1.00 each,,home-garden
Nutmeg Home Led Unscented Large Pillar Candle,Nutmeg Home Led Unscented...,£8,,,home-garden
Nutmeg Home Led Unscented Small Pillar Candle,Nutmeg Home Led Unscented...,£6,,,home-garden
Nutmeg Home Lemons & Strawberries Duo Napkins,Nutmeg Home Lemons & Strawberries Duo Napkins20 per pack,£1.75,8.8p each,,home-garden
Nutmeg Home Lemons Napkins,Nutmeg Home Lemons Napkins20 per pack,£1.75,8.8p each,,home-garden
Nutmeg Home Leopard Marks Napkins,Nutmeg Home Leopard Marks Napkins20 per pack,£1.75,8.8p each,,home-garden
Nutmeg Home Linen Oil ,Nutmeg Home Linen Oil ,75p,,,home-garden
Nutmeg Home Linen Reed Diffuser ,Nutmeg Home Linen Reed Diffuser 100ml,£3,£3.00 per 100ml,,home-garden
Nutmeg Home Lion Kids Lap Tray,Nutmeg Home Lion Kids Lap Tray,£6,,,home-garden
Nutmeg Home Llama Mini Succulent,Nutmeg Home Llama Mini Succulent,£7,,,home-garden
Nutmeg Home Mango Scented Pillar Candle,Nutmeg Home Mango Scented Pillar Candle,£3,,,home-garden
Nutmeg Home Mango Tealights,Nutmeg Home Mango Tealights24 per pack,£3,12.5p each,,home-garden
Nutmeg Home Mango Waxfill Glass,Nutmeg Home Mango Waxfill Glass,£2,,,home-garden
Nutmeg Home Mango Wood Cutlery Holder,Nutmeg Home Mango Wood Cutlery Holder,£12,,,home-garden
Nutmeg Home Mango Wood Large Bowl,Nutmeg Home Mango Wood Large Bowl,£25,,,home-garden
Nutmeg Home Mango Wood Printed Bowl,Nutmeg Home Mango Wood Printed Bowl,£18,,,home-garden
Nutmeg Home Manual Weighing Scales,Nutmeg Home Manual Weighing Scales,£6,,,home-garden
Nutmeg Home Marl Supersoft Throw Ochre,Nutmeg Home Marl Supersoft Throw Ochre,£10,,,home-garden
Nutmeg Home Medium Glass Clip Top Jar,Nutmeg Home Medium Glass Clip Top Jar750ml,£2.50,33.3p per 100ml,,home-garden
Nutmeg Home Metal Trivet,Nutmeg Home Metal Trivet,£3,,,home-garden
Nutmeg Home Mono Printed Tea Towels,Nutmeg Home Mono Printed Tea Towels5 per pack,£6,£1.20 each,,home-garden
Nutmeg Home Multi Sheep Cushion,Nutmeg Home Multi Sheep Cushion,£9,,,home-garden
Nutmeg Home Neon Happy Hour Napkins,Nutmeg Home Neon Happy Hour Napkins20 per pack,£1.50,7.5p each,,home-garden
Nutmeg Home Nephthytis Basket,Nutmeg Home Nephthytis Basket,£12,,,home-garden
Nutmeg Home Nesting Tongs 3 Pack,Nutmeg Home Nesting Tongs 3 Pack,£2.50,,,home-garden
Nutmeg Home Neutral Marble Napkins,Nutmeg Home Neutral Marble Napkins16 per pack,£1.75,10.9p each,,home-garden
Nutmeg Home Nylon Utensils ,Nutmeg Home Nylon Utensils 3 per pack,£2.50,83.3p each,,home-garden
Nutmeg Home Ochre 3 Tone Knit Throw ,Nutmeg Home Ochre 3 Tone Knit Throw ,£25,,,home-garden
Nutmeg Home Ochre Supersoft Cushion 40 x 40cm,Nutmeg Home Ochre Superso...,£6,,,home-garden
Nutmeg Home Oil Revive 2 Pack,Nutmeg Home Oil Revive 2 Pack,£3,,,home-garden
Nutmeg Home Oil Sleep 2 Pack,Nutmeg Home Oil Sleep 2 Pack,£3,,,home-garden
Nutmeg Home Oil Unwind 2 Pack,Nutmeg Home Oil Unwind 2 Pack,£3,,,home-garden
Nutmeg Home Orchid Faux Floral Ornament,Nutmeg Home Orchid Faux Floral Ornament,£12,,,home-garden
Nutmeg Home Owl Oil Burner,Nutmeg Home Owl Oil Burner,£5,,,home-garden
Nutmeg Home Padded Bedspread,Nutmeg Home Padded Bedspread,£25,,,home-garden
Nutmeg Home Paisley Napkins,Nutmeg Home Paisley Napkins20 per pack,£1.75,8.8p each,,home-garden
Nutmeg Home Paisley Plates,Nutmeg Home Paisley Plates10 per pack,£1.75,17.5p each,,home-garden
Nutmeg Home Palm Chilled Vibes Napkins,Nutmeg Home Palm Chilled Vibes Napkins20 per pack,£1.75,8.8p each,,home-garden
Nutmeg Home Party Pets Napkins,Nutmeg Home Party Pets Napkins20 per pack,£1.50,7.5p each,,home-garden
Nutmeg Home Party Pets Plates,Nutmeg Home Party Pets Plates10 per pack,£1.50,15p each,,home-garden
Nutmeg Home Pastel Pink Napkins,Nutmeg Home Pastel Pink Napkins20 per pack,£1.75,8.8p each,,home-garden
Nutmeg Home Pink & White Hearts Napkins,Nutmeg Home Pink & White Hearts Napkins20 per pack,£1.50,7.5p each,,home-garden
Nutmeg Home Pink Blossom Candle Jar,Nutmeg Home Pink Blossom Candle Jar,£4,,,home-garden
Nutmeg Home Pink Blossom Scented Pillar Candle,Nutmeg Home Pink Blossom...,£3,,,home-garden
Nutmeg Home Pink Blossom Tealights,Nutmeg Home Pink Blossom Tealights24 per pack,£3,12.5p each,,home-garden
Nutmeg Home Pink Blossom Waxfill Glass,Nutmeg Home Pink Blossom Waxfill Glass,£2,,,home-garden
Nutmeg Home Pink Fleece Throw,Nutmeg Home Pink Fleece Throw120 x 150m,£5,,,home-garden
Nutmeg Home Pink Joyful Slogan Glass Pillar Candle,Nutmeg Home Pink Joyful Slogan Glass Pillar Candle,£8,,,home-garden
Nutmeg Home Pink Marble Napkins,Nutmeg Home Pink Marble Napkins16 per pack,£1.75,10.9p each,,home-garden
Nutmeg Home Pink Marble Plates,Nutmeg Home Pink Marble Plates8 per pack,£1.75,21.9p each,,home-garden
Nutmeg Home Pink Twisty Straw Tumbler,Nutmeg Home Pink Twisty Straw Tumbler,£3,,,home-garden
Nutmeg Home Pizza Wheel,Nutmeg Home Pizza Wheel,£1.50,,,home-garden
Nutmeg Home Plastic Colander,Nutmeg Home Plastic Colander,£1.75,,,home-garden
Nutmeg Home Premium Large Black Dahlia & Birch Candle ,Nutmeg Home Premium Large Black...,£20,,,home-garden
Nutmeg Home Premium Large Eucalyptus & Lavender Candle ,Nutmeg Home Premium Large Eucal...,£20,,,home-garden
Nutmeg Home Premium Large Java Bean Vanilla Candle,Nutmeg Home Premium Large J...,£20,,,home-garden
Nutmeg Home Premium Large Sandalwood & Smoked Cedar Candle ,Nutmeg Home Premium Large Sandalw...,£20,,,home-garden
Nutmeg Home Protein Shaker,Nutmeg Home Protein Shaker,£3.50,,,home-garden
Nutmeg Home Rainbow Apron,Nutmeg Home Rainbow Apron,£6,,,home-garden
Nutmeg Home Rainbow Bath Towel,Nutmeg Home Rainbow Bath Towel,£12.75,,,home-garden
Nutmeg Home Rainbow Cushion,Nutmeg Home Rainbow Cushion,£8,,,home-garden
Nutmeg Home Rainbow Face Cloth,Nutmeg Home Rainbow Face Cloth,£2.75,,,home-garden
Nutmeg Home Rainbow Fleece Throw ,Nutmeg Home Rainbow Fleece Throw ,£7,,,home-garden
Nutmeg Home Rainbow Hand Towel,Nutmeg Home Rainbow Hand Towel,£8,,,home-garden
Nutmeg Home Rainbow Oil Burner,Nutmeg Home Rainbow Oil Burner,£5,,,home-garden
Nutmeg Home Rainbow Tassell Bath Mat,Nutmeg Home Rainbow Tassell Bath Mat,£9,,,home-garden
Nutmeg Home Rattan Coasters,Nutmeg Home Rattan Coasters4 per pack,£6,£1.50 each,,home-garden
Nutmeg Home Rattan Table Mats,Nutmeg Home Rattan Table Mats4 per pack,£12,£3.00 each,,home-garden
Nutmeg Home Revive Crackle Wick Wooden Lid Frosted Glass Candle,Nutmeg Home Revive Crackle Wick Woode...,£6,,,home-garden
Nutmeg Home Revive Luxury Scented Frosted Glass Candle,Nutmeg Home Revive Luxury Scent...,£5,,,home-garden
Nutmeg Home Revive Wellness Reed Diffuser,Nutmeg Home Revive Wellness Reed Diffuser,£5,,,home-garden
Nutmeg Home Rhubarb & Bergamot Animal Print Reed Diffuser,Nutmeg Home Rhubarb & Bergamot An...,£6,,,home-garden
Nutmeg Home Rhubarb & Bergamot Animal Print Waxfill Candle,Nutmeg Home Rhubarb & Bergamot An...,£6,,,home-garden
Nutmeg Home Ribbed Glass Tealight Holder,Nutmeg Home Ribbed Glass Tealight Holder,£3,,,home-garden
Nutmeg Home Rope Frame,Nutmeg Home Rope Frame,£4,,,home-garden
Nutmeg Home Sea Foam Fleece Throw,Nutmeg Home Sea Foam Fleece Throw,£5,,,home-garden
Nutmeg Home Seagrass Ball String Lights,Nutmeg Home Seagrass Ball String Lights,£12,,,home-garden
Nutmeg Home Seagrass Storage Baskets,Nutmeg Home Seagrass Storage Baskets2 per pack,£20,£10.00 each,,home-garden
Nutmeg Home Sense Floral Cork Coasters,Nutmeg Home Sense Floral Cork Coasters4 per pack,£3,75p each,,home-garden
Nutmeg Home Sense Floral Cork Table Mats,Nutmeg Home Sense Floral Cork Table Mats4 per pack,£6,£1.50 each,,home-garden
Nutmeg Home Sense Floral Lap Tray,Nutmeg Home Sense Floral Lap Tray,£10,,,home-garden
Nutmeg Home Set Of  2x3L Food Boxes,Nutmeg Home Set Of  2x3L Food Boxes,£3,,,home-garden
Nutmeg Home Set Of 3x2L Food Boxes,Nutmeg Home Set Of 3x2L Food Boxes,£3,,,home-garden
Nutmeg Home Shaped Cookie Cutters Multi Pack,Nutmeg Home Shaped Cookie Cutters Multi Pack,£2,,,home-garden
Nutmeg Home Sheep Door Stop,Nutmeg Home Sheep Door Stop,£12,,,home-garden
Nutmeg Home Sign,Nutmeg Home Sign,£3,,,home-garden
Nutmeg Home Silicone Edge Choppin,Nutmeg Home Silicone Edge Choppin,£6,,,home-garden
Nutmeg Home Silicone Slotted Spoon Grey,Nutmeg Home Silicone Slotted Spoon Grey,£3.25,,,home-garden
Nutmeg Home Silicone Spoon Grey,Nutmeg Home Silicone Spoon Grey,£3.25,,,home-garden
Nutmeg Home Silicone Spoonula Grey,Nutmeg Home Silicone Spoonula Grey,£3.25,,,home-garden
Nutmeg Home Silicone Turner Grey,Nutmeg Home Silicone Turner Grey,£3.25,,,home-garden
Nutmeg Home Single Stem Cows Parsley,Nutmeg Home Single Stem Cows Parsley,£3,,,home-garden
Nutmeg Home Single Stem Daisy White,Nutmeg Home Single Stem Daisy White,£3,,,home-garden
Nutmeg Home Single Stem Hydrangea White & Blue,Nutmeg Home Single Stem H...,£3,,,home-garden
Nutmeg Home Single Stem Pampas,Nutmeg Home Single Stem Pampas,£3,,,home-garden
Nutmeg Home Single Stem Sunflower,Nutmeg Home Single Stem Sunflower,£3,,,home-garden
Nutmeg Home Single Stem Triple Pom Pom Purple,Nutmeg Home Single Stem T...,£4,,,home-garden
Nutmeg Home Sleep Crackle Wick Wooden Lid Frosted Glass Candle,Nutmeg Home Sleep Crackle Wick Wood...,£6,,,home-garden
Nutmeg Home Sleep Luxury Scented Frosted Glass Candle,Nutmeg Home Sleep Luxury Scen...,£5,,,home-garden
Nutmeg Home Sleep Wellness Reed Diffuser,Nutmeg Home Sleep Wellness Reed Diffuser,£5,,,home-garden
Nutmeg Home Slogan Bath Mat Sweet Cheeks,Nutmeg Home Slogan Bath Mat Sweet Cheeks,£9,,,home-garden
Nutmeg Home Slogan Faux Floral Ornament,Nutmeg Home Slogan Faux Floral Ornament,£5,,,home-garden
Nutmeg Home Small Glass Clip Top Jar,Nutmeg Home Small Glass Clip Top Jar500ml,£2,40p per 100ml,,home-garden
Nutmeg Home Smokey Ribbed Glass Vase,Nutmeg Home Smokey Ribbed Glass Vase,£6,,,home-garden
Nutmeg Home Soap Holder,Nutmeg Home Soap Holder,£1.49,,,home-garden
Nutmeg Home Softgrip Coffee Cup,Nutmeg Home Softgrip Coffee Cup,£7,,,home-garden
Nutmeg Home Sport Bottle,Nutmeg Home Sport Bottle,£2,,,home-garden
Nutmeg Home Spot Cutlery Set,Nutmeg Home Spot Cutlery Set,£8,,,home-garden
Nutmeg Home Spring Floral Napkins,Nutmeg Home Spring Floral Napkins20 per pack,£1.75,8.8p each,,home-garden
Nutmeg Home Spring Floral Plates,Nutmeg Home Spring Floral Plates10 per pack,£1.75,17.5p each,,home-garden
Nutmeg Home Square Cake Box,Nutmeg Home Square Cake Box,£7,,,home-garden
Nutmeg Home Square Food Storage 1.3 L,Nutmeg Home Square Food Storage 1.3 L,£4.50,,,home-garden
Nutmeg Home Square Food Storage 1.8 L,Nutmeg Home Square Food Storage 1.8 L,£5,,,home-garden
Nutmeg Home Square Food Storage 420ml,Nutmeg Home Square Food Storage 420ml,£3.50,,,home-garden
Nutmeg Home Square Food Storage 670ml,Nutmeg Home Square Food Storage 670ml,£4,,,home-garden
Nutmeg Home Square Marble Double Toothbrush Holder,Nutmeg Home Square Marble D...,£8,,,home-garden
Nutmeg Home Square Marble Soap Dispenser,Nutmeg Home Square Marble Soap Dispenser,£6,,,home-garden
Nutmeg Home Square Marble Toilet Brush & Holder,Nutmeg Home Square Marble...,£10,,,home-garden
Nutmeg Home Stainless Steel Bottle ,Nutmeg Home Stainless Steel Bottle ,£7,,,home-garden
Nutmeg Home Stainless Steel Bottle,Nutmeg Home Stainless Steel Bottle,£7,,,home-garden
Nutmeg Home Stainless Steel Frying Pan 28cm ,Nutmeg Home Stainless Steel Frying Pan 28cm ,£15,,,home-garden
Nutmeg Home Stainless Steel Measuring Cups,Nutmeg Home Stainless Steel Measuring Cups,£3.50,,,home-garden
Nutmeg Home Stainless Steel Measuring Spoons,Nutmeg Home Stainless Steel Measuring Spoons,£2,,,home-garden
Nutmeg Home Stainless Steel Milk Pan,Nutmeg Home Stainless Steel Milk Pan,£8,,,home-garden
Nutmeg Home Stainless Steel Saucepan 16cm,Nutmeg Home Stainless Steel Saucepan 16cm,£12,,,home-garden
Nutmeg Home Stainless Steel Saucepan 18cm,Nutmeg Home Stainless Steel Saucepan 18cm,£14,,,home-garden
Nutmeg Home Stainless Steel Stockpot 20cm,Nutmeg Home Stainless Steel Stockpot 20cm,£16,,,home-garden
Nutmeg Home Stemless Wine Glasses Set 4 Pack,Nutmeg Home Stemless Wine Glasses Set 4 Pack4 per pack,£5,£1.25 each,,home-garden
Nutmeg Home Stone Pot On Legs,Nutmeg Home Stone Pot On Legs,£4,,,home-garden
Nutmeg Home String Of Pearls In Ceramic Pot,Nutmeg Home String Of Pearls In Ceramic Pot,£12,,,home-garden
Nutmeg Home Stripe Cutlery Set,Nutmeg Home Stripe Cutlery Set,£8,,,home-garden
Nutmeg Home Striped Seersucker Duvet Set Double,Nutmeg Home Striped Seers...,£23,,,home-garden
Nutmeg Home Striped Seersucker Duvet Set King,Nutmeg Home Striped Seersucker Duvet Set King,£26,,,home-garden
Nutmeg Home Stripe Trim Tablecover 120 X 180Cm,Nutmeg Home Stripe Trim Tablecover 120 X 180Cm,£3,,,home-garden
Nutmeg Home Succulent In Ceramic Pot,Nutmeg Home Succulent In Ceramic Pot,£10,,,home-garden
Nutmeg Home Sunflower In Glass Vase,Nutmeg Home Sunflower In Glass Vase,£15,,,home-garden
Nutmeg Home Super Soft Light Pink Bath Mat,Nutmeg Home Super Soft Light Pink Bath Mat,£6,,,home-garden
Nutmeg Home Supersoft Light Pink Bath Sheet,Nutmeg Home Supersoft Light Pink Bath Sheet,£10,,,home-garden
Nutmeg Home Super Soft Light Pink Bath Towel,Nutmeg Home Super Soft Light Pink Bath Towel,£7,,,home-garden
Nutmeg Home Super Soft Light Pink Face Cloth,Nutmeg Home Super Soft Light Pink Face Cloth,£1,,,home-garden
Nutmeg Home Super Soft Light Pink Hand Towel,Nutmeg Home Super Soft Light Pink Hand Towel,£4,,,home-garden
Nutmeg Home Super Soft Slate Grey Bath Mat,Nutmeg Home Super Soft Slate Grey Bath Mat,£6,,,home-garden
Nutmeg Home Supersoft Slate Grey Bath Sheet,Nutmeg Home Supersoft Slate Grey Bath Sheet,£10,,,home-garden
Nutmeg Home Super Soft Slate Grey Bath Towel,Nutmeg Home Super Soft Slate Grey Bath Towel,£7,,,home-garden
Nutmeg Home Super Soft Slate Grey Face Cloth,Nutmeg Home Super Soft Slate Grey Face Cloth,£1,,,home-garden
Nutmeg Home Super Soft Slate Grey Hand Towel,Nutmeg Home Super Soft Slate Grey Hand Towel,£4,,,home-garden
Nutmeg Home Terracotta Check Throw 150 x 200cm,Nutmeg Home Terracotta Ch...,£22,,,home-garden
Nutmeg Home Terry Blue Tea Towels,Nutmeg Home Terry Blue Tea Towels3 per pack,£6,£2.00 each,,home-garden
Nutmeg Home Thin Stripe Woven Throw,Nutmeg Home Thin Stripe Woven Throw,£20,,,home-garden
Nutmeg Home Tracker Bottle,Nutmeg Home Tracker Bottle700ml,£4,57.1p per 100ml,,home-garden
Nutmeg Home Tracker Bottle,Nutmeg Home Tracker Bottle1L,£5,£5.00 per litre,,home-garden
Nutmeg Home Tracker Bottle Berry,Nutmeg Home Tracker Bottle Berry700ml,£4,57.1p per 100ml,,home-garden
Nutmeg Home Tracker Bottle Gunmetal,Nutmeg Home Tracker Bottle Gunmetal700ml,£4,57.1p per 100ml,,home-garden
Nutmeg Home Tracker Bottle Indigo,Nutmeg Home Tracker Bottle Indigo700ml,£4,57.1p per 100ml,,home-garden
Nutmeg Home Trailing Plant In Cement Pot,Nutmeg Home Trailing Plant In Cement Pot,£10,,,home-garden
Nutmeg Home Tulip Photo Floral Napkins,Nutmeg Home Tulip Photo Floral Napkins20 per pack,£1.25,6.3p each,,home-garden
Nutmeg Home Tumbler With Straw,Nutmeg Home Tumbler With Straw650ml,£4,61.5p per 100ml,,home-garden
Nutmeg Home Turn Around Duck,Nutmeg Home Turn Around Duck,£8,,,home-garden
Nutmeg Home Turquoise Ceramic Coated Coffee Cup,Nutmeg Home Turquoise Cer...,£7,,,home-garden
Nutmeg Home Unwind Crackle Wick Wooden Lid Frosted Glass Candle ,Nutmeg Home Unwind Crackle Wick Woode...,£6,,,home-garden
Nutmeg Home Unwind Luxury Scented Frosted Glass Candle,Nutmeg Home Unwind Luxury Scent...,£5,,,home-garden
Nutmeg Home Unwind Wellness Reed Diffuser,Nutmeg Home Unwind Wellness Reed Diffuser,£5,,,home-garden
Nutmeg Home Vanilla Bourbon Candle,Nutmeg Home Vanilla Bourbon Candle,£5,,,home-garden
Nutmeg Home Vanilla Oil ,Nutmeg Home Vanilla Oil ,£1,,,home-garden
Nutmeg Home Vanilla Reed Diffuser ,Nutmeg Home Vanilla Reed Diffuser 100ml,£4,£4.00 per 100ml,,home-garden
Nutmeg Home Waffle Throw,Nutmeg Home Waffle Throw,£15,,,home-garden
Nutmeg Home Water Hyacinth Tray,Nutmeg Home Water Hyacinth Tray,£10,,,home-garden
Nutmeg Home Watermelon & Pineapple Napkins,Nutmeg Home Watermelon...20 per pack,£1.75,8.8p each,,home-garden
Nutmeg Home Watermelon Fleece Throw,Nutmeg Home Watermelon Fleece Throw,£7,,,home-garden
Nutmeg Home Wax Melts Berries,Nutmeg Home Wax Melts Berries,£1,,,home-garden
Nutmeg Home Wax Melts Cinnamon Spice,Nutmeg Home Wax Melts Cinnamon Spice,75p,,,home-garden
Nutmeg Home Wax Melts Jasmine,Nutmeg Home Wax Melts Jasmine,£1,,,home-garden
Nutmeg Home Wax Melts Vanilla,Nutmeg Home Wax Melts Vanilla,£1,,,home-garden
Nutmeg Home Weekly Menu Board,Nutmeg Home Weekly Menu Board,£4,,,home-garden
Nutmeg Home Wheat Faux Floral Ornament,Nutmeg Home Wheat Faux Floral Ornament,£10,,,home-garden
Nutmeg Home White Ceramic & Wood Soap Dish,Nutmeg Home White Ceram...,£4,,,home-garden
Nutmeg Home White Crinkle Single Duvet Set,Nutmeg Home White Crinkle Single Duvet Set,£18,,,home-garden
Nutmeg Home White Crinkle Super King Duvet Set,Nutmeg Home White Crinkle...,£27,,,home-garden
Nutmeg Home White Leaf Jacquard Double Duvet Set,Nutmeg Home White Leaf Jacq...,£26,,,home-garden
Nutmeg Home White Leaf Jacquard King Duvet Set,Nutmeg Home White Leaf Jacquard King Duvet Set,£29,,,home-garden
Nutmeg Home White Ribbed Circular Vase,Nutmeg Home White Ribbed Circular Vase,£6,,,home-garden
Nutmeg Home White Rose Faux Floral In Glass Bottle,Nutmeg Home White Rose Faux...,£6,,,home-garden
Nutmeg Home White Toilet Brush,Nutmeg Home White Toilet Brush,£1.50,,,home-garden
Nutmeg Home Wild Flowers In Ceramic Pot,Nutmeg Home Wild Flowers In Ceramic Pot,£15,,,home-garden
Nutmeg Home Wood & Marble Round Coasters,Nutmeg Home Wood & Marble Round Coasters4 per pack,£8,£2.00 each,,home-garden
Nutmeg Home Wood & Silicone Whisk,Nutmeg Home Wood & Silicone Whisk,£3,,,home-garden
Nutmeg Home Wood And Silicone,Nutmeg Home Wood And Silicone,£3,,,home-garden
Nutmeg Home Wood And Silicone Pastr,Nutmeg Home Wood And Silicone Pastr,£3,,,home-garden
Nutmeg Home Wooden Chopping Board,Nutmeg Home Wooden Chopping Board,£8,,,home-garden
Nutmeg Home Woven Throw,Nutmeg Home Woven Throw,£20,,,home-garden
Nutmeg Iridescent Glass Solar Lantern,Nutmeg Iridescent Glass Solar Lantern,£10,,,home-garden
Nutmeg Kids Storage Basket Dinosaur,Nutmeg Kids Storage Basket Dinosaur,£10,,,home-garden
Nutmeg Kids Storage Basket Koala,Nutmeg Kids Storage Basket Koala,£10,,,home-garden
Nutmeg Kids Storage Basket Rainbow,Nutmeg Kids Storage Basket Rainbow,£10,,,home-garden
Nutmeg Large Rattan Solar Lantern Brown,Nutmeg Large Rattan Solar Lantern Brown,£25,,,home-garden
Nutmeg Letter Storage,Nutmeg Letter Storage,£6,,,home-garden
Nutmeg Medium Back sleep 2 Ultrasoft Pillows,Nutmeg Medium Back sleep 2 Ultrasoft Pillows,£8,,,home-garden
Nutmeg Mini Clear Tape,Nutmeg Mini Clear Tape2 per pack,75p,37.5p each,,home-garden
Nutmeg My List Pad,Nutmeg My List Pad,£1.50,,,home-garden
Nutmeg Outdoor 2 Piece BBQ Tool Set,Nutmeg Outdoor 2 Piece BBQ Tool Set,£3.50,,,home-garden
Nutmeg Outdoor 5 Piece Spray Gun Set,Nutmeg Outdoor 5 Piece Spray Gun Set,£5.50,,,home-garden
Nutmeg Outdoor Bamboo Handle BBQ Fork,Nutmeg Outdoor Bamboo Handle BBQ Fork,£4.50,,,home-garden
Nutmeg Outdoor Bamboo Handle BBQ Spatula,Nutmeg Outdoor Bamboo Handle BBQ Spatula,£4.50,,,home-garden
Nutmeg Outdoor Bamboo Handle BBQ Tongs,Nutmeg Outdoor Bamboo Handle BBQ Tongs,£4.50,,,home-garden
Nutmeg Outdoor Bamboo Skewers,Nutmeg Outdoor Bamboo Skewers100 per pack,£2.50,2.5p each,,home-garden
Nutmeg Outdoor Barbecue Thermometer,Nutmeg Outdoor Barbecue Thermometer,£3,,,home-garden
Nutmeg Outdoor BBQ Basting Brush,Nutmeg Outdoor BBQ Basting Brush,£1.50,,,home-garden
Nutmeg Outdoor BBQ Cleaning Brush,Nutmeg Outdoor BBQ Cleaning Brush,£2,,,home-garden
Nutmeg Outdoor Burger Grill,Nutmeg Outdoor Burger Grill,£4.50,,,home-garden
Nutmeg Outdoor Crackle Glass Solar Light,Nutmeg Outdoor Crackle Glass Solar Light,£7,,,home-garden
Nutmeg Outdoor Fish Grill,Nutmeg Outdoor Fish Grill,£4.50,,,home-garden
Nutmeg Outdoor Hand Trowel,Nutmeg Outdoor Hand Trowel,£3.50,,,home-garden
Nutmeg Outdoor Hose Connector Twist & Lock,Nutmeg Outdoor Hose Connector Twist & Lock,£1,,,home-garden
Nutmeg Outdoor Oscillating Sprinkler,Nutmeg Outdoor Oscillating Sprinkler,£7,,,home-garden
Nutmeg Outdoors Pop Up Food Tent,Nutmeg Outdoors Pop Up Food Tent,£2.50,,,home-garden
Nutmeg Outdoors Set Of BBQ Skewers,Nutmeg Outdoors Set Of BBQ Skewers4 per pack,£3.50,87.5p each,,home-garden
Nutmeg Outdoor Twist Hose Nozzle & Connector 4 Piece Set,Nutmeg Outdoor Twist Hose Nozzl...4 per pack,£2.50,62.5p each,,home-garden
Nutmeg Path Marker Lights,Nutmeg Path Marker Lights6 per pack,£6.50,£1.08 each,Buy 2 for £10,home-garden
Nutmeg Pink Monster Pop Up Pencil Case,Nutmeg Pink Monster Pop Up Pencil Case,£3,,,home-garden
Nutmeg Pink Patched Cushion,Nutmeg Pink Patched Cushion,£8,,,home-garden
Nutmeg Plant Twist Ties 50m,Nutmeg Plant Twist Ties 50m,£1.25,,,home-garden
Nutmeg Plastic Microwave Cover,Nutmeg Plastic Microwave Cover,£1,,,home-garden
Nutmeg Pleasure Mixer Glasses Set 4 Pack,Nutmeg Pleasure Mixer Glasses Set 4 Pack2 per pack,£4,£2.00 each,,home-garden
Nutmeg Regular Clear Tape,Nutmeg Regular Clear Tape2 per pack,£1,50p each,,home-garden
Nutmeg Rooted Floral Duvet Set Double ,Nutmeg Rooted Floral Duvet Set Double ,£19,,,home-garden
Nutmeg Rooted Floral Duvet Set King,Nutmeg Rooted Floral Duvet Set King,£22,,,home-garden
Nutmeg Rooted Floral Duvet Set Single ,Nutmeg Rooted Floral Duvet Set Single ,£16,,,home-garden
Nutmeg Sense Palm Leaf Bowl,Nutmeg Sense Palm Leaf Bowl,£2.50,,,home-garden
Nutmeg Sense Palm Leaf High Ball Cup,Nutmeg Sense Palm Leaf High Ball Cup,£2,,,home-garden
Nutmeg Sense Palm Leaf Side Plate,Nutmeg Sense Palm Leaf Side Plate,£2.50,,,home-garden
Nutmeg Sense Wood Effect Bowl,Nutmeg Sense Wood Effect Bowl,£2.50,,,home-garden
Nutmeg Sense Wood Effect Salad Bowl,Nutmeg Sense Wood Effect Salad Bowl,£8,,,home-garden
Nutmeg Sense Wood Effect Side Plate,Nutmeg Sense Wood Effect Side Plate,£2.50,,,home-garden
Nutmeg Set Of Iridescent Solar Globe Stake Lights,Nutmeg Set Of Iridescent Solar Globe Stake Lights4 per pack,£17,£4.25 each,,home-garden
Nutmeg Single Stem Pom Pom,Nutmeg Single Stem Pom Pom,£4,,,home-garden
Nutmeg Small Rattan Solar Lantern Brown,Nutmeg Small Rattan Solar Lantern Brown,£10,,,home-garden
Nutmeg Solar Bee String Lights,Nutmeg Solar Bee String Lights,£8,,,home-garden
Nutmeg Solar Caged Stake Light,Nutmeg Solar Caged Stake Light,£4.50,,Buy 2 for £8,home-garden
Nutmeg Solar Cool Flame Light,Nutmeg Solar Cool Flame Light5 per pack,£12,£2.40 each,,home-garden
Nutmeg Solar Crackle Ball Buddha,Nutmeg Solar Crackle Ball Buddha,£9,,,home-garden
Nutmeg Solar Down Light,Nutmeg Solar Down Light,£8,,,home-garden
Nutmeg Solar Flaming Lantern,Nutmeg Solar Flaming Lantern2 per pack,£10,£5.00 each,,home-garden
Nutmeg Solar Jar Lanterns,Nutmeg Solar Jar Lanterns2 per pack,£10,£5.00 each,,home-garden
Nutmeg Solar Net Lights,Nutmeg Solar Net Lights,£12,,,home-garden
Nutmeg Solar Parasol String Lights,Nutmeg Solar Parasol String Lights,£9,,,home-garden
Nutmeg Solar Starburst Stake Light,Nutmeg Solar Starburst Stake Light,£6,,,home-garden
Nutmeg Solar Starburst String Lights,Nutmeg Solar Starburst String Lights10 per pack,£9,90p each,,home-garden
Nutmeg Solar Wall Light,Nutmeg Solar Wall Light,£4,,Buy 4 for £12,home-garden
Nutmeg Stackable Cup,Nutmeg Stackable Cup,£3,,,home-garden
Nutmeg Taupe Leaf  Duvet Set Double,Nutmeg Taupe Leaf  Duvet Set Double,£19,,,home-garden
Nutmeg Taupe Leaf Duvet Set Super King ,Nutmeg Taupe Leaf Duvet Set Super King ,£22,,,home-garden
Nutmeg Terracotta 100% Cotton 2 Pack Pillow Cases,Nutmeg Terracotta 100% Cott...,£4,,,home-garden
Nutmeg Terracotta 100% Cotton Fitted Sheet Double,Nutmeg Terracotta 100% Cott...,£10,,,home-garden
Nutmeg Terracotta 100% Cotton Fitted Sheet King,Nutmeg Terracotta 100% Cotton Fitted Sheet King,£12,,,home-garden
Nutmeg Terracotta 100% Cotton Fitted Sheet Single,Nutmeg Terracotta 100% Cotton Fitted Sheet Single,£8,,,home-garden
Nutmeg Thermometer,Nutmeg Thermometer,£1.25,,,home-garden
Nutmeg Ultra soft 13.5 Tog Duvet King Size,Nutmeg Ultra soft 13.5 Tog Duvet King Size,£16,,"Offer price £16, was £23",home-garden
Nutmeg Universal Tap Connector ,Nutmeg Universal Tap Connector ,£1.50,,,home-garden
Nutmeg Weekly Organiser,Nutmeg Weekly Organiser,£4,,,home-garden
Nutmeg White Geo Embossed Double Duvet Set,Nutmeg White Geo Emboss...,£27,,,home-garden
Nutmeg White Geo Embossed King Duvet Set,Nutmeg White Geo Embossed King Duvet Set,£30,,,home-garden
Nutmeg Wine Glasses,Nutmeg Wine Glasses4 per pack,£5,£1.25 each,,home-garden
Nutmeg Wooden Hb Pencils With Eraser Top ,Nutmeg Wooden Hb Pencils With Eraser Top 12 per pack,£1,8.3p each,,home-garden
Nutmeg Wooden Nail Brush,Nutmeg Wooden Nail Brush,£2,,,home-garden
Nutmeg Woodland Wall Stickers,Nutmeg Woodland Wall Stickers,£4,,,home-garden
Nutme Home Butterfly Fleece Throw,Nutme Home Butterfly Fleece Throw,£7,,,home-garden
Only Fools & Horses Glass Tankard & Bottle Opener,Only Fools & Horses Glass Tankard & Bottle Opener,£12,,,home-garden
"Original Flava, Caribbean Recipes from Home","Original Flava, Caribbean Recipes from Home",£26,£26.00 each,,home-garden
"Oval Cookie Cutter, Small","Oval Cookie Cutter, Small",£2,£2.00 each,,home-garden
Oxo Can Opener,Oxo Can Opener,£10,,,home-garden
OXO SoftWorks Balloon Whisk,OXO SoftWorks Balloon Whisk,£9,£9.00 each,,home-garden
OXO SoftWorks Compact Toilet Brush & Canister Grey,OXO SoftWorks Compact Toile...,£15.95,£15.95 each,,home-garden
OXO Softworks Compact Toilet Brush - White,OXO Softworks Compact Toilet Brush - White,£16,£16.00 each,,home-garden
OXO SoftWorks Compost Bin,OXO SoftWorks Compost Bin,£16.80,£16.80 each,,home-garden
OXO SoftWorks Furniture FurLifter,OXO SoftWorks Furniture FurLifter,£15.95,£15.95 each,,home-garden
Oxo Softworks Ice Cream Scoop,Oxo Softworks Ice Cream Scoop,£9,,,home-garden
"OXO SoftWorks Locking Tongs with Nylon Heads 9""",OXO SoftWorks Locking Ton...,£10,£10.00 each,,home-garden
OXO SoftWorks Nylon Flexible Turner 19cm,OXO SoftWorks Nylon Flexible Turner 19cm,£8,£8.00 each,,home-garden
Oxo SoftWorks Nylon Spatula 36cm,Oxo SoftWorks Nylon Spatula 36cm,£5.75,£5.75 each,,home-garden
OXO SoftWorks Nylon Spoon,OXO SoftWorks Nylon Spoon,£6,£6.00 each,,home-garden
Oxo SoftWorks Pepper Mill,Oxo SoftWorks Pepper Mill,£16,£16.00 each,,home-garden
Oxo Softworks Pizza Wheel,Oxo Softworks Pizza Wheel,£6,,,home-garden
Oxo SoftWorks Salt Mill,Oxo SoftWorks Salt Mill,£16,£16.00 each,,home-garden
OXO SoftWorks Smooth Potato Masher,OXO SoftWorks Smooth Potato Masher,£14,£14.00 each,,home-garden
Oxo Softworks 'Y' Shaped Peeler,Oxo Softworks 'Y' Shaped Peeler,£7.50,,,home-garden
Papermate Inkjoy 300Rt Black,Papermate Inkjoy 300Rt Black,£3,,,home-garden
Papermate Mechanical Pencils Neon,Papermate Mechanical Pencils Neon5 per pack,£1.50,30p each,,home-garden
"Parchment Baking Paper Sheets, FSC Certified","Parchment Baking Paper Sheets, FSC Certified",£4.95,£4.95 each,,home-garden
Paw Patrol Rescue 3pc Metal Cutlery Set,Paw Patrol Rescue 3pc Metal Cutlery Set,£6.30,£6.30 each,,home-garden
Paw Patrol Rescue 3 Piece PP Tableware Set,Paw Patrol Rescue 3 Piece PP Tableware Set,£10.30,£10.30 each,,home-garden
Paw Patrol Team Sip and Snack Canteen,Paw Patrol Team Sip and Snack Canteen,£7,£7.00 each,,home-garden
Pear & Freesia Scented Candle ,Pear & Freesia Scented Candle ,£3.55,,,home-garden
Peckish Extra Goodness Suet Cake For Birds,Peckish Extra Goodness Suet Cake For Birds300g,£1.99,66.3p per 100g,,home-garden
Peckish Mealworm Ready To Use Bird Feeder,Peckish Mealworm Ready To Use Bird Feeder90g,£4.99,£5.54 per 100g,,home-garden
Peckish Robin & Insect Seed Mix,Peckish Robin & Insect Seed Mix1kg,£3.99,39.9p per 100g,,home-garden
Peony & Suede Scented Candle,Peony & Suede Scented Candle,£3.55,,,home-garden
Peppa Pig Perfect Day 3 Piece Metal Cutlery Set,Peppa Pig Perfect Day 3 Piece Metal Cutlery Set,£6.30,£6.30 each,,home-garden
Peppa Pig Perfect Day 3 Piece PP Tableware Set,Peppa Pig Perfect Day 3 Piece PP Tableware Set,£10.30,£10.30 each,,home-garden
Phostrogen Organic Plant Food,Phostrogen Organic Plant Food800g,£6,75p per 100g,,home-garden
Phostrogen Plant Food,Phostrogen Plant Food800g,£4.75,£5.94 per kg,,home-garden
Pilot Frixion Rollerball Twin Black,Pilot Frixion Rollerball Twin Black,£5,,,home-garden
Pilot Vball Black,Pilot Vball Black3 per pack,£3.50,£1.17 each,,home-garden
"Pinch of Nom Quick & Easy 100 Delicious, Slimming Recipes",Pinch of Nom Quick & Easy 100 Del...,£20,£20.00 each,,home-garden
"Pink Assorted Cupcake Cases, Pack of 75","Pink Assorted Cupcake Cases, Pack of 7575 per pack",£2.59,3.5p each,,home-garden
Playstation Drinks Bottle 600ml,Playstation Drinks Bottle 600ml,£4.50,,,home-garden
Playstation Stainless Steel Bottle,Playstation Stainless Steel Bottle,£12,,,home-garden
Poachies Egg Poaching Bag,Poachies Egg Poaching Bag20 per pack,£3,15p each,,home-garden
Polar Gear Active Munich Lunch Cool Bag - Berry,Polar Gear Active Munich Lunch Cool Bag - Berry,£11.45,£11.45 each,,home-garden
Polar Gear Active Optic Dot Grey Personal Cooler,Polar Gear Active Optic Dot Grey Personal Cooler,£7,,,home-garden
Polar Gear Arcade Racer Munich Cooler,Polar Gear Arcade Racer Munich Cooler,£6,,,home-garden
Polar Gear Be Kind Miami Backpack Cooler,Polar Gear Be Kind Miami Backpack Cooler,£7,,,home-garden
Polar Gear Be Kind Square Snack Box,Polar Gear Be Kind Square Snack Box,£4,,,home-garden
Polar Gear Chameleon Colourshift Munich Cooler,Polar Gear Chameleon Colourshift Munich Cooler,£6,,,home-garden
"Polar Gear Orion Insulated Bottle, Blue 500ml","Polar Gear Orion Insulated Bottle, Blue 500ml",£16.05,£16.05 each,,home-garden
"Poli-dri Cotton Tea Towel, Black 70cm","Poli-dri Cotton Tea Towel, Black 70cm",£4,£4.00 each,,home-garden
"Poli-dri Cotton Tea Towel, Blue 70cm","Poli-dri Cotton Tea Towel, Blue 70cm",£4,£4.00 each,,home-garden
"Poli-dri Cotton Tea Towel, Red 70cm","Poli-dri Cotton Tea Towel, Red 70cm",£4,£4.00 each,,home-garden
Pomegranate Scented Candle,Pomegranate Scented Candle,£3.55,,,home-garden
Poppell Lighters,Poppell Lighters3 per pack,£2.10,70p each,,home-garden
"Popper Pig Game, 4yrs+","Popper Pig Game, 4yrs+",£7.99,£7.99 each,,home-garden
Porridge To Go Container 850ML,Porridge To Go Container 850ML,£5.50,,,home-garden
"Premier Housewares Bathroom Set, Grey ","Premier Housewares Bathroom Set, Grey 3 per pack",£13.10,£4.37 each,,home-garden
"Premier Housewares Collapsible Laundry Basket in Green & White, Medium",Premier Housewares Collapsibl...,£15.75,£15.75 each,,home-garden
"Premier Housewares Cotton Jar With Lid, Neptune, Copper and Concrete",Premier Housewares Cotton Jar...,£15.05,£15.05 each,,home-garden
"Premier Housewares Lotion/Soap Dispenser, Neptune, Copper and Concrete",Premier Housewares Lotion/Soa...,£12.75,£12.75 each,,home-garden
"Premier Housewares Neptune Oval Soap Dish, Concrete and Copper",Premier Housewares Neptune Oval Soa...,£9.10,£9.10 each,,home-garden
"Premier Housewares Neptune Tumbler, Concrete and Copper",Premier Housewares Neptune Tumb...,£8.35,£8.35 each,,home-garden
"Premier Housewares Soap Dish, Hammered Effect, Nickel Finish","Premier Housewares Soap Dish, Hamme...",£15,£15.00 each,,home-garden
"Premier Housewares Toothbrush Holder, Hammered Effect, Nickel Finish",Premier Housewares Toothbrush...,£17,£17.00 each,,home-garden
"Premier Housewares Toothbrush Holder, Neptune, Copper and Concrete",Premier Housewares Toothbru...,£9.40,£9.40 each,,home-garden
"Premier Housewares Tumbler, Hammered Effect, Nickel Finish","Premier Housewares Tumbler, Hamme...",£12.35,£12.35 each,,home-garden
Prestige Eco 20cm Frypan,Prestige Eco 20cm Frypan,£24.20,£24.20 each,,home-garden
Prestige Eco 24cm Frypan,Prestige Eco 24cm Frypan,£30.15,£30.15 each,,home-garden
Prestige Eco 28cm Frypan,Prestige Eco 28cm Frypan,£33.30,£33.30 each,,home-garden
Prestige Eco 28cm Stirfry,Prestige Eco 28cm Stirfry,£33.30,£33.30 each,,home-garden
Prestige Eco Twin Pack Frypans,Prestige Eco Twin Pack Frypans2 per pack,£52.25,£26.13 each,,home-garden
Prestone Ready To Use Coolant Antifreeze,Prestone Ready To Use Coolant Antifreeze1L,£6.50,65p per 100ml,,home-garden
Prestone Ultra Performance Summer Screen Wash,Prestone Ultra Performanc...5L,£5,£1.00 per litre,,home-garden
Princess Rainbow Lunch Bag,Princess Rainbow Lunch Bag,£7.50,,,home-garden
Princess Rainbow Sports Bottle,Princess Rainbow Sports Bottle600ml,£4,66.7p per 100ml,,home-garden
Pritt Stick,Pritt Stick,£2.50,,,home-garden
Pritt Stick Original,Pritt Stick Original3 per pack,£3.50,£1.17 each,,home-garden
Provanto Ultimate Bug Killer Bug,Provanto Ultimate Bug Killer Bug1L,£4.25,£4.25 per litre,,home-garden
Pukka Pad A4 Refill Pad,Pukka Pad A4 Refill Pad,£2.50,,,home-garden
Pyrex Classic Round Dish With Lid 4L,Pyrex Classic Round Dish With Lid 4L,£11,,,home-garden
Pyrex Clear Oval 21cm Roaster ,Pyrex Clear Oval 21cm Roaster ,£4.50,,,home-garden
Pyrex Clear Oval Roaster 25Cm,Pyrex Clear Oval Roaster 25Cm,£5.50,,,home-garden
Pyrex Clear Oval Roaster 35Cm,Pyrex Clear Oval Roaster 35Cm,£7,,,home-garden
Pyrex Clear Quiche/Flan Dish 24cm,Pyrex Clear Quiche/Flan Dish 24cm,£5,,,home-garden
Pyrex Clear Round Casserole Dish 1 Litre,Pyrex Clear Round Casserole Dish 1 Litre,£8,,,home-garden
Pyrex Clear Round Casserole Dish 3L,Pyrex Clear Round Casserole Dish 3L,£10,,,home-garden
Pyrex Cook & Freeze Dish with Lid 25cm,Pyrex Cook & Freeze Dish with Lid 25cm,£8.99,£8.99 each,,home-garden
"Pyrex Cook&Go Glass Roaster, Large 30cm","Pyrex Cook&Go Glass Roaster, Large 30cm",£18.95,£18.95 each,,home-garden
"Pyrex Cook&Go Glass Roaster, Small 20cm","Pyrex Cook&Go Glass Roaster, Small 20cm",£9.99,£9.99 each,,home-garden
"Pyrex Cook&Go Round Glass Roaster, Small 15cm","Pyrex Cook&Go Round Glass Roaster, Small 15cm",£9.99,£9.99 each,,home-garden
"Pyrex Cook&Go Square Glass Roaster, Small 16cm","Pyrex Cook&Go Square Glass Roaster, Small 16cm",£9.99,£9.99 each,,home-garden
"Pyrex Cook & Store 3 Piece Set, Red","Pyrex Cook & Store 3 Piece Set, Red3 per pack",£19.65,£6.55 each,,home-garden
"Pyrex Crisper Tray, 34-49cm by 30cm","Pyrex Crisper Tray, 34-49cm by 30cm",£16.10,£16.10 each,,home-garden
Pyrex Easy Grip Casserole Dish 5.8L,Pyrex Easy Grip Casserole Dish 5.8L,£20,£20.00 each,,home-garden
Pyrex Glass Bowl,Pyrex Glass Bowl,£6,,,home-garden
Pyrex Jug with Lid 1L,Pyrex Jug with Lid 1L,£11.45,£11.45 each,,home-garden
Pyrex Magic 12 Cup Muffin Tin 31cm,Pyrex Magic 12 Cup Muffin Tin 31cm,£11.50,£11.50 each,,home-garden
Pyrex Magic 6 Cup Muffin Tin 23cm,Pyrex Magic 6 Cup Muffin Tin 23cm,£8,£8.00 each,,home-garden
Pyrex Magic Cake Tin 20cm,Pyrex Magic Cake Tin 20cm,£9.15,£9.15 each,,home-garden
Pyrex Magic Cake Tin 26cm,Pyrex Magic Cake Tin 26cm,£9.99,£9.99 each,,home-garden
Pyrex Magic Extendable Tray,Pyrex Magic Extendable Tray,£16,,,home-garden
Pyrex Magic Loaf Tin 26cm,Pyrex Magic Loaf Tin 26cm,£6.85,£6.85 each,,home-garden
Pyrex Measuring Jug 0.5 Litre,Pyrex Measuring Jug 0.5 Litre,£5.50,,,home-garden
Pyrex Measuring Jug 1 Litre,Pyrex Measuring Jug 1 Litre,£6.50,,,home-garden
Pyrex Mixing Bowl 2 Litre,Pyrex Mixing Bowl 2 Litre,£5,,,home-garden
Pyrex Mixing Bowl Set,Pyrex Mixing Bowl Set3 per pack,£15,£5.00 each,,home-garden
Pyrex Optimum Glass Roaster 39cm,Pyrex Optimum Glass Roaster 39cm,£14,£14.00 each,,home-garden
Pyrex Oval Roaster & Rack 39x27cm,Pyrex Oval Roaster & Rack 39x27cm,£20,£20.00 each,,home-garden
Pyrex Rectangular 33cm Metal Oven Tray,Pyrex Rectangular 33cm Metal Oven Tray,£7,,,home-garden
Pyrex Rectangular 35cm Metal Roaster ,Pyrex Rectangular 35cm Metal Roaster ,£9,,,home-garden
Pyrex Rectangular Dish With Lid 1.5 Litre,Pyrex Rectangular Dish With Lid 1.5 Litre,£7.50,,,home-garden
Pyrex Rectangular Roaster,Pyrex Rectangular Roaster,£6,,,home-garden
Pyrex Rectangular Roaster,Pyrex Rectangular Roaster,£7.50,,,home-garden
Pyrex Small Glass Baking Tray 25cm,Pyrex Small Glass Baking Tray 25cm,£5.80,£5.80 each,,home-garden
Pyrex Square Roaster ,Pyrex Square Roaster ,£5.50,,,home-garden
"Pyrex Supreme Ceramic Pie Dish, White 25cm","Pyrex Supreme Ceramic Pie Dish, White 25cm",£11.99,£11.99 each,,home-garden
"Pyrex Supreme Ceramic Roaster, White 22cm","Pyrex Supreme Ceramic Roaster, White 22cm",£9.95,£9.95 each,,home-garden
"Pyrex Supreme Ceramic Roaster, White 26cm","Pyrex Supreme Ceramic Roaster, White 26cm",£11.95,£11.95 each,,home-garden
Ravenhead Entertain Beer Glasses Set ,Ravenhead Entertain Beer Glasses Set 4 per pack,£9.99,£2.50 each,,home-garden
Ravenhead Entertain Cocktail Glasses Set 420ml,Ravenhead Entertain Cockt...2 per pack,£6.99,£3.50 each,,home-garden
Ravenhead Entertain Gin Balloon Glasses Set ,Ravenhead Entertain Gin Balloon Glasses Set 2 per pack,£8,£4.00 each,,home-garden
Ravenhead Essentials Fridge Jug with Lid 1L,Ravenhead Essentials Fridge Jug with Lid 1L,£4,£4.00 each,,home-garden
Ravenhead Essentials Jewel Hi-Ball Glasses Set 380ml,Ravenhead Essentials Jewel Hi...4 per pack,£8.05,£2.01 each,,home-garden
Ravenhead Essentials Jewel Mixer Glasses Set ,Ravenhead Essentials Jewel Mixer Glasses Set 4 per pack,£6.90,£1.73 each,,home-garden
Ravenhead Essentials Nonik Pint Glasses Set 560mll,Ravenhead Essentials Nonik...2 per pack,£5.75,£2.88 each,,home-garden
Ravenhead Majestic Flute Glasses Set 210ml,Ravenhead Majestic Flute Glasses Set 210ml4 per pack,£10.50,£2.63 each,,home-garden
Ravenhead Majestic Mixer Glasses Set 310ml,Ravenhead Majestic Mixer Glasses Set 310ml4 per pack,£8,£2.00 each,,home-garden
Ravenhead Majestic Red Wine Glasses Set,Ravenhead Majestic Red Wine Glasses Set4 per pack,£10.50,£2.63 each,,home-garden
Ravenhead Majestic White Wine Glasses 30cl,Ravenhead Majestic White Wine Glasses 30cl4 per pack,£10.50,£2.63 each,,home-garden
Ravenhead Mode Champagne Flutes Set,Ravenhead Mode Champagne Flutes Set4 per pack,£10.35,£2.59 each,,home-garden
Ravenhead Mode Highballs Set,Ravenhead Mode Highballs Set4 per pack,£8.50,£2.13 each,,home-garden
Ravenhead Mode Mixer Glasses Set,Ravenhead Mode Mixer Glasses Set,£8,£8.00 each,,home-garden
Ravenhead Mode Red Wine Glasses Set ,Ravenhead Mode Red Wine Glasses Set 4 per pack,£10.35,£2.59 each,,home-garden
Ravenhead Mode White Wine Glasses Set,Ravenhead Mode White Wine Glasses Set4 per pack,£9,£2.25 each,,home-garden
"Recycled Plastic Glass, 530ml","Recycled Plastic Glass, 530ml12 per pack",£3.35,27.9p each,,home-garden
Red Compostable Paper Napkins,Red Compostable Paper Napkins125 per pack,£3.50,2.8p each,,home-garden
Red Dunicel Table Cover 118x180cm,Red Dunicel Table Cover 118x180cm,£3.50,£3.50 each,,home-garden
Redex Diesel Particulate Filter Cleaner,Redex Diesel Particulate Filter Cleaner250ml,£8.50,£3.40 per 100ml,,home-garden
Redex Emissions Reducer Diesel,Redex Emissions Reducer Diesel400ml,£9,£2.25 per 100ml,,home-garden
Redex Emissions Reducer Petrol,Redex Emissions Reducer Petrol400ml,£9,£2.25 per 100ml,,home-garden
Red Retrospot Design Jumbo Storage,Red Retrospot Design Jumbo Storage,£4.95,£4.95 each,,home-garden
Resolva Path & Drive Weedkiller,Resolva Path & Drive Weedkiller1L,£5,£5.00 per litre,,home-garden
Resolva Xtra Fast Weedkiller Rtu,Resolva Xtra Fast Weedkiller Rtu1L,£5,50p per 100ml,,home-garden
Resolva Xtra Fast Weedkiller Rtu,Resolva Xtra Fast Weedkiller Rtu3L,£15,50p per 100ml,,home-garden
Rex London Animal Band Lunch Bag,Rex London Animal Band Lunch Bag,£3.95,£3.95 each,,home-garden
Rex London Colourful Creatures Colouring Pencils (Set of 10),Rex London Colourful Creatures Colo...,£2.10,£2.10 each,,home-garden
Rex London Miko the Panda Kids Umbrella,Rex London Miko the Panda Kids Umbrella,£8.95,£8.95 each,,home-garden
Rex London Prehistoric Land Colouring Pencils (Set Of 10),Rex London Prehistoric Land Colou...,£2.10,£2.10 each,,home-garden
Rex London Prehistoric Land Pencil Case,Rex London Prehistoric Land Pencil Case,£8.25,£8.25 each,,home-garden
Rex London Space Age Pencil Case,Rex London Space Age Pencil Case,£8.25,£8.25 each,,home-garden
Rex London Unicorn Flask and Cup 350ml,Rex London Unicorn Flask and Cup 350ml,£12.95,£12.95 each,,home-garden
REX London Unicorn Melamine Bowl,REX London Unicorn Melamine Bowl,£6.95,£6.95 each,,home-garden
REX London Unicorn Melamine Plate,REX London Unicorn Melamine Plate,£6.95,£6.95 each,,home-garden
Rex London Wild Wonders A5 Notebook,Rex London Wild Wonders A5 Notebook,£2.70,£2.70 each,,home-garden
Rex London Wild Wonders Pencil Case,Rex London Wild Wonders Pencil Case,£8.25,£8.25 each,,home-garden
Rex London World Map Jumbo Storage Bag,Rex London World Map Jumbo Storage Bag,£5.85,£5.85 each,,home-garden
Rick Stein's Secret France,Rick Stein's Secret France,£28,£28.00 each,,home-garden
RMS 12 Colouring Pencils,RMS 12 Colouring Pencils12 per pack,£1,8.3p each,,home-garden
RMS Felt Tip Pens ,RMS Felt Tip Pens 24 per pack,£1.50,6.3p each,,home-garden
RMS Rainbow Box Of Craft,RMS Rainbow Box Of Craft,£6,,,home-garden
Rocket TT Super Lubricant Tube,Rocket TT Super Lubricant Tube,£6.50,,,home-garden
Rolson 14 In 1 Ratcheting Screwdriver & Bit Set,Rolson 14 In 1 Ratcheting Screwdriver & Bit Set,£6.50,,,home-garden
Rolson 3 LED Dyno Torch Black,Rolson 3 LED Dyno Torch Black,£3.50,£3.50 each,,home-garden
Rolson 8pc Screwdriver Set,Rolson 8pc Screwdriver Set,£5,£5.00 each,,home-garden
Rolson Nitrile Coated Work Gloves,Rolson Nitrile Coated Work Gloves,£2,,,home-garden
Ronseal Teak Oil 500Ml,Ronseal Teak Oil 500Ml500ml,£5.50,£1.10 per 100ml,,home-garden
Rosa's Thai Cafe The Cookbook,Rosa's Thai Cafe The Cookbook,£22.50,£22.50 each,,home-garden
Roseclear Action Organic,Roseclear Action Organic3 x 800ml,£5,20.8p per 100ml,,home-garden
Rounded Teak Wood Serving Bowl  ,Rounded Teak Wood Serving Bowl  ,£24.45,£24.45 each,,home-garden
Roundup Speed Ultra Weedkiller,Roundup Speed Ultra Weedkiller3L,£13,£4.33 per litre,,home-garden
Royal Mail 1st Class Large Letter Stamp Books,Royal Mail 1st Class Large Letter Stamp Books4 per pack,£6.40,£1.60 each,,home-garden
Royal Mail 1st Class Stamps,Royal Mail 1st Class Stamps8 per pack,£8.80,£1.10 each,,home-garden
Royal Mail 2nd Class Large Letter Stamp Books,Royal Mail 2nd Class Large Letter Stamp Books4 per pack,£4.60,£1.15 each,,home-garden
Royal Mail 2nd Class Stamps,Royal Mail 2nd Class Stamps8 per pack,£6,75p each,,home-garden
Russell Hobbs 1.5L White Jug Blender ,Russell Hobbs 1.5L White Jug Blender ,£23,,,home-garden
Russell Hobbs 22220 Mini Chopper 1 litre,Russell Hobbs 22220 Mini Chopper 1 litre,£15,,,home-garden
Russell Hobbs    3 Tier Steamer   21140,Russell Hobbs    3 Tier Steamer   21140,£40,,,home-garden
Russell Hobbs 4 Portion Deep Fill Toastie Maker,Russell Hobbs 4 Portion Deep Fill Toastie Maker,£32,,,home-garden
Russell Hobbs Brushed & Polished Stainless Steel 4 Slice Toaster,Russell Hobbs Brushed & Polished Stai...,£35,,,home-garden
Russell Hobbs Cordless Electric Honeycomb Kettle Black 26051,Russell Hobbs Cordless Electric Hon...,£25,,,home-garden
Russell Hobbs Food Collection Hand Mixer,Russell Hobbs Food Collection Hand Mixer,£15,,,home-garden
Russell Hobbs Groove 2 Slice Toaster Black,Russell Hobbs Groove 2 Slice Toaster Black,£32,,,home-garden
Russell Hobbs Groove 2 Slice Toaster Grey,Russell Hobbs Groove 2 Slice Toaster Grey,£32,,,home-garden
Russell Hobbs Groove Kettle Black,Russell Hobbs Groove Kettle Black,£32,,,home-garden
Russell Hobbs Groove Kettle Grey,Russell Hobbs Groove Kettle Grey,£32,,,home-garden
Russell Hobbs Hand Blender 22241,Russell Hobbs Hand Blender 22241,£14,,,home-garden
Russell Hobbs Large 14 Serving Rice Cooker 27040,Russell Hobbs Large 14 Serv...,£30,,,home-garden
Russell Hobbs Purity Kettle,Russell Hobbs Purity Kettle,£32,,,home-garden
Russell Hobbs Stainless Steel Quiet Boil Kettle 20460,Russell Hobbs Stainless Steel...,£32,,,home-garden
Russell Hobbs Supreme Steam Ultra Iron,Russell Hobbs Supreme Steam Ultra Iron,£30,,,home-garden
Salter 1064 WHDR Salter Super Clear White Glass Scale,Salter 1064 WHDR Salter Super...,£31.40,£31.40 each,,home-garden
Salter 9221 BK3R Eco Rechargeable Bath Scale,Salter 9221 BK3R Eco Rechargeable Bath Scale,£40.85,£40.85 each,,home-garden
Salter Arc Black Scales,Salter Arc Black Scales,£10,,,home-garden
"Salter Digital Kitchen Scales with Dual Pour Mixing Bowl, White",Salter Digital Kitchen Scales with Du...,£25,£25.00 each,,home-garden
Salter Mechanical Bathroom Scale,Salter Mechanical Bathroom Scale,£15,£15.00 each,,home-garden
Salter Ultra Slim Glass Body Analyser Scale,Salter Ultra Slim Glass Body Analyser Scale,£16,,,home-garden
Sass & Belle 20cm x 29cm Black Stripe Basket  ,Sass & Belle 20cm x 29cm Black Stripe Basket  ,£15,£15.00 each,,home-garden
Sass & Belle Arizona Blanket Throw,Sass & Belle Arizona Blanket Throw,£23.90,£23.90 each,,home-garden
Sass & Belle Blue Wave Soap Dish,Sass & Belle Blue Wave Soap Dish,£6.25,£6.25 each,,home-garden
Sass & Belle Blue Wave Soap Dispenser,Sass & Belle Blue Wave Soap Dispenser,£12.40,£12.40 each,,home-garden
Sass & Belle Blue Wave Tumbler,Sass & Belle Blue Wave Tumbler,£5.25,£5.25 each,,home-garden
Sass & Belle Blue Willow Large Planter,Sass & Belle Blue Willow Large Planter,£9.95,£9.95 each,,home-garden
Sass & Belle Green Wire Storage Basket Set of 2,Sass & Belle Green Wire Storage Basket Set of 22 per pack,£18.70,£9.35 each,,home-garden
Sass & Belle Grooved Vase Large Off White,Sass & Belle Grooved Vase Large Off White,£20.70,£20.70 each,,home-garden
Sass & Belle Industrial Wire Baskets Set of 2,Sass & Belle Industrial Wire Baskets Set of 22 per pack,£18.70,£9.35 each,,home-garden
Sass & Belle Matte Finish Metal Vase,Sass & Belle Matte Finish Metal Vase,£22.75,£22.75 each,,home-garden
Sass & Belle Mojave Glaze Green Large Vase,Sass & Belle Mojave Glaze Green Large Vase,£18.70,£18.70 each,,home-garden
Sass & Belle Mojave Glaze Grey Large Vase,Sass & Belle Mojave Glaze Grey Large Vase,£18.70,£18.70 each,,home-garden
Sass & Belle Mojave Glaze Grey Mug,Sass & Belle Mojave Glaze Grey Mug,£9.40,£9.40 each,,home-garden
Sass & Belle Mojave Glaze Grey Planter,Sass & Belle Mojave Glaze Grey Planter,£13.50,£13.50 each,,home-garden
Sass & Belle Mojave Glaze Grey Vase,Sass & Belle Mojave Glaze Grey Vase,£6.75,£6.75 each,,home-garden
Sass & Belle Nevada Pink Herringbone Blanket Throw,Sass & Belle Nevada Pink He...,£23.90,£23.90 each,,home-garden
Sass & Belle Polished Gold & Black Metal Planter Small,Sass & Belle Polished Gold & Bl...,£9.95,£9.95 each,,home-garden
Sass & Belle Polished Gold Metal Planter,Sass & Belle Polished Gold Metal Planter,£14.95,£14.95 each,,home-garden
Sass & Belle Queen Bee Planter Large,Sass & Belle Queen Bee Planter Large,£8.95,£8.95 each,,home-garden
Sass & Belle Queen Bee Vases - Set of 3,Sass & Belle Queen Bee Vases - Set of 33 per pack,£19.90,£6.63 each,,home-garden
Sass & Belle Recycled Glass Vintage Bud Vase Pale Blue Set 3,Sass & Belle Recycled Glass Vintage...3 per pack,£19.90,£6.63 each,,home-garden
Sass & Belle Round Fluted Glass Vase Clear,Sass & Belle Round Fluted Glass Vase Clear,£19.90,£19.90 each,,home-garden
Sass & Belle Round  Fluted Glass Vase Green,Sass & Belle Round  Fluted Glass Vase Green,£19.90,£19.90 each,,home-garden
Sass & Belle Scandi Boho Stripe Blanket Throw,Sass & Belle Scandi Boho Stripe Blanket Throw,£23.90,£23.90 each,,home-garden
Sass & Belle Tall Fluted Glass Vase Clear,Sass & Belle Tall Fluted Glass Vase Clear,£14.95,£14.95 each,,home-garden
Sass & Belle Tall Fluted Glass Vase Green,Sass & Belle Tall Fluted Glass Vase Green,£14.95,£14.95 each,,home-garden
Sass & BelleTotem Grey Vase Large,Sass & BelleTotem Grey Vase Large,£17.80,£17.80 each,,home-garden
Sass & Belle White Wood Photo Frame,Sass & Belle White Wood Photo Frame,£6.25,£6.25 each,,home-garden
Scentsational Pals Colour & Activity Kit,Scentsational Pals Colour & Activity Kit,£3,,,home-garden
Scotts Evergreen Complete Spreader,Scotts Evergreen Complete Spreader3.5kg,£11,£3.14 per kg,,home-garden
Scoville Always 24cm Open Frypan,Scoville Always 24cm Open Frypan,£11,,"Offer price £11, was £16",home-garden
Scoville Always 26cm Saute Pan,Scoville Always 26cm Saute Pan26cm,£16,£61.54 per 1m,"Offer price £16, was £21",home-garden
Scoville Always 28cm Frypan,Scoville Always 28cm Frypan,£13,,"Offer price £13, was £19",home-garden
Scoville Always 28cm Shallow Casserole,Scoville Always 28cm Shallow Casserole,£20,,"Offer price £20, was £25",home-garden
Scoville Always 28cm Wok Pan,Scoville Always 28cm Wok Pan28cm,£20,£71.43 per 1m,,home-garden
Scoville Always 30cm Open Frypan,Scoville Always 30cm Open Frypan,£15,,"Offer price £15, was £22",home-garden
Scoville Always Frypan,Scoville Always Frypan20cm,£9,£45.00 per 1m,"Offer price £9, was £12",home-garden
Scoville Always Non-Stick 5 Piece Set,Scoville Always Non-Stick 5 Piece Set5 per pack,£45,£9.00 each,,home-garden
Sellotape Double Sided Tape,Sellotape Double Sided Tape,£3.75,,,home-garden
Sellotape Zero Plastic,Sellotape Zero Plastic,£2.50,,,home-garden
Sharpie Fine Permanent Marker 5Ct,Sharpie Fine Permanent Marker 5Ct,£5,,,home-garden
Sharpie Permanent Markers,Sharpie Permanent Markers4 per pack,£5,£1.25 each,,home-garden
Silentnight Bounceback Pillows ,Silentnight Bounceback Pillows 4 per pack,£20,£5.00 each,,home-garden
Silentnight Eco Comfort Sage Bath Towel,Silentnight Eco Comfort Sage Bath Towel,£12,,,home-garden
Silentnight Eco Comfort Sage Face Cloth,Silentnight Eco Comfort Sage Face Cloth,£2,,,home-garden
Silentnight Eco Comfort Sage Hand Towel,Silentnight Eco Comfort Sage Hand Towel,£7,,,home-garden
Silentnight Luxury Hotel Collection 10.5 Tog Duvet Double,Silentnight Luxury Hotel Collecti...,£25,,,home-garden
Silentnight Luxury Hotel Collection 10.5 Tog Duvet Superking,Silentnight Luxury Hotel Collection...,£35,,,home-garden
Silentnight V Shaped Support Pillow,Silentnight V Shaped Support Pillow,£12,,,home-garden
"Silicone Spatula 27cm, Grey","Silicone Spatula 27cm, Grey",£6,£6.00 each,,home-garden
Silicone Spatula Green,Silicone Spatula Green,£6,£6.00 each,,home-garden
"Silicone Spoon 28cm, Grey","Silicone Spoon 28cm, Grey",£6,£6.00 each,,home-garden
Silicone Spoon Green,Silicone Spoon Green,£6,£6.00 each,,home-garden
Silver Corkscrew,Silver Corkscrew,£16.50,£16.50 each,,home-garden
Silver Ice Cream Scoop,Silver Ice Cream Scoop,£7.35,£7.35 each,,home-garden
Silver Pizza Wheel,Silver Pizza Wheel,£9.15,£9.15 each,,home-garden
"Silver Round Cake Drum, 25cm","Silver Round Cake Drum, 25cm",£3.25,£3.25 each,,home-garden
Silver Y-Shaped Peeler,Silver Y-Shaped Peeler,£7.35,£7.35 each,,home-garden
Silvex Aluminium Foil 10m,Silvex Aluminium Foil 10m,£3,,,home-garden
Silvine A3+ Twin Wire Sketch Pad,Silvine A3+ Twin Wire Sketch Pad,£4.99,£4.99 each,,home-garden
Silvine A4+ Twin Wire Sketch Pad,Silvine A4+ Twin Wire Sketch Pad,£2.99,£2.99 each,,home-garden
Silvine A4 Premium Recycled Refill Pad,Silvine A4 Premium Recycled Refill Pad,£3.15,£3.15 each,,home-garden
Silvine A4 Recycled Notebook Kraft Cover,Silvine A4 Recycled Notebook Kraft Cover,£3.65,£3.65 each,,home-garden
Silvine A4 Tracing Pad,Silvine A4 Tracing Pad,£3.99,£3.99 each,,home-garden
Silvine A4 Twin Wire Recycled Notebook,Silvine A4 Twin Wire Recycled Notebook,£4,£4.00 each,,home-garden
Silvine A5 Recycled Notebook Kraft Cover,Silvine A5 Recycled Notebook Kraft Cover,£3,£3.00 each,,home-garden
Silvine A5 Twin Wire Recycled Notebook,Silvine A5 Twin Wire Recycled Notebook,£2.59,£2.59 each,,home-garden
Silvine Big Green Recycled Sketch Book,Silvine Big Green Recycled Sketch Book,£2.70,£2.70 each,,home-garden
Simoniz Back To Black Tyre And Trim,Simoniz Back To Black Tyre And Trim500ml,£5.50,£1.10 per 100ml,,home-garden
Simoniz Diamond Wax & Polish,Simoniz Diamond Wax & Polish500ml,£6,£1.20 per 100ml,,home-garden
Simoniz Insect & Dirt Remover,Simoniz Insect & Dirt Remover500ml,£5.50,£1.10 per 100ml,,home-garden
Simoniz Microfibre Wash Mitt,Simoniz Microfibre Wash Mitt,£4,,,home-garden
Simoniz Multi-Surface Interior Cleaner,Simoniz Multi-Surface Interior Cleaner500ml,£5.50,£1.10 per 100ml,,home-garden
Simoniz Quickshine Detailer Wax,Simoniz Quickshine Detailer Wax500ml,£5.50,£1.10 per 100ml,,home-garden
Simoniz Scratch & Swirl Remover,Simoniz Scratch & Swirl Remover500ml,£5,£1.00 per 100ml,,home-garden
Siskin 1M Charge & Sync Cable Usb Type C,Siskin 1M Charge & Sync Cable Usb Type C,£4,,,home-garden
Sistema 1.2L Lunch Plus To Go,Sistema 1.2L Lunch Plus To Go,£5,,,home-garden
Sistema 2 Litre Lunch Box,Sistema 2 Litre Lunch Box,£4.50,,,home-garden
Sistema 480ml Swift Squeeze Bottle,Sistema 480ml Swift Squeeze Bottle,£2.50,,,home-garden
Sistema 515ml Snack Capsule To Go,Sistema 515ml Snack Capsule To Go,£5,,,home-garden
Sistema Bakery Dry Ingredients Storage with Measuring Cup 2.4L,Sistema Bakery Dry Ingredients Stor...,£8.05,£8.05 each,,home-garden
Sistema Bakery Plastic Cake & Muffin Box 8.8L,Sistema Bakery Plastic Cake & Muffin Box 8.8L,£20,£20.00 each,,home-garden
"Sistema Fresh Food Container, 200ml, Green","Sistema Fresh Food Container, 200ml, Green3 per pack",£6.99,£2.33 each,,home-garden
Sistema Fresh Food Container 7L,Sistema Fresh Food Container 7L,£9.99,£9.99 each,,home-garden
Sistema Knick Knack Pack Mini To Go,Sistema Knick Knack Pack Mini To Go4 per pack,£6.50,£1.63 each,,home-garden
Sistema Plastic Noodle Bowl 940ml,Sistema Plastic Noodle Bowl 940ml,£6,£6.00 each,,home-garden
Sistema Plastic Porridge Bowl 850ml,Sistema Plastic Porridge Bowl 850ml,£6,£6.00 each,,home-garden
Sistema Snacks To Go,Sistema Snacks To Go400ml,£3.50,87.5p per 100ml,,home-garden
Sistema Squeeze Bottle 330ml,Sistema Squeeze Bottle 330ml,£2,,,home-garden
Sistema To Go Bento Lunch 1.65L,Sistema To Go Bento Lunch 1.65L,£8,,,home-garden
Sistema Tritan Swift Bottle,Sistema Tritan Swift Bottle600ml,£6,£1.00 per 100ml,,home-garden
"Sistema Tritan Ultra Collection Round Storage Container, White/Grey 1.2L",Sistema Tritan Ultra Collection...,£8,£8.00 each,,home-garden
"Sistema Tritan Ultra Round Storage Container, White/Grey 330ml",Sistema Tritan Ultra Round Storage...,£5,£5.00 each,,home-garden
"Sistema Tritan Ultra Round Storage Container, White/Grey 770ml",Sistema Tritan Ultra Round Storage...,£6.50,£6.50 each,,home-garden
Slotted Turner Green ,Slotted Turner Green ,£6,£6.00 each,,home-garden
Snopake 36gm PVP Glue Stick,Snopake 36gm PVP Glue Stick,£1.99,£1.99 each,,home-garden
Snopake 7ml PinPoint Correction Pen,Snopake 7ml PinPoint Correction Pen,£1.68,£1.68 each,,home-garden
Snopake A4 2-ring Ringbinder  25mm Capacity Clear,Snopake A4 2-ring Ringbinde...,£4,£4.00 each,,home-garden
Snopake A4 Polyfile Landscape Clear,Snopake A4 Polyfile Landscape Clear,£1.39,£1.39 each,,home-garden
Snopake A4 Rainbow 13 Part Suspension File Expander with Dividers + Tabs ,Snopake A4 Rainbow 13 Part Susp...,£18.95,£18.95 each,,home-garden
Snopake A4 Rainbow Portable Organiser 6 Part with Dividers + Tabs ,Snopake A4 Rainbow Portable Organiser 6...,£9.99,£9.99 each,,home-garden
Snopake Eligo 13 Part Portrait Desk Expander,Snopake Eligo 13 Part Portrait Desk Expander,£12.99,£12.99 each,,home-garden
Snopake RingBinder 20 Pocket Display Book A4 Clear,Snopake RingBinder 20 Pocke...20 per pack,£5.65,28.3p each,,home-garden
Snopake Sticky Note Cube Neon 450 Sheets 5 Colours ,Snopake Sticky Note Cube Neon...,£4,£4.00 each,,home-garden
Snopake Sticky Notes  Yellow 76mm x 76mm 100 Sheets ,Snopake Sticky Notes  Yellow...,£3.95,£3.95 each,,home-garden
SodaStream Classics Diet Tonic,SodaStream Classics Diet Tonic440ml,£3.95,89.8p per 100ml,,home-garden
SodaStream Spare CO2 Gas Cylinder,SodaStream Spare CO2 Gas Cylinder425g,£26.40,£6.21 per 100g,,home-garden
Solvite 10 Roll All Purpose Paste Sachet,Solvite 10 Roll All Purpose Paste Sachet190g,£3.50,£1.84 per 100g,,home-garden
Soup To Go Mug,Soup To Go Mug,£5,,,home-garden
Spiderman Neighbourhood 600ml Sports Bottle,Spiderman Neighbourhood...,£4,,,home-garden
Spiderman Neighbourhood Lunch Bag,Spiderman Neighbourhood Lunch Bag,£7.50,,,home-garden
Spontex Microfibre Cloth 4 pack,Spontex Microfibre Cloth 4 pack4 per pack,£3.30,82.5p each,,home-garden
Stabilo Boss Original Pastel,Stabilo Boss Original Pastel4 per pack,£4,£1.00 each,,home-garden
Staedtler Lumocolor Bullet Tip Permanent Markers ,Staedtler Lumocolor Bullet Tip Permanent Markers 6 per pack,£10.50,£1.75 each,,home-garden
Staedtler Lumocolor Whiteboard Markers,Staedtler Lumocolor Whiteboard Markers4 per pack,£7,£1.75 each,,home-garden
Staedtler Noris Assorted Pencils (5),Staedtler Noris Assorted Pencils (5),£2.20,£2.20 each,,home-garden
Staedtler Noris Pencils Box HB,Staedtler Noris Pencils Box HB12 per pack,£6,50p each,,home-garden
Staedtler Stationery Office Set,Staedtler Stationery Office Set,£4.50,,,home-garden
Staedtler Textsurfer Highlighter Set,Staedtler Textsurfer Highlighter Set,£8,£8.00 each,,home-garden
Staedtler Tradition Eraser 4 Pack,Staedtler Tradition Eraser 4 Pack,£4.50,£4.50 each,,home-garden
Staedtler Tradition Eraser and Sharpener,Staedtler Tradition Eraser and Sharpener,£2.50,£2.50 each,,home-garden
Staedtler Triplus Fineliner Coloured Pens,Staedtler Triplus Fineliner Coloured Pens20 per pack,£17.25,86.3p each,,home-garden
Stainless Steel Medium Bag Clips,Stainless Steel Medium Bag Clips3 per pack,£4,£1.33 each,,home-garden
Stainless Steel Small Bag Clips,Stainless Steel Small Bag Clips6 per pack,£6,£1.00 each,,home-garden
"Stainless Steel Tongs, Green","Stainless Steel Tongs, Green",£6,£6.00 each,,home-garden
"Stainless Steel Tongs 23cm, Grey","Stainless Steel Tongs 23cm, Grey",£6,£6.00 each,,home-garden
Status 24 Hour Plug In Timer Switch,Status 24 Hour Plug In Timer Switch,£5,,,home-garden
Status 5.5W Gu10 SMART Wi-fi Colour Changing Temperature LED Light Bulb,Status 5.5W Gu10 SMART Wi-fi...,£10,,,home-garden
Status 5.5W SMART Wi-fi Colour Changing Temperature LED Candle Light Bulb,Status 5.5W SMART Wi-fi Colour...,£10,,,home-garden
Status 7 Day Digital Timer Switch,Status 7 Day Digital Timer Switch,£7.50,,,home-garden
Status 9W SMART Wi-fi Colour Changing Temperature LED GLS Light Bulb,Status 9W SMART Wi-fi Colour...,£12,,,home-garden
Status 9W Smart Wifi Led Gls Light Bulb Edison Screw Cap,Status 9W Smart Wifi Led Gls Li...,£12,,,home-garden
Status Multi Coloured Cable Tie Tube,Status Multi Coloured Cable Tie Tube,£2.75,,,home-garden
Status Pvc Electric Tape 5 Pack,Status Pvc Electric Tape 5 Pack5 per pack,£3.65,73p each,,home-garden
Status Smart Wifi Plug In Socket,Status Smart Wifi Plug In Socket,£12,,,home-garden
Status Universal Car Bulb Kit,Status Universal Car Bulb Kit,£5,,,home-garden
Sterling 70Mm Stainless Steel Disc Padlock,Sterling 70Mm Stainless Steel Disc Padlock,£10,,,home-garden
Sterling Cable Clips,Sterling Cable Clips,£2.50,,,home-garden
Sterling Nails And Pins Set,Sterling Nails And Pins Set,£2.50,,,home-garden
Sterling Picture Hanging Set,Sterling Picture Hanging Set,£2.50,,,home-garden
Sterling Screws And Plug Set,Sterling Screws And Plug Set,£2.50,,,home-garden
Supersoft Pearl Grey Towel,Supersoft Pearl Grey Towel,£1,,,home-garden
Supersoft Teal Towel,Supersoft Teal Towel,£1,,,home-garden
Swordfish 6 Sheet Cross Cut Shredder ,Swordfish 6 Sheet Cross Cut Shredder ,£50,£50.00 each,,home-garden
Swordfish Compact  330LR A3 Laminator,Swordfish Compact  330LR A3 Laminator,£50,£50.00 each,,home-garden
Swordfish Desktop Mechanical Pencil Sharpener,Swordfish Desktop Mechani...,£7.50,£7.50 each,,home-garden
"Tala 4 Non-stick Pudding Moulds, Single portion ","Tala 4 Non-stick Pudding Moulds, Single portion ",£15.75,£15.75 each,,home-garden
"Tala  50 18cm Bamboo Skewers for BBQ's, Kebabs, ",Tala  50 18cm Bamboo Skewer...50 per pack,£1.69,3.4p each,,home-garden
Talking Tables Metallic Gold Slogan Napkin,Talking Tables Metallic Gold Slogan Napkin,£2,,,home-garden
Talking Tables Silver Metallic Slogan Napkins,Talking Tables Silver Metallic Slogan Napkins16 per pack,£1.75,10.9p each,,home-garden
Tcp Smart Led Double Switch,Tcp Smart Led Double Switch,£25,,,home-garden
TCP Smart LED Gu10 380Lm 35W Wi-fi Light Bulb,TCP Smart LED Gu10 380Lm...,£15,,,home-garden
Tefal Cook Natural Frying Pan 24Cm,Tefal Cook Natural Frying Pan 24Cm,£11,,,home-garden
Tefal Cook Natural Frying Pan 28Cm,Tefal Cook Natural Frying Pan 28Cm,£13,,,home-garden
Tefal Cook Natural Wok 28cm,Tefal Cook Natural Wok 28cm,£16,,,home-garden
Tefal Essential 5 Piece Pots & Pans Set,Tefal Essential 5 Piece Pots & Pans Set,£65,,,home-garden
Tefal Titanium Excellence 18cm Saucepan ,Tefal Titanium Excellence 18cm Saucepan ,£24,,,home-garden
Tefal Titanium Excellence 20cm Saucepan,Tefal Titanium Excellence 20cm Saucepan,£26,,,home-garden
Tefal Titanium Excellence 21cm Frying Pan,Tefal Titanium Excellence 21cm Frying Pan21cm,£19,£90.48 per 1m,,home-garden
Tefal Titanium Excellence 24cm Stew Pot,Tefal Titanium Excellence 24cm Stew Pot24cm,£40,£166.67 per 1m,,home-garden
Tefal Titanium Excellence Frying Pan,Tefal Titanium Excellence Frying Pan20cm,£17,£85.00 per 1m,,home-garden
Tefal Titanium Excellence Frying Pan 24cm,Tefal Titanium Excellence Frying Pan 24cm,£21,,,home-garden
Tefal Titanium Excellence Frying Pan 28cm,Tefal Titanium Excellence Frying Pan 28cm,£24,,,home-garden
Tefal Titanium Excellence Frying Pan 32cm,Tefal Titanium Excellence Frying Pan 32cm,£28,,,home-garden
Tefal Titanium Excellence Square Grill Pan,Tefal Titanium Excellence Square Grill Pan,£27,,,home-garden
Tefal Titanium Excellence Wok 28cm,Tefal Titanium Excellence Wok 28cm,£28,,,home-garden
"Terence Conran Caspian Cotton Waffle, Duvet Set","Terence Conran Caspian Cotton Waffle, Duvet Set",£40.30,0.1p each,,home-garden
"Terence Conran Chelsea Textured Stripe, Duvet Set","Terence Conran Chelsea Textured Stripe, Duvet Set",£45.20,0.1p each,,home-garden
"Terence Conran Washed Texture, Single Duvet Set, Grey",Terence Conran Washed Texture...135 x 200 per pack,£40.30,0.1p each,,home-garden
Tetrion Make Good 4 In 1,Tetrion Make Good 4 In 1330g,£5.25,£1.59 per 100g,,home-garden
Tetrion Wood Fill Ready Mixed Tube,Tetrion Wood Fill Ready Mixed Tube330g,£6,£1.82 per 100g,,home-garden
The Borough Market Cookbook,The Borough Market Cookbook,£27,£27.00 each,,home-garden
The Green Roasting Tin,The Green Roasting Tin,£18,£18.00 each,,home-garden
The Hummingbird Bakery Cookbook,The Hummingbird Bakery Cookbook,£20,£20.00 each,,home-garden
The Ice Co Super Cubes,The Ice Co Super Cubes1kg,£1.15,£1.15 per kg,"Offer price £1.15, was £1.25",home-garden
Thermocafe By Thermos 400ml Food Flask ,Thermocafe By Thermos 400ml Food Flask ,£10,,"Offer price £10, was £13",home-garden
Thermocafe Stainless Steel Flask Gun Metal,Thermocafe Stainless Steel Flask Gun Metal500ml,£12,£2.40 per 100ml,,home-garden
Thermocafe Translucent Desk Mug Gun Metal,Thermocafe Translucent Desk Mug Gun Metal450ml,£8,£1.78 per 100ml,,home-garden
Thermos Hydration Bottle Purple 710ml,Thermos Hydration Bottle Purple 710ml,£9,,,home-garden
Thermos Hydration Bottle Teal 710ml,Thermos Hydration Bottle Teal 710ml,£9,,,home-garden
Thermos Stainless Steel 1.2L Matt Black King Flask,Thermos Stainless Steel 1.2L Matt Black King Flask,£22,,"Offer price £22, was £27",home-garden
Thermos Stainless Steel 470ml King Flask ,Thermos Stainless Steel 470ml King Flask ,£21,,,home-garden
Thermos Thermocafe Insulated Double Walled Drinks Bottle,Thermos Thermocafe Insulated Do...,£7,,,home-garden
Thermos Thermocafe Purple Translucent Travel Mug 420Ml,Thermos Thermocafe Purple Trans...,£9,,,home-garden
Thermos Thermocafe Travel Tumbler Grey 350ml,Thermos Thermocafe Trav...,£7,,"Offer price £7, was £9",home-garden
The Roasting Tin Around the World- Global One Dish Dinners,The Roasting Tin Around the World...,£18,£18.00 each,,home-garden
The Roasting Tin Book,The Roasting Tin Book,£17.99,£17.99 each,,home-garden
Tinc Hard Case Pencil Case Blue Octopus,Tinc Hard Case Pencil Case Blue Octopus,£8,,,home-garden
Tinc Jotter Set Blue,Tinc Jotter Set Blue,£10,,,home-garden
Tinc Starter Pack Blue Octopus,Tinc Starter Pack Blue Octopus,£8,,,home-garden
Tinc Starter Pack Pink Cupcake,Tinc Starter Pack Pink Cupcake,£8,,,home-garden
Tippex Fluid,Tippex Fluid,£3,,,home-garden
Toastabags Baking Mat Silicone,Toastabags Baking Mat Silicone,£5,,,home-garden
Toastabags Crisp Ease Oven Crisper Tray,Toastabags Crisp Ease Oven Crisper Tray,£1.50,,,home-garden
Toastabags Non Stick Reusable Oven Liner 40 X 50Cm,Toastabags Non Stick Reusab...,£3,,,home-garden
"Toilet Brush & Holder, Matt Steel","Toilet Brush & Holder, Matt Steel",£28.70,£28.70 each,,home-garden
Tomorite ,Tomorite 1L,£4,£4.00 per litre,"Offer price £4, was £4.50",home-garden
Tomorite ,Tomorite 2.5L,£9,£3.60 per litre,,home-garden
Tomorite Concentrated Organic Tomato Food,Tomorite Concentrated Organic Tomato Food1L,£5.50,55p per 100ml,,home-garden
"Tongs & Spatula Set, Grey","Tongs & Spatula Set, Grey",£17,£17.00 each,,home-garden
Tower 1.6 Litre Soup Maker,Tower 1.6 Litre Soup Maker,£55,,,home-garden
Tower Hh77 Cordless 7.4V Wet & Dry Handheld Vac,Tower Hh77 Cordless 7.4V Wet & Dry Handheld Vac,£28,,,home-garden
Tower Presto 750W Omelette Maker,Tower Presto 750W Omelette Maker,£16,,,home-garden
"Transparent Plastic Wine Glasses, 150ml","Transparent Plastic Wine Glasses, 150ml12 per pack",£3.85,32.1p each,,home-garden
Tri-Coastal Ditsy Floral Basic Lunch Bag,Tri-Coastal Ditsy Floral Basic Lunch Bag,£3,,,home-garden
Triplewax Bumper Shine,Triplewax Bumper Shine,£4.20,,,home-garden
Triplewax Dash Cleaner,Triplewax Dash Cleaner,£4.15,,,home-garden
Triplewax Demister Pad,Triplewax Demister Pad,£2.15,,,home-garden
Triplewax Genuine Chamois Medium,Triplewax Genuine Chamois Medium,£6.50,,,home-garden
Triplewax Jumbo Sponge,Triplewax Jumbo Sponge,£1.40,,,home-garden
Triplewax Microfibre Cloth 3 Pack,Triplewax Microfibre Cloth 3 Pack,£5.25,,,home-garden
Triplewax Shampoo ,Triplewax Shampoo 1L,£4.20,£4.20 per litre,,home-garden
Triplewax Tyre Shine ,Triplewax Tyre Shine 500ml,£4.15,£8.30 per litre,,home-garden
Triplewax Waterless Wash & Shine,Triplewax Waterless Wash & Shine1L,£6.99,69.9p per 100ml,,home-garden
Tweedmill Recycled Rug 120Cm X 150Cm,Tweedmill Recycled Rug 120Cm X 150Cm,£14,,,home-garden
Uni-Ball Eye Fine Black 2 Pack,Uni-Ball Eye Fine Black 2 Pack,£4.50,,,home-garden
Uni-Ball Pin Fine Line Drawing Pen,Uni-Ball Pin Fine Line Drawing Pen3 per pack,£4.65,£1.55 each,,home-garden
Uni-ball UMN-S-05 One - Ambition PFP OP,Uni-ball UMN-S-05 One - Ambition PFP OP,£6.55,£6.55 each,,home-garden
Uniball Chalk Liquid Markers,Uniball Chalk Liquid Markers4 per pack,£10,£2.50 each,,home-garden
Unibond Anti-Mould Kitchen & Bathroom Sealant Transparent 274G,Unibond Anti-Mould Kitchen & Bathro...,£9,,,home-garden
Unibond Black Duct Tape,Unibond Black Duct Tape25m,£6,24p per 1m,,home-garden
Unibond Grout Reviver 7Ml,Unibond Grout Reviver 7Ml,£4.50,,,home-garden
Unibond No More Nails Click & Fix 30G,Unibond No More Nails Click & Fix 30G,£6,,,home-garden
Unibond No More Nails Original ,Unibond No More Nails Original ,£5.50,,,home-garden
Unibond Sealant Finishing Tool,Unibond Sealant Finishing Tool,£2.50,,,home-garden
Unibond Special Silicone Re - New Ice White,Unibond Special Silicone Re - New Ice White,£9,,,home-garden
Unibond Triple Protect Fix & Grout Tube,Unibond Triple Protect Fix & Grout Tube200ml,£5,£2.50 per 100ml,,home-garden
Unibond White Teq Expanding Foam 500Ml,Unibond White Teq Expanding Foam 500Ml500ml,£10,£2.00 per 100ml,,home-garden
Vacu Vin Rapid Ice Wine Cooler,Vacu Vin Rapid Ice Wine Cooler,£8.15,£8.15 each,,home-garden
"Vacu Vin Wine Preserver Giftpack, White (1 pump, 2 wine stoppers)","Vacu Vin Wine Preserver Giftpack, Whi...",£11,£11.00 each,,home-garden
Valet Bottle Brush Cotton Tip,Valet Bottle Brush Cotton Tip,£4,£4.00 each,,home-garden
Wagamama Feed Your Soul Recipe Book,Wagamama Feed Your Soul Recipe Book,£20,£20.00 each,,home-garden
Wd-40 Multi - Use Product 300Ml,Wd-40 Multi - Use Product 300Ml,£5.75,,,home-garden
Weedol Fast Acting Weed Control,Weedol Fast Acting Weed Control1L,£4,40p per 100ml,"Offer price £4, was £5",home-garden
Weedol Path & Gravel Weed Concentrate Tubes,Weedol Path & Gravel Weed Concentrate Tubes6 per pack,£9.75,£1.63 each,,home-garden
Weedol Path & Gravel Weed Control,Weedol Path & Gravel Weed Control1L,£4,40p per 100ml,"Offer price £4, was £5",home-garden
Weedol Rapid 6 Tubes,Weedol Rapid 6 Tubes150ml,£9.75,£6.50 per 100ml,,home-garden
Weedol Rapid Weed Concentrate Tubes,Weedol Rapid Weed Concentrate Tubes6 per pack,£9.75,£1.63 each,,home-garden
Weedol Rapid Weed Control,Weedol Rapid Weed Control1L,£4,40p per 100ml,"Offer price £4, was £5",home-garden
Westland Bone Meal Root Builder,Westland Bone Meal Root Builder1.5kg,£5,33.3p per 100g,,home-garden
"Westland Fish, Blood & Bone All Purpose Plant Food","Westland Fish, Blood & Bone...1.5kg",£5,33.3p per 100g,,home-garden
Westland Garden Health Resolva Ready to Use Lawn Weed Killer,Westland Garden Health Resolva Read...1L,£5,£5.00 per litre,,home-garden
Westland Gro - Sure Multi - Purpose Lawn Seed,Westland Gro - Sure Multi - Purpose Lawn Seed,£5.50,,,home-garden
Westland Growmore,Westland Growmore1.5kg,£5,33.3p per 100g,,home-garden
Westland Lawn Revive Natural Lawn Thickener,Westland Lawn Revive Natural Lawn Thickener2 x 150m,£12,4p per 1m,,home-garden
Wham Rectangular Studio Basket 4.01,Wham Rectangular Studio Basket 4.01,£2,,,home-garden
Wham Rectangular Studio Basket 4.02,Wham Rectangular Studio Basket 4.02,£3,,,home-garden
Wooden Cutlery Set,Wooden Cutlery Set18 per pack,£2,11.1p each,,home-garden
Zebra Classic Rose Gold Ballpoint Pens ,Zebra Classic Rose Gold Ballpoint Pens 3 per pack,£2,66.7p each,,home-garden
Zebra Classic Smooth Black Ballpoint Pens,Zebra Classic Smooth Black Ballpoint Pens3 per pack,£2,66.7p each,,home-garden
Zebra Doodlerz Smooth Stick Animal Assorted,Zebra Doodlerz Smooth Stick Animal Assorted10 per pack,£1.75,17.5p each,,home-garden
Zebra Mildliner Double Ended Highlighter Assorted,Zebra Mildliner Double Ende...5 per pack,£6,£1.20 each,,home-garden
Zebra Z Grip Pen Black 10 Pack,Zebra Z Grip Pen Black 10 Pack,£2.50,,,home-garden
ZeroWater 12 Cup Water Filter Jug 2.8L,ZeroWater 12 Cup Water Filter Jug 2.8L,£40,£40.00 each,,home-garden
ZeroWater 23 Cup Water Filter Dispenser 5.4L,ZeroWater 23 Cup Water Filter Dispenser 5.4L,£44.99,£44.99 each,,home-garden
ZeroWater Replacement Water Filters,ZeroWater Replacement Water Filters2 per pack,£30,£15.00 each,,home-garden
ZeroWater Replacement Water Filters,ZeroWater Replacement Water Filters4 per pack,£50,£12.50 each,,home-garden
Zeus K9 Fitness TPR Ball Encasing Tennis Ball,Zeus K9 Fitness TPR Ball Encasing Tennis Ball,£3.55,£3.55 each,,home-garden
Zip Fast & Clean Wrap Firelighters,Zip Fast & Clean Wrap Firelighters16 per pack,£3.90,24.4p each,,home-garden
Zip High Performance Firelighters     ,Zip High Performance Firelighters     20 per pack,£2.25,11.3p each,Buy 2 for £4,home-garden
Zuru X Shot Excel 36Pk,Zuru X Shot Excel 36Pk,£3,,"Offer price £3, was £4",home-garden
Lenor Outdoorable Fabric Conditioner 55 Washes,Lenor Outdoor...770ml,£3.00,£3.90 per litre,,household
Flash Power Mop Liquid Refill Sea Minerals ,Flash Power Mop...1.25L,£4.00,£3.20 per litre,,household
Bold All-in-1 Pods Washing Capsules Spring Awakening Washes,Bold All-in-1...33 per pack,£7.00,21.2p each,"Offer price £7, was £10",household
Bold All In 1 Pods Washing Capsules Spring Awakening Washes,Bold All In 1...51 per pack,£14.00,27.5p each,,household
Bold 2-in-1 Washing Liquid Pink Blossom Washes,Bold 2-in-1 Washi...1.995L,£7.00,35.1p per 100ml,"Offer price £7, was £9",household
Lenor Outdoorable Fabric Conditioner 55 Washes,Lenor Outdoor...770ml,£3.00,£3.90 per litre,,household
Fairy Platinum Plus Auto Dishwasher Tablets Lemon,Fairy Platinum Plus...42 per pack,£9.00,21.4p each,"Offer price £9, was £11",household
Flash Speed Mop Replacement Cloths,Flash Speed...12 per pack,£5.00,41.7p each,,household
Bold All-in-1 Pods Washing Capsules Pink Blossom Washes,Bold All-in-1 Pod...51 per pack,£14.00,27.5p each,,household
Bold All in 1 Pods Washing Capsules Lavender and Camomile Washes ,Bold All in 1 P...13 per pack,£3.50,26.9p each,"Offer price £3.50, was £4.50",household
Lenor Ruby Jasmine Fabric Conditioner 48 Washes   ,Lenor Ruby Jasmine...1.68L,£3.00,£1.78 per litre,"Offer price £3, was £3.50",household
Daz All In 1 Pods Whites & Colours Washing Liquid Capsules,Daz All In 1 Pods...12 per pack,£3.00,25p each,,household
Bold Washing Powder 38 Washes,Bold Washing...2.47kg,£7.00,£2.83 per kg,,household
Fairy All In One Dishwasher Tablets Lemon,Fairy All In One Dish...19 per pack,£4.00,21.1p each,,household
Bold All in 1 Pods Washing Capsules Lavender and Camomile Washes,Bold All in 1 P...33 per pack,£7.00,21.2p each,"Offer price £7, was £10",household
Lenor Spring Awakening Tumble Dryer Sheets,Lenor Spring Aw...34 per pack,£2.00,5.9p each,"Offer price £2, was £3",household
Bold All-in-1 Pods Washing Capsules Lavender & Camomile,Bold All-in-1 Pod...25 per pack,£7.00,28p each,,household
Lenor Fabric Conditioner Spring Awakening Scent 83 Washes,Lenor Fabric...2.9L,£4.75,£1.64 per litre,,household
Morrisons Dental Sticks Medium,Morrisons Denta...7 per pack,95p,13.6p each,,household
Morrisons Super Absorbent Cat Litter,Morrisons Sup...10L,£4.50,45p per litre,,household
Pedigree Schmackos Adult Dog Treats Meaty Multi Mix 20 Strips,Pedigree Schmac...144g,£1.95,£1.35 per 100g,Buy 2 for £2.50,household
Lenor Outdoorable Fabric Conditioner 55 Washes,Lenor Outdoorable Fabric...770ml,£3.00,£3.90 per litre,,household
Lenor Summer Breeze Fabric Conditioner 33 Washes,Lenor Summer Breeze...1.155L,£2.25,£1.95 per litre,,household
Lenor Gold Orchid Fabric Conditioner 30 Washes,Lenor Gold Orchid Fabric...1.05L,£3.25,£3.10 per litre,,household
Daz Washing Liquid 47 Washes,Daz Washing Liquid 47 Washes1.645L,£6.00,£3.65 per litre,,household
Flash Speed Mop Refills Pads,Flash Speed Mop Refills Pads20 per pack,£5.00,25p each,,household
Comfort Sensitive Skin Fabric Conditioner Pure 33 Washes,Comfort Sensitive Skin...0.99L,£2.25,£2.27 per litre,,household
Bold All-in-1 Pods Washing Capsules Spring Awakening Washes,Bold All-in-1 Pods Washing Capsul...13 per pack,£3.50,26.9p each,"Offer price £3.50, was £4.50",household
Bold All in 1 Pods Washing Capsules Exotic Bloom Washes,Bold All in 1 Pods Washing Caps...33 per pack,£7,21.2p each,"Offer price £7, was £10",household
Fairy Original All In One Auto Dishwashing Tablet,Fairy Original All In One Auto Dishwashing Tablet60 per pack,£9,15p each,"Offer price £9, was £11",household
Lenor Outdoorable Fabric Conditioner x35,Lenor Outdoorable Fabric Conditioner x35490ml,£2.50,£5.10 per litre,"Offer price £2.50, was £4.50",household
Viakal Classic Limescale Remover Spray,Viakal Classic Limescale Remover Spray500ml,£3,£6.00 per litre,,household
Viakal Fresh Limescale Remover Spray With Febreze,Viakal Fresh Limescale Remo...500ml,£3,£6.00 per litre,,household
"	 Persil Bio Washing Liquid Laundry Detergent 53 Washes","	 Persil Bio Washing Liquid Lau...1431ml",£9,£6.29 per litre,,household
7th Heaven Renew You Collagen Wrinkle Filler,7th Heaven Renew You Collagen Wrinkle Filler,£3,,,household
7th Heaven Renew You Detox & Replenish Hydrogel Mask,7th Heaven Renew You Detox &...,£5,,,household
ACE For Colours Stain Remover ,ACE For Colours Stain Remover 1L,£2,£2.00 per litre,,household
ACE For Colour Stain Remover Spray,ACE For Colour Stain Remover Spray650ml,£3.25,£5.00 per litre,,household
Ace For Whites Stain Remover Power Mousse Spray,Ace For Whites Stain Remo...700ml,£3.25,£4.64 per litre,,household
ACE Ultra For Whites Fabric Stain Remover,ACE Ultra For Whites Fabric Stain Remover1L,£2,£2.00 per litre,,household
Addis 12 Litre Mop Pail & Wringer ,Addis 12 Litre Mop Pail & Wringer ,£7.99,£7.99 each,,household
Addis Bamboo Chenille Tile Wall Duster,Addis Bamboo Chenille Tile Wall Duster,£4.99,£4.99 each,,household
"Addis Bamboo Dustpan & Brush Set, Bamboo","Addis Bamboo Dustpan & Brush Set, Bamboo",£9.99,£9.99 each,,household
"Addis Bamboo Natural Ostrich Feather Long Reach Duster, Bamboo",Addis Bamboo Natural Ostrich Feathe...,£9.99,£9.99 each,,household
"Addis Bamboo Window Shower Glass Squeegee, 23cm Wide, Bamboo",Addis Bamboo Window Shower Glass Sq...,£3.99,£3.99 each,,household
Addis ComfiGrip Handled 100% Fluffy Microfibre Duster,Addis ComfiGrip Handled 100%...,£6,£6.00 each,,household
Addis ComfiGrip Long Handled Bottle Brush,Addis ComfiGrip Long Handled Bottle Brush,£3.49,£3.49 each,,household
Addis ComfiGrip Metallic Graphite Large Dustpan & Brush Set  ,Addis ComfiGrip Metallic Graphite L...,£6.85,£6.85 each,,household
Addis ComfiGrip Squeegee,Addis ComfiGrip Squeegee,£3.50,£3.50 each,,household
Addis ComfiGrip Washing Up Dish Brush with Scraper,Addis ComfiGrip Washing Up...,£3.40,£3.40 each,,household
Addis Fluffy Microfibre Mop,Addis Fluffy Microfibre Mop,£10,£10.00 each,,household
"Addis Jumbo Dish Brush, Metallic","Addis Jumbo Dish Brush, Metallic",£1.49,£1.49 each,,household
Addis Large Soft Clothes Pegs ,Addis Large Soft Clothes Pegs 20 per pack,£4,20p each,,household
Addis Medium Soft Clothes Pegs ,Addis Medium Soft Clothes Pegs 24 per pack,£4,16.7p each,,household
Addis Metallic Graphite ComfiGrip Tile and Grout Cleaning Brush  ,Addis Metallic Graphite ComfiGrip Til...,£2.49,£2.49 each,,household
Addis  Mixed Colours Microfibre Super Sponge Pad  Set of 5,Addis  Mixed Colours Microfibre S...5 per pack,£5,£1.00 each,,household
Addis Wooden Clothes Pegs ,Addis Wooden Clothes Pegs 36 per pack,£3.05,8.5p each,,household
Airwick Active Fresh Room Spray Jasmine Bouquet,Airwick Active Fresh Room...237ml,£4.50,£1.90 per 100ml,,household
Airwick Aerosol Free Automatic Spray Eucalyptus,Airwick Aerosol Free Auto...,£8,,"Offer price £8, was £11",household
Airwick Aerosol Free Automatic Spray Fresh Cotton,Airwick Aerosol Free Automa...,£8,,"Offer price £8, was £11",household
Airwick Aerosol Free Automatic Spray Refill Cotton,Airwick Aerosol Free Automa...228ml,£5,£2.19 per 100ml,"Offer price £5, was £6",household
Airwick Aerosol Free Automatic Spray Refill Eucalyptus,Airwick Aerosol Free Automatic...,£5,,"Offer price £5, was £6",household
Airwick Aerosol Spray Cherry Blossom,Airwick Aerosol Spray Cherry Blossom250ml,£3,£12.00 per litre,,household
Airwick Aerosol Spray Cotton,Airwick Aerosol Spray Cotton250ml,£3,£12.00 per litre,,household
Airwick Aerosol Spray Spring Delight,Airwick Aerosol Spray Spring Delight250ml,£3,£12.00 per litre,,household
Airwick Aerosol Spray White Vanilla Bean,Airwick Aerosol Spray White Vanilla Bean250ml,£3,£12.00 per litre,,household
Airwick Candle Lavender Meadow,Airwick Candle Lavender Meadow,£3,,"Offer price £3, was £4",household
Airwick Candle White Vanilla Bean,Airwick Candle White Vanilla Bean,£4,,,household
Air Wick Freshmatic Autospray Mulled Wine,Air Wick Freshmatic Autospray Mulled Wine2 x 250ml,£7.25,£1.45 per 100ml,,household
Airwick Freshmatic Kit & Refill Lavender,Airwick Freshmatic Kit & Refill Lavender,£6,,"Offer price £6, was £11",household
Airwick Freshmatic Kit & Refill Morning Meadow,Airwick Freshmatic Kit & Refill Morning Meadow,£6,,"Offer price £6, was £8",household
Airwick Freshmatic Kit & Refill Spring Delight,Airwick Freshmatic Kit & Refill Spring Delight,£6,,"Offer price £6, was £8",household
Airwick Freshmatic Refill Crisp Linen & Lilac,Airwick Freshmatic Refill Crisp Linen & Lilac,£3.75,,"Offer price £3.75, was £4.25",household
Airwick Freshmatic Refill Lavender,Airwick Freshmatic Refill Lavender,£3.75,,"Offer price £3.75, was £4.25",household
Airwick Freshmatic Refill Pink Sweet Pea 250ml,Airwick Freshmatic Refill Pink Sweet Pea 250ml,£3.75,,"Offer price £3.75, was £4.25",household
Airwick Freshmatic Refill Smooth Satin & Moonlily,Airwick Freshmatic Refill Smooth Satin & Moonlily,£3.75,,"Offer price £3.75, was £4.25",household
Airwick Freshmatic Refill Spring Breeze & Vanilla,Airwick Freshmatic Refill Spring Breeze & Vanilla250ml,£3.75,£1.50 per 100ml,"Offer price £3.75, was £4.25",household
Airwick Freshmatic Refill Stacey Morning Meadow,Airwick Freshmatic Refill Stacey Morning Meadow,£3.75,,"Offer price £3.75, was £4.25",household
Airwick Freshmatic Refill Wild Rose & Patchouli,Airwick Freshmatic Refill Wild Rose & Patchouli,£3.75,,"Offer price £3.75, was £4.25",household
Airwick Freshmatic Twin Refill Crisp Linen & Lilac,Airwick Freshmatic Twin Refill Crisp Linen & Lilac2 per pack,£7.25,£3.63 each,,household
Airwick Freshmatic Twin Refill Lavender,Airwick Freshmatic Twin Refill Lavender2 per pack,£7.25,£3.63 each,,household
Airwick Freshmatic Twin Refill Spring Delight,Airwick Freshmatic Twin Refill Spring Delight2 x 250ml,£7.25,£14.50 per litre,,household
Airwick Mist Kit & Refill Peony & Jasmine,Airwick Mist Kit & Refill Peony & Jasmine,£12.50,,,household
Airwick Mist Kit & Refill Stacey Morning Meadow,Airwick Mist Kit & Refill Stacey Morning Meadow,£12,,,household
Airwick Mist Refill Peony & Jasmine,Airwick Mist Refill Peony & Jasmine,£5.60,,,household
Airwick Mist Refill Stacey Morning Meadow,Airwick Mist Refill Stacey Morning Meadow,£4.50,,,household
Airwick Odour Neutralising Room Spray Fresh Cotton,Airwick Odour Neutralising...,£4.50,,,household
Airwick Odour Neutralising Spray Morning Meadow,Airwick Odour Neutralisin...237ml,£3.25,£1.37 per 100ml,,household
Airwick Plug In Kit & Refill Crisp Linen & Lilac,Airwick Plug In Kit & Refill Crisp Linen & Lilac,£6,,,household
Airwick Plug In Kit & Refill Stacey Morning Meadow,Airwick Plug In Kit & Refill Stacey Morning Meadow,£4.25,,,household
Airwick Plug In Refill Crisp Linen & Lilac,Airwick Plug In Refill Crisp Linen & Lilac,£3.75,,,household
Airwick Plug In Refill Pink Sweet Pea,Airwick Plug In Refill Pink Sweet Pea,£3.75,,,household
Airwick Plug In Refill Purple Lavender Meadow,Airwick Plug In Refill Purple Lavender Meadow,£3.75,,,household
Airwick Plug In Refill Spring Breeze & Vanilla,Airwick Plug In Refill Spring Breeze & Vanilla,£3.75,,,household
Airwick Plug In Refill Stacey Morning Meadow,Airwick Plug In Refill Stacey Morning Meadow,£3.25,,,household
Airwick Plug In Refill White Vanilla Bean,Airwick Plug In Refill White Vanilla Bean,£3.75,,,household
Airwick Plug In Refill Wild Rose & Patchouli,Airwick Plug In Refill Wild Rose & Patchouli,£3.75,,,household
Airwick Plug In Twin Refill Wild Rose & Patchouli,Airwick Plug In Twin Refill Wild Rose & Patchouli,£6.25,,"Offer price £6.25, was £7",household
Airwick Reed Diffuser Stacey Morning Meadow 33ml,Airwick Reed Diffuser Stace...,£4.99,,,household
Airwick Reed Diffuser Wild Rose & Patchouli 33ml,Airwick Reed Diffuser Wild...,£4.99,,"Offer price £4.99, was £10.50",household
Ajax Plant Based Biodegradable Wipes,Ajax Plant Based Biodegradable Wipes70 per pack,£5,7.1p each,,household
Ambi Pur Febreze Air Freshener Plug-In Refill Cotton Fresh 20ML,Ambi Pur Febreze Air Freshener Plug-I...,£6,,,household
Andrex Classic Clean Mega Toilet Roll ,Andrex Classic Clean Mega Toilet Roll 9 per pack,£7.99,88.8p each,"Offer price £7.99, was £8.75",household
Andrex Classic Clean Toilet Roll,Andrex Classic Clean Toilet Roll9 per pack,£5.75,63.9p each,,household
Andrex Classic Clean Toilet Roll,Andrex Classic Clean Toilet Roll4 per pack,£3.15,78.8p each,,household
Andrex Classic Clean Toilet Roll,Andrex Classic Clean Toilet Roll12 per pack,£6.99,58.3p each,,household
Andrex Classic Clean Washlets,Andrex Classic Clean Washlets4 per pack,£5,£1.25 each,,household
Andrex Classic Clean Washlets Single Pack ,Andrex Classic Clean Washlets Single Pack 36 per pack,£1.50,4.2p each,Buy 3 for £3,household
Andrex Gentle Clean Toilet Roll,Andrex Gentle Clean Toilet Roll4 per pack,£2.65,66.3p each,,household
Andrex Gentle Clean Toilet Roll,Andrex Gentle Clean Toilet Roll9 per pack,£5,55.6p each,,household
Andrex Pure Care Washlets,Andrex Pure Care Washlets36 per pack,£1.75,4.9p each,Buy 3 for £3,household
Andrex Pure Care Washlets Quad ,Andrex Pure Care Washlets Quad 4 x 36 per pack,£6,4.2p each,,household
Andrex Supreme Quilts Toilet Roll,Andrex Supreme Quilts Toilet Roll4 per pack,£3.35,83.8p each,,household
Andrex Supreme Quilts Toilet Roll,Andrex Supreme Quilts Toilet Roll16 per pack,£10,62.5p each,"Offer price £10, was £11.85",household
Andrex Supreme Quilts Toilet Roll,Andrex Supreme Quilts Toilet Roll9 per pack,£6.75,75p each,,household
Andrex Ultra Care Toilet Rolls,Andrex Ultra Care Toilet Rolls16 per pack,£11.85,74.1p each,,household
Andrex Ultra Care Toliet Roll,Andrex Ultra Care Toliet Roll9 per pack,£4.99,55.4p each,"Offer price £4.99, was £6.75",household
Andrex Ultra Care Washlets Flushable Toilet Wipes,Andrex Ultra Care Washlets...36 per pack,£1.75,4.9p each,Buy 3 for £3,household
Ariel + Active Defence Washing Liquid Gel 38 Washes,Ariel + Active Defence Washin...1330ml,£10,£7.52 per litre,,household
Ariel +Active Odour Defence All in 1 Pods Washing Capsules,Ariel +Active Odour Defence All i...29 per pack,£9,31p each,,household
Ariel + Lenor Freshness All-in-1 Pods Washing Capsules Washes,Ariel + Lenor Freshness All-in-1 Po...29 per pack,£9,31p each,,household
Ariel + Lenor Freshness Washing Liquid Gel 38 Washes,Ariel + Lenor Freshness Washi...1330ml,£10,£7.52 per litre,,household
Ariel Colour All-in-1 Pods Washing Capsules Washes ,Ariel Colour All-in-1 Pods Wa...33 per pack,£7,21.2p each,"Offer price £7, was £10",household
Ariel Colour All in1 pods Washing Capsules Washes,Ariel Colour All in1 pods W...51 per pack,£14,27.5p each,,household
Ariel Colour All in Pods Washing Capsules Washes,Ariel Colour All in Pods Wa...13 per pack,£3.50,26.9p each,"Offer price £3.50, was £4.50",household
Ariel Colour Washing Liquid Gel 24 Washes,Ariel Colour Washing Liquid Gel 24 Washes840ml,£5,£5.95 per litre,,household
Ariel Colour Washing Liquid Washes,Ariel Colour Washing Liquid Washes1785ml,£10,56p per 100ml,,household
Ariel Original All-in-1 Pods Washing Capsules Washes,Ariel Original All-in-1 Pods...13 per pack,£3.50,26.9p each,"Offer price £3.50, was £4.50",household
Ariel Original All -in -one Pods Washing Capsules Washes,Ariel Original All -in -one Pod...51 per pack,£14,27.5p each,,household
Ariel Original All in 1 pods Washing Capsules,Ariel Original All in 1 pods Washing Capsules25 per pack,£7,28p each,,household
Ariel Original All in 1 Pods Washing Capsules Washes,Ariel Original All in 1 Pods...33 per pack,£7,21.2p each,"Offer price £7, was £10",household
Ariel Original Washing Liquid Gel 24 Washes,Ariel Original Washing Liquid Gel 24 Washes840ml,£5,£5.95 per litre,,household
Ariel Original Washing Liquid Washes,Ariel Original Washing Liquid Washes1.225L,£6,49p per 100ml,"Offer price £6, was £8",household
Ariel Original Washing Liquid Washes,Ariel Original Washing Liquid Washes1785ml,£10,56p per 100ml,,household
Ariel Original Washing Powder 50 Washes,Ariel Original Washing Powder 50 Washes3.25kg,£11,£3.38 per kg,,household
Ariel Platinum + Lenor All-in-1 pods Washing Capsules Washes,Ariel Platinum + Lenor All-in-1 pod...39 per pack,£10.50,26.9p each,,household
Ariel Platinum + Lenor All-in-1 pods Washing Capsules Washes ,Ariel Platinum + Lenor All-in-1 pod...44 per pack,£10.50,23.9p each,,household
Ariel Platinum Stain Remover Washing Liquid Gel 38 Washes,Ariel Platinum Stain Remover Wash...1330ml,£10,£7.52 per litre,,household
Ariel Plus Platinum Extra Stain Removal All-in-1 Pods Washing Capsules,Ariel Plus Platinum Extra Stain Removal A...29 per pack,£9,31p each,,household
Ariel Washing Liquid Gel Original 35 Washes,Ariel Washing Liquid Gel Original 35 Washes1225ml,£8,£6.53 per litre,,household
Ariel Washing Powder Original 40 Washes,Ariel Washing Powder Original 40 Washes2.6kg,£9,£3.46 per kg,,household
Astonish Freshness Selection Concentrated Disinfectant,Astonish Freshness Selection Co...300ml,£1.25,£4.17 per litre,,household
Astonish Hob Cleaner,Astonish Hob Cleaner500ml,£2,£4.00 per litre,,household
Astonish Linen Fresh Ready To Use Disinfectant,Astonish Linen Fresh Ready To Use Disinfectant550ml,£1.25,£2.27 per litre,,household
Astonish Mould & Mildew Spray,Astonish Mould & Mildew Spray750ml,£1.25,£1.67 per litre,,household
Astonish Pink Roses Ready To Use Disinfectant,Astonish Pink Roses Ready To Use Disinfectant550ml,£1.25,£2.27 per litre,,household
Astonish Specialist Clean & Revive,Astonish Specialist Clean & Revive350g,£3,£8.57 per kg,,household
Astonish Specialist Leather Conditioning Cream,Astonish Specialist Leath...250ml,£3,£12.00 per litre,,household
Astonish Specialist Oven & Grill Cleaner & Sponge 250G,Astonish Specialist Oven & Gril...,£4,,,household
Baco EasyCut Cling Film Refill 60m,Baco EasyCut Cling Film Refill 60m,£3.75,,,household
Bacofoil All Purpose Medium Zipper Bags 12 Pack,Bacofoil All Purpose Medi...12 per pack,£3,25p each,,household
Bacofoil All Purpose Small Zipper Bags 15 Pack,Bacofoil All Purpose Small Zipper Bags 15 Pack15 per pack,£2.50,16.7p each,,household
Bacofoil Extra Wide Non-Stick Foil 5m,Bacofoil Extra Wide Non-Stick Foil 5m,£3.40,,"Offer price £3.40, was £4",household
Bacofoil Kitchen Foil 10m,Bacofoil Kitchen Foil 10m,£4,,,household
Bacofoil Non Stick Baking Paper With Non Slip Base 10m,Bacofoil Non Stick Baking Paper...,£2.90,,"Offer price £2.90, was £3.50",household
Bacofoil Pvc Free Cling Film 30m,Bacofoil Pvc Free Cling Film 30m,£3.50,,,household
Bacofoil The Non-Stick Kitchen Foil 20m ,Bacofoil The Non-Stick Kitchen Foil 20m ,£4.40,,"Offer price £4.40, was £5.25",household
Bamboo & Recycled Plastic Dustpan & Brush 33.5cm,Bamboo & Recycled Plastic D...,£19.99,£19.99 each,,household
Bamboo & Recycled Plastic Pivoting Squeegee 24.1cm,Bamboo & Recycled Plastic P...,£11.99,£11.99 each,,household
BEAST Super Strong 50L Drawstring Swing Bin Bags,BEAST Super Strong 50L Draw...10 per pack,£3.50,35p each,,household
BEAST Super Strong 70L Drawstring Bin Bags,BEAST Super Strong 70L Drawstring Bin Bags10 per pack,£3.75,37.5p each,,household
Beldray Deep Clean Power Clean Scrubber Brush,Beldray Deep Clean Power...,£24.30,£24.30 each,,household
Beldray Dustpan and Brush Set,Beldray Dustpan and Brush Set,£10.45,£10.45 each,,household
Bic Home Candle BBQ Lighter,Bic Home Candle BBQ Lighter,£3.50,,,household
Bio-Bean Coffee Logs Premium Eco Briquettes 16 Logs,Bio-Bean Coffee Logs Premium...,£8,,,household
Bloo Acticlean Toilet Blocks,Bloo Acticlean Toilet Blocks2 x 38g,£1.50,£19.74 per kg,,household
Bloo Acticlean Zesty Lemon with Bicarb,Bloo Acticlean Zesty Lemon with Bicarb2 x 50g,£1.50,£15.00 per kg,,household
Bloo Blue Active Bleach,Bloo Blue Active Bleach50g,£2.50,£50.00 per kg,,household
Bloo Blue Active Fresh Flowers,Bloo Blue Active Fresh Flowers50g,£2.50,£50.00 per kg,,household
Bloo Brilliant Gel Arctic Ocean Toilet Rim Block,Bloo Brilliant Gel Arctic Ocean Toilet Rim Block42g,£2.50,£5.95 per 100g,,household
Bloo Fragrance Switch Apple Lily,Bloo Fragrance Switch Apple Lily,£2.50,,,household
Bloo Hygiene Bathroom Spray,Bloo Hygiene Bathroom Spray,£2,,,household
Bloo Incistern Cube Limescale Prevention ,Bloo Incistern Cube Limescale Prevention 2 x 50g,£2.50,£25.00 per kg,,household
Bloo Incistern Cube Original Blue ,Bloo Incistern Cube Original Blue 2 x 50g,£2.50,£25.00 per kg,,household
Bloo Lemon Power Fizz Tabs,Bloo Lemon Power Fizz Tabs12 per pack,£3.15,26.3p each,,household
Bloo Limescale Prevention Toilet Blocks 5 In 1 Twin,Bloo Limescale Prevention Toilet Blocks 5 In 1 Twin,£1.50,,,household
Bloo Max Colours Blue,Bloo Max Colours Blue,£1.85,,,household
Bloo Power Active Flowers Twin Toilet Rim Block,Bloo Power Active Flowers Twin Toilet Rim Block2 x 50g,£2.50,£2.50 per 100g,,household
Bloo Power Active Fragrance Boost Flowers,Bloo Power Active Fragrance Boost Flowers50g,£1.50,£30.00 per kg,,household
Bloo Power Active Fragrance Boost Lemon,Bloo Power Active Fragrance Boost Lemon50g,£1.50,£30.00 per kg,,household
Bloo Power Active Lemon,Bloo Power Active Lemon2 per pack,£2.50,£1.25 each,,household
Bloo Purple Active Lavender,Bloo Purple Active Lavender50g,£2.50,£5.00 per 100g,,household
Bold 2-In-1 Sparkling Bloom & Yellow Poppy Washing Liquid Gel  35 Washes,Bold 2-In-1 Sparkling Bloom & Y...1295ml,£8,£6.18 per litre,,household
Bold 2-in-1 Washing Liquid Pink Blossom Washes,Bold 2-in-1 Washing Liqui...1.995L,£7,35.1p per 100ml,"Offer price £7, was £9",household
Bold 2-in-1 Washing Powder Lavender & Camomile ,Bold 2-in-1 Washing Powde...70 per pack,£11.50,16.4p each,,household
Bold 2In1 Gel Mrs Hinch 27 Washes,Bold 2In1 Gel Mrs Hinch 27 Washes945ml,£5,52.9p per 100ml,,household
Bold 2 in 1 Pink Blossom Washing Liquid Washes,Bold 2 in 1 Pink Blossom Washing Liquid Washes1085ml,£6.50,59.9p per 100ml,,household
Bold 2in1 Washing Liquid Gel Lavender and Camomile 35 Washes,Bold 2in1 Washing Liquid Gel Lavend...1295ml,£8,£6.18 per litre,,household
Bold 2 in1 Washing Liquid Gel Spring Awakening 24 Washes,Bold 2 in1 Washing Liquid Gel S...840ml,£5,£5.95 per litre,,household
Bold 2 In 1 Washing Liquid Gel Summer Breeze 24 Washes,Bold 2 In 1 Washing Liquid Gel...840ml,£5,£5.95 per litre,,household
Bold 2in1 Washing Liquid Lavender & Camomile Washes,Bold 2in1 Washing Liquid Lave...108ml,£6.50,£6.02 per 100ml,,household
Bold 2 in1 Washing Liquid Lavender and Camomile Washes,Bold 2 in1 Washing Liquid Laven...1680ml,£7,41.7p per 100ml,"Offer price £7, was £9",household
Bold All-in-1 Pods Washing Capsules Lavender & Camomile,Bold All-in-1 Pods Washing Caps...25 per pack,£7,28p each,,household
Bold All-in-1 Pods Washing Capsules Pink Blossom Washes,Bold All-in-1 Pods Washing Caps...51 per pack,£14,27.5p each,,household
Bold All-in-1 Pods Washing Capsules Spring Awakening Washes,Bold All-in-1 Pods Washing Capsul...13 per pack,£3.50,26.9p each,"Offer price £3.50, was £4.50",household
Bold All-in-1 Pods Washing Capsules Spring Awakening Washes,Bold All-in-1 Pods Washing Capsul...33 per pack,£7,21.2p each,"Offer price £7, was £10",household
Bold All in 1 Pods Washing Capsules Exotic Bloom Washes,Bold All in 1 Pods Washing Caps...33 per pack,£7,21.2p each,"Offer price £7, was £10",household
Bold All in 1 Pods Washing Capsules Lavender and Camomile Washes ,Bold All in 1 Pods Washing...13 per pack,£3.50,26.9p each,"Offer price £3.50, was £4.50",household
Bold All in 1 Pods Washing Capsules Lavender and Camomile Washes,Bold All in 1 Pods Washing...33 per pack,£7,21.2p each,"Offer price £7, was £10",household
Bold All in 1 pods Washing Capsules Pink Blossom,Bold All in 1 pods Washing...25 per pack,£7,28p each,,household
Bold All In 1 Pods Washing Capsules Spring Awakening Washes,Bold All In 1 Pods Washing Capsul...51 per pack,£14,27.5p each,,household
Bold All In 1 Pods Washing Liquid Capsules,Bold All In 1 Pods Washing Liquid Capsules36 per pack,£10,27.8p each,,household
Bold Pink Tulips And White Jasmine Capsules Mrs Hinch,Bold Pink Tulips And White Ja...36doz,£8.50,2p each,,household
Bold Washing Powder 38 Washes,Bold Washing Powder 38 Washes2.47kg,£7,£2.83 per kg,,household
Brabantia 40 Litre Grey Foldable Laundry Basket,Brabantia 40 Litre Grey Foldable Laundry Basket,£33,£33.00 each,,household
Brabantia Black Premium Peg Bag ,Brabantia Black Premium Peg Bag ,£11.20,£11.20 each,,household
Brasso Metal Polish Liquid,Brasso Metal Polish Liquid175ml,£4.25,£24.29 per litre,,household
Brasso Metal Polish Wadding,Brasso Metal Polish Wadding75g,£4.25,£56.67 per kg,,household
Brillo Pads,Brillo Pads10 per pack,£1.60,16p each,,household
Bryant & May Extra Long Matches,Bryant & May Extra Long Matches,£1,,,household
Buster Bathroom Plughole Unblocker,Buster Bathroom Plughole Unblocker300ml,£4.35,£14.50 per litre,,household
By Candlelight Candle Lighter Single,By Candlelight Candle Lighter Single,£2.40,,,household
Calgon Water Softener Anti Bacterial Gel,Calgon Water Softener Anti Bacterial Gel750ml,£7.50,£10.00 per litre,,household
Calgon Water Softener Limescale Prevention Gel,Calgon Water Softener Limescale Prevention Gel750ml,£7,£9.33 per litre,,household
Calgon Water Softener Limescale Prevention Tablets,Calgon Water Softener Limes...15 per pack,£6,40p each,,household
California Scents Car Scents New Car Air Freshener,California Scents Car Scent...,£5,,,household
Calvin Klein Eternity Now For Men Edt Spray,Calvin Klein Eternity Now For Men Edt Spray30ml,£18,£60.00 per 100ml,,household
Carrinet Veggio Reusable Fruit & Veg Bags,Carrinet Veggio Reusable Fruit & Veg Bags5 per pack,£6.99,£1.40 each,,household
Cherry Blossom Deluxe Shine & Go Black,Cherry Blossom Deluxe Shine & Go Black11ml,£4.25,£386.36 per litre,,household
Cherry Blossom Deluxe Shine & Go Neutral,Cherry Blossom Deluxe Shine & Go Neutral11ml,£4.25,£386.36 per litre,,household
Cherry Blossom Flat Lace Black 140cm,Cherry Blossom Flat Lace Black 140cm,£2.50,,,household
Cherry Blossom Flat Lace White 120cm,Cherry Blossom Flat Lace White 120cm,£2.50,,,household
Cherry Blossom Foam Comfort Insole,Cherry Blossom Foam Comfort Insole,£2.95,,,household
Cherry Blossom Heel Grip,Cherry Blossom Heel Grip,£1.50,,,household
Cherry Blossom Shine & Go Neutral,Cherry Blossom Shine & Go Neutral,£2.75,,,household
Cherry Blossom Shoe Care Brush Set,Cherry Blossom Shoe Care Brush Set,£3.95,,,household
Cherry Blossom Shoe Cleaner,Cherry Blossom Shoe Cleaner200ml,£5.25,£26.25 per litre,,household
Cherry Blossom Shoe Deodoriser,Cherry Blossom Shoe Deodoriser200ml,£5.25,£26.25 per litre,,household
Cherry Blossom Shoe Polish Black ,Cherry Blossom Shoe Polish Black 40g,£1.75,£4.38 per 100g,,household
Cherry Blossom Shoe Polish Light Tan ,Cherry Blossom Shoe Polish Light Tan 40g,£1.75,£4.38 per 100g,,household
Cherry Blossom Sports Whitener,Cherry Blossom Sports Whitener85ml,£3.80,£44.71 per litre,,household
Cherry Blossom Suede & Nubuck Renovator Black,Cherry Blossom Suede & Nubuck Renovator Black200ml,£5.50,£27.50 per litre,,household
Cherry Blossom Twin Pack Brown Round Lace 75cm,Cherry Blossom Twin Pack Brown Round Lace 75cm,£2.10,,,household
Cif Anti-Bacterial And Shine Multi-Purpose,Cif Anti-Bacterial And Shine Multi-Purpose700ml,£2,£2.86 per litre,,household
Cif Antibac Multi-Purpose Cleaning Spray Winter Warmth,Cif Antibac Multi-Purpose Clean...700ml,£2,28.6p per 100ml,,household
Cif Citrus Power & Shine Bathroom Mousse,Cif Citrus Power & Shine Bathroom Mousse500ml,£3,£6.00 per litre,,household
Cif Cream Winter,Cif Cream Winter500ml,£1.25,25p per 100ml,,household
Cif Ecorefill Anti-Bac & Shine,Cif Ecorefill Anti-Bac & Shine70ml,£1.50,£21.43 per litre,,household
Cif Floor Cleaner,Cif Floor Cleaner950ml,£1.75,£1.84 per litre,,household
Cif Lemon Cream Cleaner,Cif Lemon Cream Cleaner500ml,£1.50,£3.00 per litre,Buy 3 for £3,household
Cif Original Cream Cleaner,Cif Original Cream Cleaner500ml,£1.50,£3.00 per litre,Buy 3 for £3,household
Cif Perfect Finish Stainless Steel Multi Purpose Disinfectant,Cif Perfect Finish Stainless Steel...435ml,£3.50,80.5p per 100ml,,household
Cif Power & Shine Bathroom Spray ,Cif Power & Shine Bathroom Spray 700ml,£3,£4.29 per litre,,household
Cif Power & Shine Kitchen Spray,Cif Power & Shine Kitchen Spray700ml,£3,£4.29 per litre,,household
Cif Ultra Power Mould Stains Remover,Cif Ultra Power Mould Stains Remover500ml,£2,£4.00 per litre,,household
Cillit Bang Black Mould Remover Cleaner Spray ,Cillit Bang Black Mould Remover Cleaner Spray 750ml,£4,£5.33 per litre,,household
Cillit Bang Bleach & Hygiene Cleaner Spray,Cillit Bang Bleach & Hygiene Cleaner Spray750ml,£2.60,£3.47 per litre,,household
Cillit Bang Burnt On Degreaser Cleaner Spray,Cillit Bang Burnt On Degreaser Cleaner Spray750ml,£2.60,£3.47 per litre,,household
Cillit Bang Limescale Remover Cleaner Spray,Cillit Bang Limescale Remover Cleaner Spray750ml,£3.25,£4.33 per litre,,household
Cillit Bang Multipurpose Power Cleaner Spray,Cillit Bang Multipurpose Power Cleaner Spray750ml,£2.60,£3.47 per litre,,household
Comfort Blue Skies Fabric Conditioner 85 Washes ,Comfort Blue Skies Fabric Conditioner 85 Washes 3L,£4.50,£1.50 per litre,,household
Comfort Cherry Blossom & Sweet Pea Fabric Conditioner 33 Washes ,Comfort Cherry Blossom & Sweet Pea Fa...1.165L,£2.50,£2.15 per litre,,household
Comfort Coco Fantasy Ultra Concentrated Fabric Conditioner,Comfort Coco Fantasy Ultra Concen...870ml,£5,£5.75 per litre,,household
Comfort Creations Apple Blossom Fabric Conditioner 30 Washes,Comfort Creations Apple Blossom Fab...900ml,£2.25,25p per 100ml,,household
Comfort Creations Fabric Conditioner Cherry Blossom 30 Washes ,Comfort Creations Fabric Conditione...900ml,£2.25,25p per 100ml,,household
Comfort Creations Fabric Conditioner Honeysuckle & Sandalwood 30 Washes,Comfort Creations Fabric Conditioner Hone...900ml,£2.25,25p per 100ml,,household
Comfort Creations Fabric conditioner Passion Bloom 30 Washes,Comfort Creations Fabric conditione...900ml,£2.25,25p per 100ml,,household
Comfort Creations Fabric Conditioner Passion Bloom 48 Washes,Comfort Creations Fabric Conditione...1440ml,£3.75,26p per 100ml,,household
Comfort Creations Fabric Conditioner Strawberry and Lily 30 washes,Comfort Creations Fabric Conditioner St...900ml,£2.25,25p per 100ml,,household
Comfort Creations Fabric Conditioner Strawberry and Lily 48 washes,Comfort Creations Fabric Conditioner St...1440ml,£3.75,26p per 100ml,,household
Comfort Creations Fabric Conditioner Waterlily & Lime 30 Washes ,Comfort Creations Fabric Conditioner...900ml,£2.25,25p per 100ml,,household
Comfort Creations Fabric Conditioner Waterlily & Lime 48 Washes,Comfort Creations Fabric Conditioner...1440ml,£3.75,26p per 100ml,,household
Comfort Fabric Conditioner 58 Washes Tropical Lily,Comfort Fabric Conditioner...850ml,£5,£5.88 per litre,,household
Comfort Fabric Conditioner Blue Skies 160 Washes,Comfort Fabric Conditioner...4.8L,£9,£1.88 per litre,,household
Comfort Fabric Conditioner Blue Skies 33 Washes,Comfort Fabric Conditione...0.99L,£2.25,£2.27 per litre,,household
Comfort Fabric Conditioner Blue Skies Washes,Comfort Fabric Conditio...2490ml,£5.50,22.1p per 100ml,,household
Comfort Fabric Conditioner Honeysuckle & Sandalwood 48 Washes 1440ml,Comfort Fabric Conditioner Ho...1440ml,£3.75,26p per 100ml,,household
Comfort Fabric Conditioner Sunshiny Days 33 Washes,Comfort Fabric Conditioner...0.99L,£2.25,£2.27 per litre,,household
Comfort Fresh Sky Ultra Concentrated 78 Washes 1.178L,Comfort Fresh Sky Ultra Conce...1.78L,£4,£2.25 per litre,,household
Comfort Honeysuckle & Sandalwood Fabric Conditioner 55 Washes,Comfort Honeysuckle & Sandalwood Fa...1.925L,£3.25,£1.69 per litre,,household
Comfort Pure Ultra-Concentrated Fabric Conditioner 36 Washes,Comfort Pure Ultra-Concentrated Fab...540ml,£3.50,64.8p per 100ml,,household
Comfort Pure Ultra Concentrated Fabric Conditioner 58 Washes,Comfort Pure Ultra Concentrated Fab...870ml,£5,£5.75 per litre,,household
Comfort Sensitive Skin Fabric Conditioner Pure 160 Washes,Comfort Sensitive Skin Fabric Con...4.8L,£9,£1.88 per litre,,household
Comfort Sensitive Skin Fabric Conditioner Pure 33 Washes,Comfort Sensitive Skin Fabric C...0.99L,£2.25,£2.27 per litre,,household
Comfort Sunshiny Days Fabric Conditioner 85 Washes ,Comfort Sunshiny Days Fabric...3L,£4.50,£1.50 per litre,,household
Comfort Ultimate Care Fresh Sky Fabric Conditioner 36 Washes,Comfort Ultimate Care Fresh Sky Fab...540ml,£3.50,64.8p per 100ml,,household
Comfort Ultimate Care Fresh Sky Fabric Conditioner 58 Washes ,Comfort Ultimate Care Fresh Sky Fab...870ml,£5,£5.75 per litre,,household
Comfort Ultimate Care Fuchsia Passion Fabric Conditioner 36 Washes,Comfort Ultimate Care Fuchsia Passion F...540ml,£3.50,64.8p per 100ml,,household
Comfort Ultimate Care Fuchsia Passion Fabric Conditioner 78 Wash ,Comfort Ultimate Care Fuchsia Passion...1.178L,£4,£3.40 per litre,,household
Comfort Ultimate Care Heavenly Nectar Fabric Conditioner 58 Washes ,Comfort Ultimate Care Heavenly Nectar F...870ml,£5,£5.75 per litre,,household
Cook's Safety Matches,Cook's Safety Matches,£1,,,household
Cricket Firepower Refillable Lighter,Cricket Firepower Refillable Lighter,£3.30,,,household
Cushelle Original Toilet Tissue ,Cushelle Original Toilet Tissue 24 per pack,£13.65,56.9p each,,household
Cushelle Quilted 4 White Rolls,Cushelle Quilted 4 White Rolls4 per pack,£3,75p each,"Offer price £3, was £3.55",household
Cushelle Quilted 9 White Rolls,Cushelle Quilted 9 White Rolls9 per pack,£5.95,66.1p each,,household
Cushelle Quilted Coconut ,Cushelle Quilted Coconut 16 per pack,£9.95,62.2p each,"Offer price £9.95, was £11.45",household
Cushelle Quilted Tubeless Toilet Tissue 6 Rolls Equals 9 Rolls,Cushelle Quilted Tubeless Toilet Ti...6 per pack,£7.55,£1.26 each,,household
Cushelle Quilted White Rolls,Cushelle Quilted White Rolls16 per pack,£9.95,62.2p each,"Offer price £9.95, was £11.45",household
Cushelle Toilet Tissue White,Cushelle Toilet Tissue White9 per pack,£5.95,66.1p each,,household
Cushelle Tubeless Toilet Tissue Double Rolls,Cushelle Tubeless Toilet Tissue Double Rolls6 per pack,£6.95,£1.16 each,"Offer price £6.95, was £8.90",household
Day2 Denim Dry Wash Clothes Spray,Day2 Denim Dry Wash Clothes Spray200ml,£5.60,£28.00 per litre,,household
DAZ All-in-1 Pods Washing Liquid Capsules,DAZ All-in-1 Pods Washing Liquid Capsules26 per pack,£5.50,21.2p each,"Offer price £5.50, was £6.50",household
Daz All In 1 Pods Whites & Colours Washing Liquid Capsules,Daz All In 1 Pods Whites & Colour...12 per pack,£3,25p each,,household
Daz Washing Liquid 47 Washes,Daz Washing Liquid 47 Washes1.645L,£6,£3.65 per litre,,household
Daz Washing Powder For Whites & Colours 40 Washes 2.6kg,Daz Washing Powder For Whites &...2.6kg,£5.75,£2.21 per kg,,household
Daz Washing Powder For Whites & Colours Washes,Daz Washing Powder For Whites & Colours Washes4.225kg,£9,21.3p per 100g,,household
Daz Whites & Colours Washing Powder 22 Washes,Daz Whites & Colours Wash...1.43kg,£3.50,£2.45 per kg,,household
Dettol 5 in 1 Antibacterial Washing Machine Cleaner ,Dettol 5 in 1 Antibacterial Washing Machine Cleaner 250ml,£4,£16.00 per litre,,household
Dettol 5 in 1 Lemon Breeze Antibacterial Washing Machine Cleaner,Dettol 5 in 1 Lemon Breeze Antibacter...250ml,£4,£16.00 per litre,,household
Dettol All in One Disinfectant Antibacterial Spray Crisp Linen,Dettol All in One Disinfectant Anti...400ml,£2.50,£6.25 per litre,"Offer price £2.50, was £3",household
Dettol Antibacterial Disinfectant Mould & Mildew Remover Spray,Dettol Antibacterial Disinfectant M...750ml,£3.50,£4.67 per litre,,household
Dettol Antibacterial Disinfectant Multi Surface Cleaning Wipes,Dettol Antibacterial Disinfectant M...72 per pack,£3,4.2p each,,household
Dettol Antibacterial Disinfectant Multi Surface Cleaning Wipes,Dettol Antibacterial Disinfectant M...110 per pack,£3.50,3.2p each,,household
Dettol Antibacterial Disinfectant Multi Surface Spray Lemon & Lime,Dettol Antibacterial Disinfectant Multi...1L,£3.50,£3.50 per litre,,household
Dettol Antibacterial Disinfectant Multi Surface Spray Pomegranate,Dettol Antibacterial Disinfectant Mul...1L,£3.50,£3.50 per litre,,household
Dettol Antibacterial Disinfectant Surface Cleaning Spray,Dettol Antibacterial Disinfecta...500ml,£2.25,£4.50 per litre,,household
Dettol Antibacterial Disinfectant Surface Cleaning Spray Lime & Mint,Dettol Antibacterial Disinfec...750ml,£2,£2.67 per litre,"Offer price £2, was £3",household
Dettol Antibacterial Laundry Cleanser Soothing Lavender,Dettol Antibacterial Laundry Cl...1.5L,£4.50,£3.00 per litre,,household
Dettol Antiseptic Liquid,Dettol Antiseptic Liquid750ml,£3.85,£5.13 per litre,,household
Dettol Big & Strong Antibacterial Bathroom Cleaning Wipes ,Dettol Big & Strong Antibacterial...25 per pack,£2.50,10p each,"Offer price £2.50, was £4",household
Dettol Big & Strong Antibacterial Kitchen Cleaning 25 XL Wipes,Dettol Big & Strong Antibacterial K...,£2.50,,"Offer price £2.50, was £4",household
Dettol Cleansing Surface Wipes Lime & Mint Large Wipes,Dettol Cleansing Surface Wipes...72 per pack,£3,4.2p each,,household
Dettol Fresh Cotton Antibacterial Laundry Cleanser,Dettol Fresh Cotton Antibac...1.5L,£4.50,£3.00 per litre,,household
Dettol Fresh Cotton Antibacterial Laundry Cleanser,Dettol Fresh Cotton Antibac...2.5L,£9,£3.60 per litre,,household
Dettol Multi Purpose Antibacterial Floor Cleaning Wipes Lemon,Dettol Multi Purpose Antibacterial...10 per pack,£1.50,15p each,"Offer price £1.50, was £2.25",household
Dettol Multipurpose Cleaning Wipes Pomegranate & Lime Large Wipes,Dettol Multipurpose Cleanin...70 per pack,£2.50,3.6p each,"Offer price £2.50, was £3",household
Dettol Multipurpose Wipes Citrus Zest Large Wipes,Dettol Multipurpose Wipes Citrus Zest Large Wipes70 per pack,£2.50,3.6p each,"Offer price £2.50, was £3",household
Dettol Multipurpose Wipes Citrus Zest Large Wipes,Dettol Multipurpose Wipes Citrus Zest Large Wipes30 per pack,£2,6.7p each,,household
Dettol Neutra Air Revitalising Fresh Breeze Air Freshener,Dettol Neutra Air Revitalising Fr...300ml,£1.50,£5.00 per litre,,household
Dettol Power & Pure Advance Bathroom,Dettol Power & Pure Advance Bathroom1L,£2.50,£2.50 per litre,"Offer price £2.50, was £3.50",household
Dettol Power & Pure Antibacterial Disinfectant Kitchen Cleaning Spray,Dettol Power & Pure Antibacterial Disinfe...1L,£2.50,£2.50 per litre,"Offer price £2.50, was £3.50",household
Dettol Surface Cleanser Antibacterial Spray,Dettol Surface Cleanser Antibacterial Spray750ml,£2,£2.67 per litre,"Offer price £2, was £3.50",household
Dettol Surface Cleanser Wipes Lime And Mint ,Dettol Surface Cleanser Wipes Lime And Mint 110 per pack,£3.50,3.2p each,,household
Dettol Tru Clean Antibacterial Wipes Crisp Pear Wipes,Dettol Tru Clean Antibacteria...50 per pack,£2,4p each,"Offer price £2, was £2.80",household
Dishmatic General Purpose Refill,Dishmatic General Purpose Refill4 per pack,£2.35,58.8p each,,household
Dishmatic Handle Refill,Dishmatic Handle Refill,£2,,,household
Dishmatic Non Scratch Refill,Dishmatic Non Scratch Refill4 per pack,£2.35,58.8p each,,household
Domestos Bleach White & Sparkle ,Domestos Bleach White & Sparkle 750ml,£1.50,£2.00 per litre,Buy 3 for £3,household
Domestos Citrus Thick Bleach,Domestos Citrus Thick Bleach750ml,£1.50,£2.00 per litre,Buy 3 for £3,household
Domestos Original Thick Bleach,Domestos Original Thick Bleach750ml,£1.50,£2.00 per litre,Buy 3 for £3,household
Domestos Original Thick Bleach,Domestos Original Thick Bleach2L,£2.85,£1.43 per litre,,household
Domestos Pink Thick Bleach,Domestos Pink Thick Bleach750ml,£1.50,£2.00 per litre,Buy 3 for £3,household
Domestos Power 5 Lime Toilet Rim Block 1 Piece,Domestos Power 5 Lime Toilet Rim Block 1 Piece,£1.50,,Buy 3 for £3,household
Domestos Power 5 Ocean Toilet Rim Block 1pc,Domestos Power 5 Ocean Toilet Rim Block 1pc,£1.50,,Buy 3 for £3,household
Domestos Power 5 Pink Magnolia Toilet Rim Block 1pc,Domestos Power 5 Pink Magnoli...,£1.50,,Buy 3 for £3,household
Domestos Power Foam Citrus,Domestos Power Foam Citrus450ml,£3,66.7p per 100ml,,household
Domestos Power Foam Fresh,Domestos Power Foam Fresh450ml,£3,66.7p per 100ml,,household
Domestos Rimbblock Power 5 Twin Pack Ocean ,Domestos Rimbblock Power 5 Twin Pack Ocean 2 x 55g,£2.50,£2.27 per 100g,,household
Domestos Rimblock Winter,Domestos Rimblock Winter55g,£1.25,£2.27 per 100g,,household
Domestos Spray Bleach Multipurpose Cleaner,Domestos Spray Bleach Multipurpose Cleaner700ml,£2.10,30p per 100ml,,household
DP Soda Crystals,DP Soda Crystals1kg,£2.35,£2.35 per kg,,household
Draper Telescopic Squeegee,Draper Telescopic Squeegee,£6.99,£6.99 each,,household
Dr.Beckmann Carpet Stain Remover ,Dr.Beckmann Carpet Stain Remover 650ml,£4,£6.15 per litre,,household
Dr. Beckmann Glowhite Intensive Whitener Powder,Dr. Beckmann Glowhite Int...5 x 40g,£2,£10.00 per kg,,household
Dr. Beckmann Glowhite Ultra Fabric Stain Remover ,Dr. Beckmann Glowhite Ultra...40g,£2.20,£55.00 per kg,,household
Dr Beckmann Magic Leaves Laundry Detergent Sheets Bio,Dr Beckmann Magic Leaves Laun...25 per pack,£4.50,18p each,,household
Dr. Beckmann Magic Leaves Laundry Detergent S Non Bio 25 Washes,Dr. Beckmann Magic Leaves Laundry Det...100g,£4.50,£45.00 per kg,,household
Dr. Beckmann Original Colour & Dirt Collector,Dr. Beckmann Original Colour & Dirt Collector30 per pack,£3.30,11p each,,household
Dr. Beckmann Pet Stain & Odour Remover,Dr. Beckmann Pet Stain & Odour Remover650ml,£4,61.5p per 100ml,,household
Dr. Beckmann Service-It Deep Clean Washing Machine Cleaner,Dr. Beckmann Service-It Deep Clea...250g,£3.30,£13.20 per kg,,household
Dr. Beckmann Service-It Washing Machine Cleaner,Dr. Beckmann Service-It Washing Machine Cleaner250ml,£3.30,£13.20 per litre,,household
Dr. Beckmann Upholstery Stain Remover,Dr. Beckmann Upholstery Stain Remover400ml,£4,£10.00 per litre,,household
Dr. Oetker Bicarbonate of Soda,Dr. Oetker Bicarbonate of Soda200g,£1.59,79.5p per 100g,,household
Duck Active Clean Rimblock First Kiss Flowers,Duck Active Clean Rimbloc...,£1.50,,,household
Duck Active Clean Rimblock Tropical Summer,Duck Active Clean Rimblock Tropical Summer,£1.50,,,household
Duck Deep Action Gel First Kiss Flowers,Duck Deep Action Gel First Kiss Flowers750ml,£1.25,16.7p per 100ml,,household
Duck Deep Action Gel First Kiss Tropical,Duck Deep Action Gel First Kiss Tropical750ml,£1.25,16.7p per 100ml,,household
Duck Deep Action Gel Toilet Cleaner Lavender,Duck Deep Action Gel Toilet Cleaner Lavender750ml,£1.25,16.7p per 100ml,,household
Duck Deep Action Gel Toilet Liquid Cleaner Citrus,Duck Deep Action Gel Toilet Liquid Cleaner Citrus750ml,£1.25,£1.67 per litre,,household
Duck Deep Action Gel Toilet Liquid Cleaner Lavender,Duck Deep Action Gel Toilet L...,£3,,,household
Duck Deep Action Gel Toilet Liquid Cleaner Marine,Duck Deep Action Gel Toilet...750ml,£1.25,£1.67 per litre,,household
Duck Deep Action Gel Toilet Liquid Cleaner Pine,Duck Deep Action Gel Toilet Liquid Cleaner Pine750ml,£1.25,£1.67 per litre,,household
Duck Fresh Disc Holder First Kiss Flowers,Duck Fresh Disc Holder First Kiss Flowers,£3,,,household
Duck Fresh Disc Holder Tropical Summer,Duck Fresh Disc Holder Tropical Summer,£3,,,household
Duck Fresh Disc Refills Tropical Summer,Duck Fresh Disc Refills Tropical Summer,£3,,"Offer price £3, was £5",household
Duck Fresh Discs 2 Refills Marine 12 Discs,Duck Fresh Discs 2 Refills Marine 12 Discs,£3,,"Offer price £3, was £5",household
Duck Toilet Fresh Discs Duo Refills Lime,Duck Toilet Fresh Discs Duo Refills Lime72ml,£3,£4.16 per 100ml,"Offer price £3, was £5",household
Duck Toilet Fresh Discs Holder Lime,Duck Toilet Fresh Discs Holder Lime36ml,£3,83.3p per 10ml,,household
Duck Toilet Fresh Discs Holder Marine,Duck Toilet Fresh Discs Holder Marine36ml,£3,83.3p per 10ml,,household
Duracell Plus AAA Alkaline Batteries LR03 ,Duracell Plus AAA Alkaline Batteries LR03 20 per pack,£15.25,76.3p each,,household
Duracell Plus AA Alkaline Batteries LR6,Duracell Plus AA Alkaline Batteries LR620 per pack,£15.25,76.3p each,,household
Duracell Plus C Alkaline Batteries,Duracell Plus C Alkaline Batteries4 per pack,£7,£1.75 each,,household
Duracell Plus D Batteries,Duracell Plus D Batteries4 per pack,£8,£2.00 each,,household
Dylon Colour Catcher 6 Protect 24 Sheets,Dylon Colour Catcher 6 Protect 24 Sheets,£3.20,,,household
Dylon Colour Catcher 6 Protect 40 Sheets,Dylon Colour Catcher 6 Protect 40 Sheets,£4,,,household
Ecover All Purpose Cleaner,Ecover All Purpose Cleaner1L,£3,£3.00 per litre,,household
Ecover Apple Blossom & Almond Fabric Softener 50 Washes  ,Ecover Apple Blossom & Almond Fab...1.5L,£5,£3.33 per litre,,household
Ecover Bio Honeysuckle & Jasmine Laundry Detergent 42 Washes,Ecover Bio Honeysuckle & Jasmine La...1.5L,£10,£6.67 per litre,,household
Ecover Camomile & Clementine Washing Up Liquid,Ecover Camomile & Clement...950ml,£3.50,£3.68 per litre,,household
Ecover Dishwasher Tablets,Ecover Dishwasher Tablets25 per pack,£5.50,22p each,"Offer price £5.50, was £7.95",household
Ecover Lemon & Aloe Vera Washing Up Liquid,Ecover Lemon & Aloe Vera Washing Up Liquid450ml,£1.75,£3.89 per litre,"Offer price £1.75, was £2",household
Ecover Lily & Lotus Washing Liquid,Ecover Lily & Lotus Washing Liquid450ml,£2,£4.44 per litre,,household
Ecover Non-Bio Laundry Powder 25 Washes,Ecover Non-Bio Laundry Powder 25 Washes1.875kg,£8.50,£4.53 per kg,,household
Ecover Non Bio Lavender & Sandalwood Laundry Detergent 42 Washes,Ecover Non Bio Lavender & Sandalwood...1.5L,£10,£6.67 per litre,,household
Ecover Pine Fresh Toilet Cleaner,Ecover Pine Fresh Toilet Cleaner750ml,£2,£2.67 per litre,,household
Elliotts Wooden Black Shoe Brushes Set of 2,Elliotts Wooden Black Shoe Brushes Set of 2,£4,£4.00 each,,household
Emma Bridgewater New Hearts Tissue,Emma Bridgewater New Hearts Tissue4 per pack,£2.50,62.5p each,,household
Fabulosa 4 In 1 Lemon Lavender Concentrated Disinfectant,Fabulosa 4 In 1 Lemon Lavender...220ml,£1,£4.55 per litre,,household
Fabulosa Antibacterial Trigger Spray Electrify,Fabulosa Antibacterial Trigger Spray Electrify500ml,£1,£2.00 per litre,,household
Fabulosa Concentrated Disinfectant ,Fabulosa Concentrated Disinfectant 500ml,£2,£4.00 per litre,,household
Fairy All In One Dishwasher Tablets Lemon,Fairy All In One Dish...19 per pack,£4,21.1p each,,household
Fairy All in One Dishwasher Tablets Lemon,Fairy All in One Dish...38 per pack,£10,26.3p each,,household
Fairy Almond Milk & Manuka Honey In-Wash Scent Booster ,Fairy Almond Milk & Manuka Hone...176g,£3,£17.05 per kg,"Offer price £3, was £6",household
Fairy Almond Milk & Manuka Honey In-Wash Scent Booster ,Fairy Almond Milk & Manuka Hone...320g,£8,£25.00 per kg,,household
Fairy Antibacterial Washing Up Liquid Eucalyptus,Fairy Antibacterial Washing...383ml,£2,52.2p per 100ml,,household
Fairy Antibac Washing Up Liquid,Fairy Antibac Washing Up Liquid520ml,£2.50,48.1p per 100ml,,household
Fairy Apple Orchard Washing Up Liquid,Fairy Apple Orchard Washing Up Liquid1015ml,£3,29.6p per 100ml,,household
Fairy Citrus Washing Up Liquid,Fairy Citrus Washing Up Liquid654ml,£2,30.6p per 100ml,"Offer price £2, was £2.50",household
Fairy Clean & Fresh Apple Washing Up Liquid,Fairy Clean & Fresh Apple Washing Up Liquid320ml,£1.30,40.6p per 100ml,,household
Fairy Fabric Conditioner 33 Washes ,Fairy Fabric Conditioner 33 Washes 1.155L,£2.25,£1.95 per litre,,household
Fairy Fresh Fabric Conditioner 30 Washes,Fairy Fresh Fabric Conditioner 30 Washes1050ml,£3.25,£3.10 per litre,,household
Fairy Fresh Fabric Conditioner 48 Washes ,Fairy Fresh Fabric Conditioner 48 Washes 1.68L,£3,£1.78 per litre,"Offer price £3, was £3.50",household
Fairy Lemon Washing Up Liquid,Fairy Lemon Washing Up Liquid320ml,£1.30,40.6p per 100ml,,household
Fairy Lemon Washing Up Liquid,Fairy Lemon Washing Up Liquid654ml,£2,30.6p per 100ml,"Offer price £2, was £2.50",household
Fairy Max Power Antibac Washing Up Liquid,Fairy Max Power Antibac Washing Up Liquid640ml,£4,62.5p per 100ml,,household
Fairy Max Power Original Washing Up Liquid,Fairy Max Power Original Washing Up Liquid370ml,£2,54.1p per 100ml,"Offer price £2, was £2.50",household
Fairy Max Power Pomegranate Washing Up Liquid,Fairy Max Power Pomegrana...640ml,£4,62.5p per 100ml,,household
Fairy Max Power Tea Tree Antibacterial Anti-Leak,Fairy Max Power Tea Tree Antibacterial Anti-Leak370ml,£2,54.1p per 100ml,"Offer price £2, was £2.50",household
Fairy Non Bio PODS Washing Capsules,Fairy Non Bio PODS Washing Capsules25 per pack,£7,28p each,,household
Fairy Non Bio Pods Washing Capsules ,Fairy Non Bio Pods Washing Capsules 13 per pack,£3.50,26.9p each,"Offer price £3.50, was £4.50",household
Fairy Non Bio Pods Washing Capsules Washes,Fairy Non Bio Pods Wash...29 per pack,£9,31p each,,household
Fairy Non Bio Pods Washing Capsules Washes,Fairy Non Bio Pods Wash...51 per pack,£14,27.5p each,,household
Fairy Non Bio Washing Capsules for Sensitive Skin Washes,Fairy Non Bio Washing Capsules...33 per pack,£7,21.2p each,"Offer price £7, was £10",household
Fairy Non Bio Washing Liquid for Sensitive Skin 35 Washes,Fairy Non Bio Washing Liquid for...1.33L,£6,45.2p per 100ml,"Offer price £6, was £8",household
Fairy Non Bio Washing Liquid for Sensitive Skin 51 Washes,Fairy Non Bio Washing Liquid for...1890ml,£10,52.9p per 100ml,,household
Fairy Non Bio Washing Liquid Gel For Sensitive Skin 24 Washes,Fairy Non Bio Washing Liquid Gel Fo...840ml,£5,£5.95 per litre,,household
Fairy Non Bio Washing Liquid Gel for Sensitive Skin 35 Washes,Fairy Non Bio Washing Liquid Gel fo...1295ml,£8,£6.18 per litre,,household
Fairy Non Bio Washing Powder for Sensitive Skin 40 Washes,Fairy Non Bio Washing Powder for...2.6kg,£9,£3.46 per kg,,household
Fairy Non Bio Washing Powder For Sensitive Skin 50 Washes ,Fairy Non Bio Washing Powder For...3.25kg,£11,£3.38 per kg,,household
Fairy Original All In One Auto Dishwashing Tablet,Fairy Original All In One Auto Dishwashing Tablet60 per pack,£9,15p each,"Offer price £9, was £11",household
Fairy Original All In One Dishwasher Tablets Lemon 22 pack,Fairy Original All In One Dishwas...22 per pack,£4,18.2p each,,household
Fairy Original Max Power Washing Up Liquid,Fairy Original Max Power Washing Up Liquid640ml,£4,62.5p per 100ml,,household
Fairy Original Washing Up Liquid ,Fairy Original Washing Up Liquid 1190ml,£3,£2.52 per litre,,household
Fairy Original Washing Up Liquid,Fairy Original Washing Up Liquid320ml,£1.30,40.6p per 100ml,,household
Fairy Original Washing Up Liquid,Fairy Original Washing Up Liquid654ml,£2,30.6p per 100ml,"Offer price £2, was £2.50",household
Fairy Original Washing Up Liquid Green with Lift Action,Fairy Original Washing Up Liqui...1015ml,£3,29.6p per 100ml,,household
Fairy Outdoorable Fabric Conditioner 55 Washes,Fairy Outdoorable Fabric Conditioner 55 Washes770ml,£3.50,£4.55 per litre,,household
Fairy Outdoorable Fabric Conditioner Original 76 Washes,Fairy Outdoorable Fabric Condit...1064ml,£6.50,61.1p per 100ml,,household
Fairy Platinum All In One Lemon Dishwasher Tablets,Fairy Platinum All In One L...32 per pack,£7,21.9p each,"Offer price £7, was £10",household
Fairy Platinum Dishwasher Tablets Lemon,Fairy Platinum Dishwa...21 per pack,£5,23.8p each,"Offer price £5, was £7",household
Fairy Platinum Dishwasher Tablets Lemon,Fairy Platinum Dishwa...51 per pack,£11,21.6p each,,household
Fairy Platinum Plus Auto Dishwasher Tablets Lemon,Fairy Platinum Plus Auto Di...42 per pack,£9,21.4p each,"Offer price £9, was £11",household
Fairy Platinum Plus Deep Clean Dishwasher Tablets,Fairy Platinum Plus Deep Clean Dishwasher Tablets29 per pack,£7,24.2p each,"Offer price £7, was £10",household
Fairy Platinum Plus Dishwasher Tablets Deep Clean,Fairy Platinum Plus Dishwas...42 per pack,£11,26.2p each,,household
Fairy Platinum Plus Dishwasher Tablets Lemon,Fairy Platinum Plus Dis...18 per pack,£7,38.9p each,,household
Fairy Platinum Plus Dishwasher Tablets Lemon,Fairy Platinum Plus Dis...29 per pack,£10,34.5p each,,household
Fairy Platinum Plus Hinch Limited Edition Dishwasher Tablets,Fairy Platinum Plus Hinch Limited E...48 per pack,£11,22.9p each,,household
Fairy Platinum Quick Wash Original,Fairy Platinum Quick Wash Original520ml,£2.50,48.1p per 100ml,,household
Fairy Platinum Washing Up Liquid,Fairy Platinum Washing Up Liquid383ml,£2,52.2p per 100ml,,household
Fairy Pomegranate Washing Up Liquid,Fairy Pomegranate Washing Up Liquid1015ml,£3,29.6p per 100ml,,household
Fairy Stain Remover Pods Washing Capsules For Sensitive Skin washes,Fairy Stain Remover Pods Washing Capsul...44 per pack,£10.50,23.9p each,,household
Febreze 3vol Refill Orange And Spice,Febreze 3vol Refill Orange And Spice20ml,£5,£25.00 per 100ml,,household
Febreze 3Volution Air Freshener Blossom & Breeze Plug Starter Kit,Febreze 3Volution Air Freshener Bloss...,£6,,,household
Febreze 3Volution Air Freshener Blossom Plug Refill,Febreze 3Volution Air Freshen...,£5,,,household
Febreze 3Volution Air Freshener Cotton Fresh Plug In Refill,Febreze 3Volution Air Freshener C...,£3.50,,"Offer price £3.50, was £5",household
Febreze 3Volution Air Freshener Cotton Fresh Plug In Refills Twin Pack,Febreze 3Volution Air Freshener Cotton Fr...2 per pack,£6,£3.00 each,,household
Febreze 3Volution Air Freshener Electrical Plug In Diffuser,Febreze 3Volution Air Freshener E...,£3.50,,,household
Febreze 3Volution Air Freshener Exotic Bloom Plug In Refills Twin Pack,Febreze 3Volution Air Freshener Exotic Bl...2 per pack,£6,£3.00 each,,household
Febreze 3Volution Air Freshener Pet Odour Eliminator Plug In Refill,Febreze 3Volution Air Freshener Pet Odo...,£3.50,,"Offer price £3.50, was £5",household
Febreze 3volution Air Freshener Plug-In Starter Kit Peony & Cedar,Febreze 3volution Air Freshener Plug...20ml,£6,£30.00 per 100ml,"Offer price £6, was £10",household
Febreze 3Volution Air Freshener Spring Awakening Plug In Refill,Febreze 3Volution Air Freshener Sprin...,£3.50,,"Offer price £3.50, was £5",household
Febreze 3Volution Air Freshener Spring Awakening Plug In Refills Twin Pack,Febreze 3Volution Air Freshener...2 per pack,£6,£3.00 each,,household
Febreze 3Volution Crocus & Bluebell Plug In Refill ,Febreze 3Volution Crocus & Bluebell Plug In Refill 20ml,£3.50,£17.50 per 100ml,"Offer price £3.50, was £5",household
Febreze 3Volution Fruity Tropics Air Freshener Plug Refill,Febreze 3Volution Fruity Tropics...,£3.50,,,household
Febreze 3Volution Peony & Cedar Plug In Refill ,Febreze 3Volution Peony & Cedar Plug In Refill 20ml,£3.50,£17.50 per 100ml,"Offer price £3.50, was £5",household
Febreze 3Volution Plug In Refil Ruby Jasmin,Febreze 3Volution Plug In Refil Ruby Jasmin3 x 20ml,£3.50,£5.83 per 100ml,,household
Febreze 3Volution Plug Refill White Jasmine,Febreze 3Volution Plug Refill White Jasmine20ml,£3.50,£1.75 per 10ml,"Offer price £3.50, was £5",household
Febreze 3Volution Smart Programming Air Freshener Starter Kit,Febreze 3Volution Smart Programming...,£6,,,household
Febreze Aerosol White Jasmine,Febreze Aerosol White Jasmine300ml,£3,£1.00 per 100ml,Buy 2 for £5,household
Febreze Air Freshener Blossom & Breeze Plug Refill,Febreze Air Freshener Bloss...,£4,,,household
Febreze Air Freshener Spray Spring Awakening,Febreze Air Freshener Spray Spring Awakening300ml,£2.50,83.3p per 100ml,,household
Febreze Air Peony & Cedar,Febreze Air Peony & Cedar300ml,£3,£1.00 per 100ml,Buy 2 for £5,household
Febreze Ambi Pur 3Volution Air Freshener Fresh Linen Plug In Refills ,Febreze Ambi Pur 3Volution Air Freshener...,£3.50,,,household
Febreze Ambi Pur 3Volution Air Freshener Lavender Plug In Refills,Febreze Ambi Pur 3Volution Air Freshe...,£3.50,,"Offer price £3.50, was £5",household
Febreze Ambi Pur 3Volution Air Freshener Thai Orchid Plug In Refills,Febreze Ambi Pur 3Volution Air Freshene...,£3.50,,"Offer price £3.50, was £5",household
Febreze Ambi Pur 3Volution Air Freshener Vanilla Blossom Plug In Refills ,Febreze Ambi Pur 3Volution Air...,£6,,"Offer price £6, was £10",household
Febreze Ambi Pur 3Volution ZERO% Air Freshener Aqua Plug In Refills,Febreze Ambi Pur 3Volution...,£3.50,,"Offer price £3.50, was £5",household
Febreze Ambi Pur Air Freshener Lavender Plug In Refill,Febreze Ambi Pur Air Freshener...20ml,£4,£2.00 per 10ml,Buy 2 for £6,household
Febreze Ambi Pur Air Freshener Spring Awakening Plug In Refill,Febreze Ambi Pur Air Freshener Spri...,£4,,,household
Febreze Ambi Pur Air Freshener Vanilla Bouquet Plug In Refill,Febreze Ambi Pur Air Freshener Vani...,£4,,,household
Febreze Ambi Pur Air Freshener White Jasmine Plug In Refill,Febreze Ambi Pur Air Freshener Wh...20ml,£4,£20.00 per 100ml,Buy 2 for £6,household
Febreze Ambi Pur Lenor Air Freshener Ocean Escape Plug In Refill,Febreze Ambi Pur Lenor Air Freshener...20ml,£4,£20.00 per 100ml,Buy 2 for £6,household
Febreze Antibacterial Fabric Freshener Spray Fresh Linen,Febreze Antibacterial Fabric Fr...375ml,£3,80p per 100ml,Buy 2 for £5,household
Febreze Bathroom Air Freshener Blossom,Febreze Bathroom Air Freshener Blossom2 per pack,£4.50,£2.25 each,"Offer price £4.50, was £5.50",household
Febreze Bathroom Air Freshener Citrus Freshness,Febreze Bathroom Air Fres...7.5ml,£3,£40.00 per 100ml,Buy 2 for £5,household
Febreze Bathroom Air Freshener Cotton Fresh Twin Pack,Febreze Bathroom Air Freshene...2 per pack,£4.50,£2.25 each,"Offer price £4.50, was £5.50",household
Febreze Bathroom Air Freshener Liquid Membrane Fresh Linen,Febreze Bathroom Air Freshener Li...7.5ml,£3,£40.00 per 100ml,Buy 2 for £5,household
Febreze Bathroom Air Freshener Sugar Plum,Febreze Bathroom Air Freshener Sugar Plum,£3,,,household
Febreze Bathroom Air Fresh Liquid Membrane Crocus & Blue Belle,Febreze Bathroom Air Fresh Liquid M...7.5ml,£3,£40.00 per 100ml,Buy 2 for £5,household
Febreze Bathroom Air Freshner Liquid Membrane Fruity Tropics,Febreze Bathroom Air Freshner Liqui...7.5ml,£3,£40.00 per 100ml,Buy 2 for £5,household
Febreze Bathroom Airfreshner Liquid Membrane Orange,Febreze Bathroom Airfreshner...7.5ml,£3,£40.00 per 100ml,Buy 2 for £5,household
Febreze Bathroom Blossom & Breeze Air Freshener,Febreze Bathroom Blossom...,£3,,Buy 2 for £5,household
Febreze Bathroom Continuous Air Freshener,Febreze Bathroom Continuous Air Freshener2 per pack,£4.50,£2.25 each,"Offer price £4.50, was £5.50",household
Febreze Bathroom Cotton Fresh Air Freshener ,Febreze Bathroom Cotton Fresh Air Freshener ,£3,,Buy 2 for £5,household
Febreze Blossom & Breeze Air Freshener Mist Spray,Febreze Blossom & Breeze Air Freshener Mist Spray300ml,£2.50,83.3p per 100ml,,household
Febreze Blossoms & Breeze Car Clip Air Freshener ,Febreze Blossoms & Breeze C...,£2.50,,,household
Febreze Car Air Freshener Blossom & Breeze Twin Pack,Febreze Car Air Freshener Blo...2 per pack,£4,£2.00 each,,household
Febreze Cotton Fresh Air Freshener Mist Spray,Febreze Cotton Fresh Air Freshener Mist Spray300ml,£2.50,83.3p per 100ml,,household
Febreze Cotton Fresh Car Clip Air Freshener ,Febreze Cotton Fresh Car Clip Air Freshener 2ml,£2.50,£12.50 per 10ml,,household
Febreze Cotton Fresh Fabric Refresher Spray,Febreze Cotton Fresh Fabric Refresher Spray375ml,£3,80p per 100ml,Buy 2 for £5,household
Febreze Crocus & Bluebell Air Freshener Mist Spray ,Febreze Crocus & Bluebell Air Freshener Mist Spray 300ml,£3,£1.00 per 100ml,Buy 2 for £5,household
Febreze Fabric Freshener Spray Blossom & Breeze,Febreze Fabric Freshener Spray Blossom & Breeze375ml,£3,80p per 100ml,Buy 2 for £5,household
Febreze Fabric Freshener Spray Pet,Febreze Fabric Freshener Spray Pet375ml,£3,80p per 100ml,Buy 2 for £5,household
Febreze Fabric Fresheners Spray Fruity Tropics,Febreze Fabric Fresheners Spray Fruity Tropics375ml,£2.50,66.7p per 100ml,,household
Febreze Fabric Refresher Citrus Fresh,Febreze Fabric Refresher Citrus Fresh375ml,£3,£8.00 per litre,Buy 2 for £5,household
Febreze Fabric Refresher Pink Tulips,Febreze Fabric Refresher Pink Tulips500ml,£3,60p per 100ml,,household
Febreze Freshener Spray Orange,Febreze Freshener Spray Orange300ml,£2.50,83.3p per 100ml,,household
Febreze Fresh Linen Air Freshener Mist Spray ,Febreze Fresh Linen Air Freshener Mist Spray 300ml,£2.50,83.3p per 100ml,,household
Febreze Fruity Tropics Air Freshener Mist Spray,Febreze Fruity Tropics Air Freshener Mist Spray300ml,£2.50,83.3p per 100ml,,household
Febreze Lavender Air Freshener Mist Spray,Febreze Lavender Air Freshener Mist Spray300ml,£2.50,83.3p per 100ml,,household
Febreze Lavender Bathroom Air Freshener,Febreze Lavender Bathroom Air Freshener,£3,,Buy 2 for £5,household
Febreze Lenor Exotic Air Freshener Mist Spray,Febreze Lenor Exotic Air Freshener Mist Spray300ml,£2.50,83.3p per 100ml,,household
Febreze Lenor Exotic Bloom Bathroom Air Freshener,Febreze Lenor Exotic Bloom...7.5ml,£3,£40.00 per 100ml,Buy 2 for £5,household
Febreze Lenor Gold Orchid Air Freshener Mist Spray,Febreze Lenor Gold Orchid Air Freshener Mist Spray300ml,£2.50,83.3p per 100ml,,household
Febreze Mrs Hinch Air Freshener Spray Spring,Febreze Mrs Hinch Air Freshener Spray Spring300ml,£3,£1.00 per 100ml,,household
Febreze Mrs Hinch Bathroom Air Freshener Lenor,Febreze Mrs Hinch Bathroo...7.5ml,£3,£40.00 per 100ml,,household
Febreze New Car Scent Car Air Freshener ,Febreze New Car Scent Car Air Freshener ,£2.50,,,household
Febreze Plug Plug & Refill Cotton Fresh,Febreze Plug Plug & Refill Cotton Fresh,£4.50,,,household
Febreze Ruby Jasmine Air Freshener Mist Spray,Febreze Ruby Jasmine Air Freshener Mist Spray300ml,£2.50,83.3p per 100ml,,household
Febreze Spring Awakening Bathroom Air Freshener ,Febreze Spring Awakening Ba...,£3,,Buy 2 for £5,household
Febreze Spring Awakening Car Clip Air Freshener ,Febreze Spring Awakening Ca...,£2.50,,,household
Febreze Twin Car Clip Cotton Fresh Air Freshener ,Febreze Twin Car Clip Cotton Fresh Air Freshener 2 per pack,£4,£2.00 each,,household
Febreze Unstoppables Car Air Freshener Fresh,Febreze Unstoppables Car Air Freshener Fresh,£4.50,,,household
Febreze Unstoppables Fresh Car Air Freshener,Febreze Unstoppables Fresh Car Air Freshener,£3,,,household
Febreze Vanilla & Magnolia Air Freshener Mist Spray,Febreze Vanilla & Magnolia Ai...300ml,£2.50,83.3p per 100ml,,household
Febreze Vanilla & Magnolia Small Spaces Bathroom Air Freshener ,Febreze Vanilla & Magnolia Small Spac...,£3,,Buy 2 for £5,household
Febreze White Jasmine Bathroom Air Freshener,Febreze White Jasmine Bathroom Air Freshener,£3,,Buy 2 for £5,household
Febreze Zero% 3Volution Air Freshener Orchid Plug In Starter Kit,Febreze Zero% 3Volution Air Freshener...,£6,,,household
Febreze Zero% Air Freshener Flairosol Starter Kit Orchid,Febreze Zero% Air Freshener Fla...,£5,,,household
Finish 2 in 1 Lemon & Lime Dishwasher Freshener up to 60 Washes,Finish 2 in 1 Lemon & Lime Dishwasher...,£3,,,household
Finish All In One Dishwasher Tablets 52 Tabs,Finish All In One Dishw...52 per pack,£8,15.4p each,"Offer price £8, was £9.50",household
Finish All In One Dishwasher Tablets Lemon,Finish All In One Dishw...84 per pack,£12,14.3p each,,household
Finish All In One Dishwasher Tablets Lemon 26 Tabs,Finish All In One Dishwashe...26 per pack,£5,19.2p each,,household
Finish All In One Dishwasher Tablets Lemon 52 Tabs,Finish All In One Dishwashe...52 per pack,£8,15.4p each,"Offer price £8, was £9.50",household
Finish All In One Dishwasher Tablets Lemon 75 Tabs,Finish All In One Dishwashe...75 per pack,£11,14.7p each,,household
Finish Dishwasher Cleaner Lemon,Finish Dishwasher Cleaner Lemon250ml,£3.50,£14.00 per litre,,household
Finish Dishwasher Salt,Finish Dishwasher Salt2kg,£4,20p per 100g,,household
Finish Quantum All In One Dishwasher Tablets Lemon 23 Tabs,Finish Quantum All In One Dishwas...23 per pack,£6,26.1p each,,household
Finish Quantum All in One Lemon Tablets,Finish Quantum All in One Lemon Tablets72 per pack,£11,15.3p each,,household
Finish Quantum Ultimate+ Lemon Tablets,Finish Quantum Ultimate+ Lemon Tablets18 per pack,£6,33.3p each,,household
Finish Quantum Ultimate+ Regular,Finish Quantum Ultimate+ Regular33 per pack,£9.50,28.8p each,,household
Finish Quantum Ultimate All In One Lemon,Finish Quantum Ultimate All In One Lemon52 per pack,£11,21.2p each,,household
Finish Rinse Aid,Finish Rinse Aid400ml,£3.50,87.5p per 100ml,,household
Finish Ultimate All In One Dishwasher Tablets 61 Tabs,Finish Ultimate All In One Di...61 per pack,£11,18p each,,household
Finish Ultimate All In One Dishwasher Tablets Lemon 21 Tabs,Finish Ultimate All In One Dishwa...21 per pack,£6,28.6p each,,household
Finish Ultimate All In One Dishwasher Tablets Lemon 61 Tabs,Finish Ultimate All In One Dishwa...61 per pack,£11,18p each,,household
Finish Utimate All In One Dishwasher Tablets Lemon 39 Tabs,Finish Utimate All In One Dishwas...39 per pack,£8,20.5p each,,household
Flash All Purpose Blossoms And Breeze,Flash All Purpose Blossoms And Breeze1.5L,£2.99,19.9p per 100ml,,household
Flash Anti-Bac Speed Mop Wet Cloths Lemon,Flash Anti-Bac Speed Mop Wet Cloths Lemon12 per pack,£5,41.7p each,,household
Flash Anti-Bacterial All Purpose Liquid Cleaner,Flash Anti-Bacterial All Purpose Liquid Cleaner1L,£2,£2.00 per litre,"Offer price £2, was £2.50",household
Flash Anti Bacterial Cleaning Spray Wipe & Done Apple Blossom,Flash Anti Bacterial Cleaning Spray...800ml,£2.50,31.3p per 100ml,"Offer price £2.50, was £3.50",household
Flash Bathroom 3In1 Antibacterial Cleaning Spray,Flash Bathroom 3In1 Antibac...750ml,£2.49,33.2p per 100ml,Offer price £2.50 was £3,household
Flash Bathroom Spray Wipe Done Antibacterial,Flash Bathroom Spray Wipe Done Antibacterial800ml,£3.50,£4.38 per litre,,household
Flash Bathroom Spray Wipe Done Shower,Flash Bathroom Spray Wipe Done Shower800ml,£3.50,£4.38 per litre,,household
Flash Bleach Cleaning Spray,Flash Bleach Cleaning Spray800ml,£2.50,31.3p per 100ml,,household
Flash Bleach Clean Spray,Flash Bleach Clean Spray800ml,£2.50,31.3p per 100ml,,household
Flash Cleaning Spray Bicarbonate & Eucalyptus ,Flash Cleaning Spray Bicarbonate & Eucalyptus 800ml,£2.50,31.3p per 100ml,"Offer price £2.50, was £3.50",household
Flash Clean with Febreze Fresh Scent Bathroom Spray,Flash Clean with Febreze Fres...800ml,£2.50,31.3p per 100ml,,household
Flash Duster Refills 5 Pack,Flash Duster Refills 5 Pack5 per pack,£5,£1.00 each,,household
Flash Duster Starter Kit And 4 Pads,Flash Duster Starter Kit And 4 Pads,£5,,,household
Flash Duster Xxl Starter Kit And 2 Pads,Flash Duster Xxl Starter Kit And 2 Pads,£6,,,household
Flash Kitchen Spray Ultra Anti-Bacterial Spray,Flash Kitchen Spray Ultra Anti-Bacterial Spray750ml,£2.49,£3.32 per litre,Offer price £2.50 was £3,household
Flash Lavender Floor Cleaning Liquid,Flash Lavender Floor Cleaning Liquid1.5L,£3,20p per 100ml,,household
Flash Lemon Floor Cleaning Liquid,Flash Lemon Floor Cleaning Liquid1.5L,£3,20p per 100ml,,household
Flash Liquid Wood Floor Cleaner,Flash Liquid Wood Floor Cleaner1L,£2.50,£2.50 per litre,,household
Flash Mandarin Spray Wipe & Done Cleaning Spray,Flash Mandarin Spray Wipe...800ml,£2.50,31.3p per 100ml,"Offer price £2.50, was £3.50",household
Flash Power Mop Liquid Refill Sea Minerals ,Flash Power Mop Liquid Refill Sea Minerals 1.25L,£4,£3.20 per litre,,household
Flash Power Mop Wet Jet ,Flash Power Mop Wet Jet 8 per pack,£6,75p each,,household
Flash Sparkling Home Spray Wipe Hinched Spring Berries,Flash Sparkling Home Spray Wipe...800ml,£3,37.5p per 100ml,,household
Flash Speed Mop Refills Pads,Flash Speed Mop Refills Pads20 per pack,£5,25p each,,household
Flash Speed Mop Replacement Cloths,Flash Speed Mop Replacement Cloths12 per pack,£5,41.7p each,,household
Flash Spray Wipe Done All Purpose Lemon,Flash Spray Wipe Done All Purpose Lemon800ml,£3.50,43.8p per 100ml,,household
Flash Spray Wipe Done Antibacterial Cleaning Spray Wild Berries,Flash Spray Wipe Done Antibacterial C...800ml,£3.50,£4.38 per litre,,household
Flash Spray Wipe Done Glass,Flash Spray Wipe Done Glass800ml,£2.50,31.3p per 100ml,"Offer price £2.50, was £3.50",household
Flash Strong & Thick Cleaning Wipes Lemon ,Flash Strong & Thick Cleaning Wipes Lemon 24 per pack,£2,8.3p each,,household
Flash Swd Orange And Cinammon ,Flash Swd Orange And Cinammon 800ml,£3.50,£4.38 per litre,,household
"Full Circle Neat Nut Walnut Scour Pads, Pack Of 2",Full Circle Neat Nut Walnut...2 per pack,£7,£3.50 each,,household
Glade Aerosol Beach Days,Glade Aerosol Beach Days300ml,£1.50,50p per 100ml,,household
Glade Aerosol Berry Pop,Glade Aerosol Berry Pop300ml,£1.50,50p per 100ml,,household
Glade Aerosol Clean Linen Air Freshener,Glade Aerosol Clean Linen Air Freshener300ml,£1.50,50p per 100ml,,household
Glade Aerosol Watermelon,Glade Aerosol Watermelon300ml,£1.50,50p per 100ml,,household
Glade Air Freshener Pure Clean Linen Scented Oil Plug In ,Glade Air Freshener Pure Clean Li...,£4.25,,"Offer price £4.25, was £5",household
Glade Apple Cosy Cider Automatic Refill Spray,Glade Apple Cosy Cider Automatic Refill Spray269ml,£3.75,£1.39 per 100ml,,household
Glade Aroma Calm Candle,Glade Aroma Calm Candle,£9,,,household
Glade Automatic Spray Refill Cherry & Peony Air Freshener,Glade Automatic Spray Refill Cher...269ml,£3.50,£1.30 per 100ml,,household
Glade Automatic Spray Refill Pure Clean Linen Air Freshener,Glade Automatic Spray Refill Pure...269ml,£3.50,£1.30 per 100ml,,household
Glade Automatic Spray Refill Sandalwood & Jasmine Air Freshener,Glade Automatic Spray Refill Sandalwo...269ml,£3.50,£1.30 per 100ml,,household
Glade Automatic Spray Twin Refill Clean Linen Air Freshener,Glade Automatic Spray Twin Refill...2 x 269ml,£5.50,£1.02 per 100ml,,household
Glade Automatic Spray Twin Refill Relaxing Zen Air Freshener,Glade Automatic Spray Twin Refill R...2 x 269ml,£5.50,£1.02 per 100ml,,household
Glade Automatic Twin Refill Sensual Sandalwood & Jasmine Automatic Spray ,Glade Automatic Twin Refill Sen...2 per pack,£5.50,£2.75 each,,household
Glade Bubbly Berry Splash Automatic Spray Refill ,Glade Bubbly Berry Splash A...269ml,£3.75,£1.39 per 100ml,,household
Glade Bubbly Berry Splash Candle ,Glade Bubbly Berry Splash Candle 129g,£4,£3.10 per 100g,,household
Glade Electric Holder Beach Days,Glade Electric Holder Beach Days20ml,£5,£25.00 per 100ml,,household
Glade Electric Holder Watermelon,Glade Electric Holder Watermelon20ml,£5,£25.00 per 100ml,,household
Glade Electric Refill Beach Days,Glade Electric Refill Beach Days20ml,£3.50,£17.50 per 100ml,,household
Glade Electric Refill Berry Pop,Glade Electric Refill Berry Pop20ml,£2.50,£12.50 per 100ml,"Offer price £2.50, was £3.50",household
Glade Electric Refill Watermelon,Glade Electric Refill Watermelon20ml,£3.50,£17.50 per 100ml,,household
Glade Exotic Tropical Blossoms Electric Scented Oil Refill ,Glade Exotic Tropical Blossoms El...20ml,£2.50,£1.25 per 10ml,"Offer price £2.50, was £3.50",household
Glade Large Automatic Spray Holder Watermelon,Glade Large Automatic Spray Holder Watermelon269ml,£8,£2.97 per 100ml,,household
Glade Large Automatic Spray Refill Beach Days,Glade Large Automatic Spray Refill Beach Days269ml,£3.75,£1.39 per 100ml,,household
Glade Large Automatic Spray Refill Watermelon,Glade Large Automatic Spray Refill Watermelon269ml,£3.75,£1.39 per 100ml,,household
Glade Luscious Peony & Cherry Candle,Glade Luscious Peony & Cherry Candle,£4,,,household
Glade Peaceful Relaxing Zen Candle,Glade Peaceful Relaxing Zen Candle,£4,,,household
Glade Plug Ins Scented Oil Refill Sensual Sandalwood & Jasmine ,Glade Plug Ins Scented Oil Refill Sen...20ml,£2.50,£1.25 per 10ml,"Offer price £2.50, was £3.50",household
Glade Refill Marshmallow,Glade Refill Marshmallow269ml,£2.50,92.9p per 100ml,,household
Glade Romantic Vanilla Blossom Candle ,Glade Romantic Vanilla Blossom Candle ,£4,,,household
Glade Sense & Spray Refill Pure Linen Air Freshener ,Glade Sense & Spray Refill Pure Linen Air Freshener 18ml,£3.50,£1.94 per 10ml,,household
Glade Sense & Spray Refill Relaxing Zen Air Freshener,Glade Sense & Spray Refill Re...18ml,£3.50,£1.94 per 10ml,,household
Glade Sense & Spray Refill Watermelon,Glade Sense & Spray Refill Watermelon18m,£3,16.7p per 1m,,household
Glade Sensual Sandalwood & Jasmine Candle ,Glade Sensual Sandalwoo...,£4,,,household
Glade Solid Gel Clean Linen Air Freshener,Glade Solid Gel Clean Linen Air Freshener150g,£1.25,83.3p per 100g,,household
Glade Solid Gel Lavender Air Freshener,Glade Solid Gel Lavender Air Freshener150g,£1.25,83.3p per 100g,,household
Glade Solid Gel Lily of the Valley Air Freshener,Glade Solid Gel Lily of the Valley Air Freshener150g,£1.25,83.3p per 100g,,household
Glade Solid Gel Relaxing Zen Air Freshener,Glade Solid Gel Relaxing Zen Air Freshener150g,£1.25,83.3p per 100g,,household
Glade Spring Candle Beach Days,Glade Spring Candle Beach Days,£4,,,household
Glade Spring Candle Watermelon,Glade Spring Candle Watermelon,£4,,,household
Glade Spring Day Clouds Candle,Glade Spring Day Clouds Candle,£5,,,household
Glade Stay Cool Watermelon Candle,Glade Stay Cool Watermelon Candle,£5,,,household
Glade Stay Cool Watermelon Sense & Spray Holder,Glade Stay Cool Watermelo...,£7,,,household
Glade Touch & Fresh Exotic Tropical Blossoms Refill,Glade Touch & Fresh Exotic Tr...10ml,£2.70,£27.00 per 100ml,,household
Glade Touch & Fresh Pure Clean Linen Air Freshener,Glade Touch & Fresh Pure Clean Linen Air Freshener10ml,£3.50,£3.50 per 10ml,,household
Glade Touch & Fresh Refill Cherry & Peony Air Freshener,Glade Touch & Fresh Refill Cher...10ml,£2.70,£2.70 per 10ml,,household
Glade Touch & Fresh Refill Clean Linen Air Freshener,Glade Touch & Fresh Refill Clean Linen Air Freshener10ml,£2.70,£2.70 per 10ml,,household
Glade Vanilla Blossom Automatic Spray Refill,Glade Vanilla Blossom Automatic Spray Refill,£3.75,,,household
Goddards Long Term Silver Polish Cloth,Goddards Long Term Silver Polish Cloth,£2.50,,,household
Harpic Active Fresh Toilet Cleaner Gel Citrus,Harpic Active Fresh Toilet Cleaner Gel Citrus750ml,£1.50,£2.00 per litre,,household
Harpic Active Fresh Toilet Cleaner Gel Pine,Harpic Active Fresh Toilet Cleaner Gel Pine750ml,£1.50,£2.00 per litre,,household
Harpic Active Fresh Toilet Rim Block Citrus x2,Harpic Active Fresh Toilet Rim Block Citrus x22 per pack,£2.10,£1.05 each,,household
Harpic Active Fresh Toilet Rim Block Lavender x2,Harpic Active Fresh Toilet Rim Block Lavender x22 per pack,£2.10,£1.05 each,,household
Harpic Bleach White & Shine Toilet Cleaner,Harpic Bleach White & Shine Toilet Cleaner750ml,£1.50,£2.00 per litre,,household
Harpic Bleach White & Shine Toilet Cleaner Citrus,Harpic Bleach White & Shine Toilet Cleaner Citrus750ml,£1.50,£2.00 per litre,,household
Harpic Limescale Remover Toilet Cleaner Gel,Harpic Limescale Remover Toilet Cleaner Gel750ml,£1.95,£2.60 per litre,,household
Harpic Power Plus Citrus Fresh Toilet Cleaner ,Harpic Power Plus Citrus Fresh Toilet Cleaner 750ml,£2,£2.67 per litre,,household
Harpic Powerplus Toilet Cleaner Citrus,Harpic Powerplus Toilet Cleaner Citrus680ml,£1.75,£2.57 per litre,,household
Harpic Powerplus Toilet Cleaner Original,Harpic Powerplus Toilet Cleaner Original680ml,£1.75,£2.57 per litre,,household
HG Bathroom Professional Limescale Remover,HG Bathroom Professional Limescale Remover1L,£8.60,£8.60 per litre,,household
Hg Bathroom Scale Away Foam Spray 3X Stronger,Hg Bathroom Scale Away Foam Spray 3X Stronger500ml,£5.30,£10.60 per litre,,household
HG Interior Window Cleaner,HG Interior Window Cleaner500ml,£3.90,£7.80 per litre,,household
If You Care FSC Certified 3 Gallon Compostable Food Waste Bags,If You Care FSC Certified 3 Gallon...30 per pack,£8.95,29.8p each,,household
If You Care FSC Certified Sandwich Bags,If You Care FSC Certified Sandwich Bags48 per pack,£6.95,14.5p each,,household
Jelly Belly Blueberry Duo Vent Air Freshener,Jelly Belly Blueberry Duo Vent Air Freshener,£5.40,,,household
Jelly Belly Bubblegum Air Freshener,Jelly Belly Bubblegum Air Freshener,£3.70,,,household
Jelly Belly Very Cherry Duo Vent Air Freshener,Jelly Belly Very Cherry Duo Vent Air Freshener,£5.40,,,household
Joie Reuseable Food Bags ,Joie Reuseable Food Bags 6 per pack,£5,83.3p each,,household
Kiwi Shoe Classic Round Lace Brown 75cm,Kiwi Shoe Classic Round Lace Brown 75cm,£1.95,,,household
Kiwi Shoe Passion Heel Gel Cushions,Kiwi Shoe Passion Heel Gel Cushions,£3.70,,,household
Kiwi Shoe Passion Heel Gel Liner,Kiwi Shoe Passion Heel Gel Liner,£3.70,,,household
Kiwi Sneaker Cleaner ,Kiwi Sneaker Cleaner 75ml,£4.50,£6.00 per 100ml,,household
Kleenex Allergy Comfort Tissues 2 pack,Kleenex Allergy Comfort Tissues 2 pack2 per pack,£4,£2.00 each,,household
Kleenex Allergy Wipes,Kleenex Allergy Wipes40 per pack,£2,5p each,,household
Kleenex AntiBacterial Water Fresh Wipes,Kleenex AntiBacterial Water Fresh Wipes40 per pack,£1.50,3.8p each,"Offer price £1.50, was £2",household
Kleenex Antibac Wipes,Kleenex Antibac Wipes36 per pack,£2,5.6p each,,household
Kleenex Balsam Extra Large 40 Sheets,Kleenex Balsam Extra Large 40 Sheets,£1.50,,"Offer price £1.50, was £2.75",household
Kleenex Balsam Tissues 2 pack ,Kleenex Balsam Tissues 2 pack 2 x 64 per pack,£4,3.1p each,,household
Kleenex Balsam Tissues 8 pocket pack,Kleenex Balsam Tissues 8 pocket pack,£1.50,,"Offer price £1.50, was £2",household
Kleenex Balsam Tissues Single Pack 64 Sheets,Kleenex Balsam Tissues Single Pack 64 Sheets,£2,,"Offer price £2, was £2.75",household
Kleenex Collection Cube Tissues 48 Sheets,Kleenex Collection Cube Tissues 48 Sheets,£1.75,,,household
Kleenex Extra Large Compact Tissues 2 pack,Kleenex Extra Large Compact Tissues 2 pack2 x 44 per pack,£2.50,2.8p each,,household
Kleenex Extra Large Compact Tissues 4 pack,Kleenex Extra Large Compact Tissues 4 pack4 x 44 per pack,£4.75,2.7p each,,household
Kleenex Extra Large Tissues 2 pack,Kleenex Extra Large Tissues 2 pack2 x 90 per pack,£3.50,1.9p each,"Offer price £3.50, was £4",household
Kleenex Original Tissues 64 Sheets,Kleenex Original Tissues 64 Sheets,£1.25,,"Offer price £1.25, was £2.50",household
Kleenex The Original Eco Box 128 Sheets,Kleenex The Original Eco Box 128 Sheets,£2.75,,,household
Kleenex Ultra Soft Cube Tissues 48 Sheets,Kleenex Ultra Soft Cube Tissues 48 Sheets,£2.25,,,household
Kleenex Ultra Soft Extra Large Compact Tissues 40 Sheets,Kleenex Ultra Soft Extra Large...,£1.50,,"Offer price £1.50, was £2.75",household
Kleenex Ultra Soft Tissues 2 Pack,Kleenex Ultra Soft Tissues 2 Pack2 x 64 per pack,£4,3.1p each,,household
Kuhn Rikon Swiss Hob Scraper,Kuhn Rikon Swiss Hob Scraper,£7.40,£7.40 each,,household
Lenor Burst of Sunshine Fabric Conditioner 30 Washes,Lenor Burst of Sunshine Fabri...1050ml,£3,£2.86 per litre,,household
Lenor Burst of Sunshine Fabric Conditioner 48 Washes ,Lenor Burst of Sunshine Fabri...1.68L,£3,£1.78 per litre,"Offer price £3, was £3.50",household
Lenor Crease Releaser Spring Awakening,Lenor Crease Releaser Spring Awakening500ml,£3,£6.00 per litre,,household
Lenor Exotic Bloom Fabric Conditioner 30 Washes,Lenor Exotic Bloom Fabric Conditioner 30 Washes1.05L,£3,£2.86 per litre,,household
Lenor Exotic Bloom In-Wash Scent Booster,Lenor Exotic Bloom In-Wash Scent Booster176g,£5,£28.41 per kg,,household
Lenor Fabric Conditioner Floral Fresh Scent 54 Washes,Lenor Fabric Conditioner Flor...1.9L,£3,£1.58 per litre,,household
Lenor Fabric Conditioner Pink Tulips & White Jasmine 50 Washes,Lenor Fabric Conditioner Pink Tulip...1.75L,£3.50,20p per 100ml,,household
Lenor Fabric Conditioner Spring Awakening Scent 83 Washes,Lenor Fabric Conditioner Spring A...2.9L,£4.75,£1.64 per litre,,household
Lenor Fabric Enhancer Pink Tulips & White Jasmine Mrs Hinch,Lenor Fabric Enhancer Pink Tulips...176g,£5,£2.84 per 100g,,household
Lenor Fresh Meadow Fabric Conditioner 33 Washes,Lenor Fresh Meadow Fabric...1.155L,£2.25,£1.95 per litre,,household
Lenor Gold Orchid Fabric Conditioner 30 Washes,Lenor Gold Orchid Fabric Conditioner 30 Washes1.05L,£3.25,£3.10 per litre,,household
Lenor Gold Orchid Fabric Conditioner 48 Washes ,Lenor Gold Orchid Fabric Conditioner 48 Washes 1.68L,£3,£1.78 per litre,"Offer price £3, was £3.50",household
Lenor Gold Orchid In-Wash Scent Booster,Lenor Gold Orchid In-Wash Scent Booster320g,£5,£15.63 per kg,"Offer price £5, was £8",household
Lenor Gold Orchid In-Wash Scent Booster,Lenor Gold Orchid In-Wash Scent Booster176g,£5,£28.41 per kg,,household
Lenor In-Wash Scent Booster,Lenor In-Wash Scent Booster176g,£5,£28.41 per kg,,household
Lenor Northern Solstice 55w Outdoorables,Lenor Northern Solstice 55w Outdoorables770ml,£3.50,45.5p per 100ml,,household
Lenor Outdoorable Fabric Conditioner 33 Washes,Lenor Outdoorable Fabric Conditioner 33 Washes462ml,£3,£6.49 per litre,,household
Lenor Outdoorable Fabric Conditioner 33 Washes,Lenor Outdoorable Fabric Conditioner 33 Washes462ml,£3,£6.49 per litre,,household
Lenor Outdoorable Fabric Conditioner 55 Washes,Lenor Outdoorable Fabric Conditioner 55 Washes770ml,£3,£3.90 per litre,,household
Lenor Outdoorable Fabric Conditioner 55 Washes,Lenor Outdoorable Fabric Conditioner 55 Washes770ml,£3,£3.90 per litre,,household
Lenor Outdoorable Fabric Conditioner 55 Washes,Lenor Outdoorable Fabric Conditioner 55 Washes770ml,£3,£3.90 per litre,,household
Lenor Outdoorable Fabric Conditioner Moonlight Lily,Lenor Outdoorable Fabric Conditioner Moonlight Lily1064ml,£6.50,61.1p per 100ml,,household
Lenor Outdoorable Fabric Conditioner Tropical Sunset,Lenor Outdoorable Fabric Cond...1064ml,£6.50,61.1p per 100ml,,household
Lenor Outdoorable Fabric Conditioner x35,Lenor Outdoorable Fabric Conditioner x35490ml,£2.50,£5.10 per litre,"Offer price £2.50, was £4.50",household
Lenor Outdoorable Fabric Conditioner x55,Lenor Outdoorable Fabric Conditioner x55770ml,£5.50,£7.14 per litre,,household
Lenor Outdoorable Fabric Conditioner x55,Lenor Outdoorable Fabric Conditioner x55770ml,£5.50,£7.14 per litre,,household
Lenor Ruby Jasmine Fabric Conditioner 30 Washes,Lenor Ruby Jasmine Fabric Conditioner 30 Washes1.05L,£3.25,£3.10 per litre,,household
Lenor Ruby Jasmine Fabric Conditioner 48 Washes   ,Lenor Ruby Jasmine Fabric Conditioner 48 Washes   1.68L,£3,£1.78 per litre,"Offer price £3, was £3.50",household
Lenor Spring Awakening Fabric Conditioner 33 Washes ,Lenor Spring Awakening Fabric...1.155L,£2.25,£1.95 per litre,,household
Lenor Spring Awakening In-Wash Scent Booster ,Lenor Spring Awakening In-Wash Scent Booster 570g,£8,£14.04 per kg,,household
Lenor Spring Awakening In-Wash Scent Booster ,Lenor Spring Awakening In-Wash Scent Booster 320g,£5,£15.63 per kg,"Offer price £5, was £8",household
Lenor Spring Awakening Tumble Dryer Sheets,Lenor Spring Awakening Tumble Dryer Sheets34 per pack,£2,5.9p each,"Offer price £2, was £3",household
Lenor Summer Breeze Fabric Conditioner 33 Washes,Lenor Summer Breeze Fabric...1.155L,£2.25,£1.95 per litre,,household
Lenor Summer Breeze Fabric Conditioner 83 Washes,Lenor Summer Breeze Fabric...2.9L,£4.75,£1.64 per litre,,household
Lenor Summer Breeze In-Wash Scent Booster ,Lenor Summer Breeze In-Wash Scent Booster 320g,£5,£15.63 per kg,"Offer price £5, was £8",household
Lenor Summer Breeze In-Wash Scent Booster ,Lenor Summer Breeze In-Wash Scent Booster 176g,£5,£28.41 per kg,,household
Lenor Summer Breeze Tumble Dryer Sheets,Lenor Summer Breeze Tumble Dryer Sheets34 per pack,£2,5.9p each,"Offer price £2, was £3",household
Lenor Unstoppable Fresh In-Wash Scent Booster,Lenor Unstoppable Fresh In-Wash Scent Booster570g,£8,£14.04 per kg,,household
Lenor Unstoppables Beads Dreams In-Wash Scent Booster,Lenor Unstoppables Beads Drea...320g,£8,£25.00 per kg,,household
Lenor Unstoppables Beads Fresh In-Wash Scent Booster,Lenor Unstoppables Beads Fres...320g,£8,£25.00 per kg,,household
Lenor Unstoppables Beads Fresh In-Wash Scent Booster,Lenor Unstoppables Beads Fres...176g,£3,£17.05 per kg,"Offer price £3, was £6",household
Lifebuoy Multi-Surface Antibacterial Spray,Lifebuoy Multi-Surface Antibacterial Spray735ml,£2,£2.72 per litre,,household
Lifebuoy Multi-Surface Antibacterial Wipes,Lifebuoy Multi-Surface Antibacterial Wipes60 per pack,£2,3.3p each,,household
Little Duck Maxx Kitchen Towel,Little Duck Maxx Kitchen Towel3 per pack,£4.25,£1.42 each,,household
Little Duck Supreme Quilted Toilet Tissue,Little Duck Supreme Quilted Toilet Tissue24 per pack,£7.99,33.3p each,,household
Lord Sheraton Caretaker Furniture Eco Wipes,Lord Sheraton Caretaker Furniture Eco Wipes24 per pack,£3,12.5p each,,household
Lord Sheraton Caretaker Wood Balsam 125Ml,Lord Sheraton Caretaker Wood Balsam 125Ml125ml,£4,£3.20 per 100ml,,household
Lord Sheraton Leather Balsam ,Lord Sheraton Leather Balsam 125ml,£4,£3.20 per 100ml,,household
Marigold Bathroom Glove Med,Marigold Bathroom Glove Med,£3,,,household
Marigold Extra Life Kitchen Gloves Large,Marigold Extra Life Kitchen Gloves Large1pair,£2.70,,,household
Marigold Extra Life Kitchen Medium Gloves,Marigold Extra Life Kitchen Medium Gloves1pair,£2.70,,,household
Marigold Gloves for Sensitive Skin Medium,Marigold Gloves for Sensitive Skin Medium,£2.90,,"Offer price £2.90, was £3.30",household
Marigold Kitchen Gloves Small   ,Marigold Kitchen Gloves Small   ,£2.70,,,household
Method All Floor Cleaner Squirt + Mop Wild Rhubarb,Method All Floor Cleaner Sq...739ml,£4,54.1p per 100ml,"Offer price £4, was £4.50",household
Method Almond Wood Polish ,Method Almond Wood Polish 354ml,£4.50,£12.71 per litre,,household
Method Anti-Bac All Purpose Cleaner Peach Blossom,Method Anti-Bac All Purpose...828ml,£3,36.2p per 100ml,"Offer price £3, was £4",household
Method Anti-Bac All Purpose Cleaner Wild Rhubarb ,Method Anti-Bac All Purpose...828ml,£3,36.2p per 100ml,"Offer price £3, was £4",household
Method Bathroom Cleaner ,Method Bathroom Cleaner 828ml,£3,£3.62 per litre,"Offer price £3, was £4",household
Method Clementine Daily Kitchen Cleaner ,Method Clementine Daily Kitchen Cleaner 828ml,£3,£3.62 per litre,"Offer price £3, was £4",household
Method Daily Shower Cleaner ,Method Daily Shower Cleaner 828ml,£3,£3.62 per litre,"Offer price £3, was £4",household
Method Daily Shower Passion Fruit,Method Daily Shower Passion Fruit828ml,£3,36.2p per 100ml,"Offer price £3, was £4",household
Method French Lavender Multi Surface Cleaner,Method French Lavender Multi Surface Cleaner828ml,£3,£3.62 per litre,"Offer price £3, was £4",household
Microban 24 Hour Sanitizing Spray Citrus Scent,Microban 24 Hour Sanitizi...400ml,£4,£1.00 per 100ml,,household
Mighty Big 3 Rolls Of Extra Large Sheets,Mighty Big 3 Rolls Of Extra Large Sheets3 per pack,£3.99,£1.33 each,,household
Milton Antibacterial Surface Spray,Milton Antibacterial Surface Spray500ml,£2.60,52p per 100ml,,household
Milton Baby Bottle Cleaner ,Milton Baby Bottle Cleaner 500ml,£3,60p per 100ml,,household
Minky M Cloth Anti-Bac Kitchen Pad,Minky M Cloth Anti-Bac Kitchen Pad,£3,,,household
Minky M Cloth Anti - Bacterial Cleaning Pad,Minky M Cloth Anti - Bacterial Cleaning Pad,£2.50,,,household
Minky M Cloth Glass & Window,Minky M Cloth Glass & Window,£3.30,,,household
Minky Microfibre Kitchen Cloths,Minky Microfibre Kitchen Cloths2 per pack,£3.30,£1.65 each,,household
Minky Multi-Purpose Microfibre Cloths,Minky Multi-Purpose Microfibre Cloths4 per pack,£3.50,87.5p each,,household
Miofresh Nappy & Laundry Cleanser,Miofresh Nappy & Laundry Cleanser,£4.50,,,household
Morrisons 10 Refuse Sacks Drawstring 70L,Morrisons 10 Refuse Sacks Drawstring 70L10 per pack,£2,20p each,"Offer price £2, was £3",household
Morrisons 15L Tie Handle Pedal Bin Liners,Morrisons 15L Tie Handle Pedal Bin Liners20 per pack,£1.50,7.5p each,,household
Morrisons 20 Bio Caddy Bin Liners 5L,Morrisons 20 Bio Caddy Bin Liners 5L,£2,,,household
Morrisons 240L Flat Top Wheelie Bin Liners,Morrisons 240L Flat Top Wheelie Bin Liners10 per pack,£2.40,24p each,,household
Morrisons 2 Double Kitchen Rolls,Morrisons 2 Double Kitchen Rolls2 per pack,£2.25,£1.13 each,"Offer price £2.25, was £2.50",household
Morrisons 2 In 1 Microfibre Flat Mop Refill,Morrisons 2 In 1 Microfibre Flat Mop Refill,£2.50,,,household
Morrisons 2x Non Scratch Bathroom Scourers,Morrisons 2x Non Scratch Bathroom Scourers2 per pack,£1.15,57.5p each,,household
Morrisons 30L Drawstring Tall Kitchen Bin Liners,Morrisons 30L Drawstring Tall Kitchen Bin Liners20 per pack,£2.90,14.5p each,,household
Morrisons 35 Large Tie Handle Food & Freezer Bags 35 Pack,Morrisons 35 Large Tie Handle Foo...35 per pack,£2.50,7.1p each,,household
Morrisons 35L Flat Top Rubble Bin Liners,Morrisons 35L Flat Top Rubble Bin Liners8 per pack,£3.40,42.5p each,"Offer price £3.40, was £3.80",household
Morrisons 3Ply   Cosmetic Facial  Tissues ,Morrisons 3Ply   Cosmetic Facial  Tissues 56 per pack,£1.69,3p each,"Offer price £1.69, was £1.90",household
Morrisons 3Ply   Regular Facial Tissues 72 Sheets ,Morrisons 3Ply   Regular Facial Tissues 72 Sheets ,£1.45,,,household
Morrisons 3Ply Regular Twin Facial Tissues,Morrisons 3Ply Regular Twin Facial Tissues2 x 72 per pack,£2.50,1.7p each,,household
Morrisons 45L Tie Handle Swing Kitchen Bin Liners,Morrisons 45L Tie Handle Swing Kitchen Bin Liners20 per pack,£1.75,8.8p each,,household
Morrisons 50L Drawstring Swing Kitchen Waste Bin Liners,Morrisons 50L Drawstring Swing...20 per pack,£1.33,6.7p each,,household
Morrisons 50L Drawstring Tall Kitchen Waste Bin Liners,Morrisons 50L Drawstring Tall K...20 per pack,£4.25,21.3p each,,household
Morrisons 50L Tie Top Refuse Sacks 20 Pack,Morrisons 50L Tie Top Refuse Sacks 20 Pack20 per pack,£2.75,13.8p each,,household
Morrisons 90L Tie Top Refuse Sacks 20 Pack,Morrisons 90L Tie Top Refuse Sacks 20 Pack20 per pack,£4,20p each,,household
Morrisons All In 1 Lemon Dishwasher Tablets,Morrisons All In 1 Lemon Dishwasher Tablets60 per pack,£5.45,9.1p each,,household
Morrisons All In 1 Lemon Dishwasher Tablets,Morrisons All In 1 Lemon Dishwasher Tablets30 per pack,£3,10p each,,household
Morrisons All In 1 Original Dishwasher Tablets,Morrisons All In 1 Original Dishwasher Tablets30 per pack,£3,10p each,,household
Morrisons All Purpose Cloths ,Morrisons All Purpose Cloths 10 per pack,£1.35,13.5p each,,household
Morrisons Aloe Vera Toilet Tissue,Morrisons Aloe Vera Toilet Tissue4 per pack,£2.60,65p each,,household
Morrisons Aloe Vera Toilet Tissue,Morrisons Aloe Vera Toilet Tissue9 per pack,£4.55,50.6p each,,household
Morrisons Antibacterial Plastic Free Wipes Citrus,Morrisons Antibacterial Plastic Free Wipes Citrus80 per pack,£1.80,2.3p each,,household
Morrisons Antibacterial Plastic Free Wipes Original ,Morrisons Antibacterial Plast...80 per pack,£1.80,2.3p each,,household
Morrisons Antibacterial Plastic Free Wipes Rhubarb,Morrisons Antibacterial Pla...80 per pack,£1.80,2.3p each,,household
Morrisons Antibacterial Surface Spray,Morrisons Antibacterial Surface Spray300ml,£1.50,50p per 100ml,,household
Morrisons Antiseptic Disinfectant,Morrisons Antiseptic Disinfectant500ml,£1.35,£2.70 per litre,,household
Morrisons Apple Washing Up Liquid,Morrisons Apple Washing Up Liquid450ml,75p,£1.67 per litre,,household
Morrisons Balm Facial Tissue 72 Sheets,Morrisons Balm Facial Tissue 72 Sheets,£1.89,,"Offer price £1.89, was £2.15",household
Morrisons Bamboo Dish Brush,Morrisons Bamboo Dish Brush,£1.50,,,household
Morrisons Bathroom Cleaner,Morrisons Bathroom Cleaner750ml,£1.10,14.7p per 100ml,,household
Morrisons Berry Blitz Washing Up Liquid,Morrisons Berry Blitz Washing Up Liquid450ml,75p,£1.67 per litre,,household
Morrisons Berry Thick Bleach,Morrisons Berry Thick Bleach750ml,75p,£1.00 per litre,Buy 2 for £1,household
Morrisons Bio Caddy Bin Liners 25 Litres,Morrisons Bio Caddy Bin Liners 25 Litres10 per pack,£2.90,29p each,"Offer price £2.90, was £3.25",household
Morrisons Bio Super Concentrated  Concentrated Liquid 60 Washes,Morrisons Bio Super Conce...1.8L,£5.20,£2.89 per litre,,household
Morrisons Bio Washing Powder 40 Washes,Morrisons Bio Washing Powder 40 Washes2.6kg,£4.40,£1.69 per kg,,household
Morrisons Bottle Brush,Morrisons Bottle Brush,£1,,,household
Morrisons Citrus Anti-Bacterial Multi-Purpose Cleaner,Morrisons Citrus Anti-Bacteri...750ml,£1.10,14.7p per 100ml,,household
Morrisons Citrus Shine All-Purpose Liquid Cleaner ,Morrisons Citrus Shine All-Purpose Liquid Cleaner 1L,£1.50,£1.50 per litre,,household
Morrisons Citrus Thick Bleach,Morrisons Citrus Thick Bleach750ml,75p,£1.00 per litre,Buy 2 for £1,household
Morrisons Classic White Toilet Tissue,Morrisons Classic White Toilet Tissue24 per pack,£7.99,33.3p each,"Offer price £7.99, was £10.20",household
Morrisons Coconut Toilet Tissue ,Morrisons Coconut Toilet Tissue 9 per pack,£4.55,50.6p each,,household
Morrisons Colours & Whites Stain Removal Spray,Morrisons Colours & White...750ml,£2.50,£3.33 per litre,,household
Morrisons Colours Stain Remover Oxy Action Powder ,Morrisons Colours Stain Rem...1kg,£2.90,£2.90 per kg,,household
Morrisons Colour Super Concentrated Liquid 60 Washes,Morrisons Colour Super Concen...1.8L,£5.20,£2.89 per litre,,household
Morrisons Cotton Dry Air Freshener,Morrisons Cotton Dry Air Freshener250ml,£2.10,£8.40 per litre,,household
Morrisons Cotton Fresh Antibacterial Laundry Cleanser,Morrisons Cotton Fresh Antiba...1.5L,£2.80,£1.87 per litre,,household
Morrisons Cotton Fresh Candle,Morrisons Cotton Fresh Candle120g,£2.25,£1.88 per 100g,,household
Morrisons Daily Clean Shower Shine,Morrisons Daily Clean Shower Shine750ml,£1.10,14.7p per 100ml,,household
Morrisons Decorated Kitchen Towel,Morrisons Decorated Kitchen Towel2 per pack,£2.25,£1.13 each,"Offer price £2.25, was £2.50",household
Morrisons Dish Cloths      ,Morrisons Dish Cloths      5 per pack,£2,40p each,Cleaning Accessories Bundle - Buy Any 2 For £2.50,household
Morrisons Dishwasher Cleaner,Morrisons Dishwasher Cleaner250ml,£2.25,£9.00 per litre,,household
Morrisons Dishwasher Salt,Morrisons Dishwasher Salt2kg,£1.95,97.5p per kg,,household
Morrisons Dustpan & Brush,Morrisons Dustpan & Brush,£3,,,household
Morrisons Easy Seal Sandwich Bags 60 Pack,Morrisons Easy Seal Sandwich Bags 60 Pack60 per pack,£2,3.3p each,,household
Morrisons Eco 70L Tie Refuse Sacks 20 Pack,Morrisons Eco 70L Tie Refuse Sacks 20 Pack20 per pack,£3,15p each,,household
Morrisons Eco Antibacterial Multi Surface Spray Rhubarb,Morrisons Eco Antibacterial Mul...750ml,£2,£2.67 per litre,,household
Morrisons Eco Disinfectant Spray Passionfruit,Morrisons Eco Disinfectant Spray Passionfruit750ml,£2.25,£3.00 per litre,,household
Morrisons Eco Floor Cleaner Orange Blossom,Morrisons Eco Floor Cleaner Orange Blossom750ml,£2,£2.67 per litre,,household
Morrisons Eco Kitchen Towel 200 Sheets ,Morrisons Eco Kitchen Towel 200 Sheets 2 per pack,£3.75,£1.88 each,,household
Morrisons Eco Non Bio Laundry Liquid Tropical,Morrisons Eco Non Bio Laundry Liquid Tropical960ml,£3.50,£3.65 per litre,,household
Morrisons Eco Recycled Microfibre Cloths,Morrisons Eco Recycled Microfibre Cloths3 per pack,£1.75,58.3p each,,household
Morrisons Eco Toilet Cleaner Spearmint,Morrisons Eco Toilet Cleaner Spearmint750ml,£2,£2.67 per litre,,household
Morrisons Eco Toilet Rolls,Morrisons Eco Toilet Rolls9 per pack,£4.40,48.9p each,,household
Morrisons Eco Washing Up Liquid Grapefruit,Morrisons Eco Washing Up Liquid Grapefruit500ml,£1.50,£3.00 per litre,,household
Morrisons Extra Strong Foil 10m,Morrisons Extra Strong Foil 10m10m,£2,20p per 1m,,household
Morrisons Extra Wear Gloves Large,Morrisons Extra Wear Gloves Large,£1.75,,"Offer price £1.75, was £2",household
Morrisons Extra Wear Gloves Medium,Morrisons Extra Wear Gloves Medium,£1.75,,"Offer price £1.75, was £2",household
Morrisons Extra Wear Gloves Small,Morrisons Extra Wear Gloves Small,£1.75,,"Offer price £1.75, was £2",household
Morrisons Floor Wipes Apple,Morrisons Floor Wipes Apple15 per pack,£1.40,9.3p each,,household
Morrisons Fresh & Tropical with Coconut Oil Toilet Tissue ,Morrisons Fresh & Tropical with C...4 per pack,£2.60,65p each,,household
Morrisons Fresh Thick Bleach,Morrisons Fresh Thick Bleach750ml,75p,10p per 100ml,Buy 2 for £1,household
Morrisons Gel Air Freshener Peony,Morrisons Gel Air Freshener Peony120g,£1,83.3p per 100g,,household
Morrisons Gel Air Freshener Pure Linen,Morrisons Gel Air Freshener Pure Linen120g,£1,83.3p per 100g,,household
Morrisons Glass & Window Cleaner,Morrisons Glass & Window Cleaner750ml,£1.10,14.7p per 100ml,,household
Morrisons Glass Clean System Cloth,Morrisons Glass Clean System Cloth2 per pack,£2,£1.00 each,,household
Morrisons Greaseproof Baking Paper 10m,Morrisons Greaseproof Baking Paper 10m10m,£1.45,14.5p per 1m,,household
Morrisons Kind & Gentle Delicates Liquid 18 Washes,Morrisons Kind & Gentle Del...750ml,£2.79,£3.72 per litre,"Offer price £2.79, was £3.10",household
Morrisons Kitchen Foil 10m,Morrisons Kitchen Foil 10m10m,£1.69,16.9p per 1m,,household
Morrisons Kitchen Foil 30m,Morrisons Kitchen Foil 30m30m,£4,13.3p per 1m,"Offer price £4, was £4.50",household
Morrisons Kitchen Foil Non-Stick Wide 10m,Morrisons Kitchen Foil Non-Stick Wide 10m300m,£3.25,1.1p per 1m,,household
Morrisons Kitchen Towel    ,Morrisons Kitchen Towel    6 per pack,£3.60,60p each,,household
Morrisons Kitchen Towel,Morrisons Kitchen Towel4 per pack,£4.15,£1.04 each,,household
Morrisons Large Cleaning Cloths ,Morrisons Large Cleaning Cloths 5 per pack,£1.90,38p each,Cleaning Accessories Bundle - Buy Any 2 For £2.50,household
Morrisons Large Tissues 100 Sheets,Morrisons Large Tissues 100 Sheets2 per pack,£3.80,£1.90 each,,household
Morrisons Large White XL Tissues 100 Sheets,Morrisons Large White XL Tissues 100 Sheets,£1.80,,"Offer price £1.80, was £2",household
Morrisons Lavender Air Freshener,Morrisons Lavender Air Freshener240ml,80p,£3.33 per litre,,household
Morrisons Lavender Dry Air Freshener,Morrisons Lavender Dry Air Freshener250ml,£2.10,£8.40 per litre,,household
Morrisons Lavender Fabric Conditioner 42 Washes,Morrisons Lavender Fabric Conditioner 42 Washes,£2.15,,,household
Morrisons Lavender Washing Powder 40 Washes,Morrisons Lavender Wash...2.6kg,£4.40,£1.69 per kg,,household
Morrisons Lemon Dishwasher Freshener,Morrisons Lemon Dishwasher Freshener6ml,£2.15,£35.83 per 100ml,,household
Morrisons Lemon Washing Up Liquid ,Morrisons Lemon Washing Up Liquid 450ml,75p,£1.67 per litre,,household
Morrisons Limescale Preventer Gel,Morrisons Limescale Preventer Gel1L,£3.95,£3.95 per litre,"Offer price £3.95, was £4.40",household
Morrisons Limescale Prevention Tablets,Morrisons Limescale Prevention Tablets15 per pack,£2.50,16.7p each,"Offer price £2.50, was £2.80",household
Morrisons Lychee & Passionfruit Super Concentrated Liquid 32 Washes,Morrisons Lychee & Passionf...960ml,£3,£3.13 per litre,,household
Morrisons Medium Food/Freezer Wire Ties Bags 50 Pack,Morrisons Medium Food/Freezer...50 per pack,£1.75,3.5p each,"Offer price £1.75, was £1.95",household
Morrisons Medium Tie Handle Food & Freezer Bags 50 Pack,Morrisons Medium Tie Handle Foo...50 per pack,£1.80,3.6p each,,household
Morrisons Medium Zip Food/Freezer Bags 25 Pack,Morrisons Medium Zip Food...25 per pack,£2.30,9.2p each,,household
Morrisons Metal Dustpan & Brush,Morrisons Metal Dustpan & Brush,£4,,,household
Morrisons Microfibre Mop Refill With Abrasion,Morrisons Microfibre Mop Refill With Abrasion,£2,,,household
Morrisons Microwave & Roast Bags,Morrisons Microwave & Roast Bags10 per pack,£1.35,13.5p each,"Offer price £1.35, was £1.50",household
Morrisons Multi Purpose Kitchen Roll,Morrisons Multi Purpose Kitchen Roll,£2.69,,,household
Morrisons Non-Bio Laundry Tablets,Morrisons Non-Bio Laundry Tablets20 per pack,£3.25,16.3p each,,household
Morrisons Non-Bio Pods Laundry Capsules,Morrisons Non-Bio Pods Laundry Capsules21 per pack,£3.70,17.6p each,,household
Morrisons Non-Bio Super Concentrated Liquid 32 Washes,Morrisons Non-Bio Super Conce...960ml,£3,£3.13 per litre,,household
Morrisons Non-Bio Super Concentrated Liquid 60 Washes,Morrisons Non-Bio Super Conce...1.8L,£5.20,£2.89 per litre,,household
Morrisons Non Bio Laundry Gel 24 Washes,Morrisons Non Bio Laundry Gel 24 Washes720ml,£3,£4.17 per litre,,household
Morrisons Non Bio Washing Powder 40 Washes ,Morrisons Non Bio Washi...2.6kg,£4.40,£1.69 per kg,,household
Morrisons Non Scratch Scouring Sponges ,Morrisons Non Scratch Scouring Sponges 8 per pack,£1.55,19.4p each,Cleaning Accessories Bundle - Buy Any 2 For £2.50,household
Morrisons No Scratch Silver Scourer 4 Pack,Morrisons No Scratch Silver Scourer 4 Pack4 per pack,£2,50p each,"Offer price £2, was £2.25",household
Morrisons Ocean Breeze Fabric Conditioner 42 Washes,Morrisons Ocean Breeze Fabric...1.26L,£2.15,£1.71 per litre,,household
Morrisons Ocean Fresh In-Cistern Block,Morrisons Ocean Fresh In-Cistern Block2 per pack,£1,50p each,"Offer price £1, was £1.15",household
Morrisons Ocean Fresh Toilet Cleaner,Morrisons Ocean Fresh Toilet Cleaner750ml,70p,93.3p per litre,,household
Morrisons Original Thick Bleach,Morrisons Original Thick Bleach750ml,75p,£1.00 per litre,Buy 2 for £1,household
Morrisons Peony Air Freshener,Morrisons Peony Air Freshener240ml,80p,£3.33 per litre,,household
Morrisons Pine Fresh In-Cistern Block,Morrisons Pine Fresh In-Cistern Block2 per pack,£1,50p each,"Offer price £1, was £1.15",household
Morrisons Pine Fresh Toilet Cleaner,Morrisons Pine Fresh Toilet Cleaner750ml,70p,93.3p per litre,,household
Morrisons Polish Plastic Free Wipes ,Morrisons Polish Plastic Free Wipes 30 per pack,£1.30,4.3p each,,household
Morrisons Pure Fabric Conditioner 42 Washes,Morrisons Pure Fabric Conditioner 42 Washes1.26L,£2.15,£1.71 per litre,,household
Morrisons Pure Tumble Dryer Sheets,Morrisons Pure Tumble Dryer Sheets36 per pack,£1.70,4.7p each,"Offer price £1.70, was £1.90",household
Morrisons Pvc Free Cling Film 25m,Morrisons Pvc Free Cling Film 25m25m,£1.35,5.4p per 1m,"Offer price £1.35, was £1.50",household
Morrisons Pvc Free Cling Film 75m,Morrisons Pvc Free Cling Film 75m75m,£2.50,3.3p per 1m,,household
Morrisons Quilted Comfort Toilet Tissue,Morrisons Quilted Comfort Toilet Tissue9 per pack,£4.60,51.1p each,,household
Morrisons Quilted Comfort Toilet Tissue 4,Morrisons Quilted Comfort Toilet Tissue 44 per pack,£2.60,65p each,,household
Morrisons Quilted Toilet Rolls,Morrisons Quilted Toilet Rolls16 per pack,£7.10,44.4p each,,household
Morrisons Ribbed Kitchen Cloths,Morrisons Ribbed Kitchen Cloths4 per pack,£1.70,42.5p each,"Offer price £1.70, was £1.90",household
Morrisons Rinse Aid,Morrisons Rinse Aid400ml,£1.89,£4.72 per litre,"Offer price £1.89, was £2.10",household
Morrisons Savers 18 Toilet Rolls,Morrisons Savers 18 Toilet Rolls18 per pack,£3.79,21.1p each,,household
Morrisons Savers 6 Double Toilet Rolls,Morrisons Savers 6 Double Toilet Rolls6 per pack,£1.99,33.2p each,,household
Morrisons Savers Biological Laundry Liquid 28 Washes,Morrisons Savers Biological L...1L,£1.80,£1.80 per litre,,household
Morrisons Savers Biological Laundry Powder,Morrisons Savers Biolog...3.333kg,£2.55,76.5p per kg,,household
Morrisons Savers Biological Laundry Powder,Morrisons Savers Biolog...867g,£1.50,£1.73 per kg,,household
Morrisons Savers Cleaning Cloths  ,Morrisons Savers Cleaning Cloths  5 per pack,66p,13.2p each,,household
Morrisons Savers Dusters 8 Pack,Morrisons Savers Dusters 8 Pack8 per pack,£2,25p each,,household
Morrisons Savers Family Size Facial Tissues 226 Sheets,Morrisons Savers Family Size Fa...,£1.09,,,household
Morrisons Savers Food & Freezer Bags 100 Pack,Morrisons Savers Food & Freezer Bags 100 Pack100 per pack,£1,1p each,,household
Morrisons Savers Jumbo Kitchen Towel Roll,Morrisons Savers Jumbo Kitchen Towel Roll,£1.35,,,household
Morrisons Savers Liquid Disinfectant,Morrisons Savers Liquid Disinfectant1L,33p,33p per litre,,household
Morrisons Savers Sponge Scourers  ,Morrisons Savers Sponge Scourers  10 per pack,54p,5.4p each,,household
Morrisons Savers Washing Up Liquid,Morrisons Savers Washing Up Liquid500ml,43p,8.6p per 100ml,,household
Morrisons Savers Wrapping Foil 20m,Morrisons Savers Wrapping Foil 20m20m,99p,5p per 1m,,household
Morrisons Scouring Pads    ,Morrisons Scouring Pads    5 per pack,£1.40,28p each,"Offer price £1.40, was £1.60",household
Morrisons Scouring Sponges ,Morrisons Scouring Sponges 8 per pack,£1.55,19.4p each,,household
Morrisons Self Seal Ice Cube Bags,Morrisons Self Seal Ice Cube Bags20 per pack,£2,10p each,,household
Morrisons Shea Butter Toilet Tissue,Morrisons Shea Butter Toilet Tissue9 per pack,£4.55,50.6p each,,household
Morrisons Shea Butter Toilet Tissue 4 Roll,Morrisons Shea Butter Toilet Tissue 4 Roll4 per pack,£2.60,65p each,,household
Morrisons Sink Plunger,Morrisons Sink Plunger,£2,,,household
Morrisons Small Zip Food/Freezer Bags,Morrisons Small Zip Food/Freezer Bags40 per pack,£3.50,8.8p each,,household
Morrisons Softer Sensitive Moist Aloe Toilet Tissue Wipes 40Pk,Morrisons Softer Sensitive Moist Al...,£1.15,,,household
Morrisons Softer Sensitive Moist Fragrance Free Toilet Tissue Wipes 40Pk,Morrisons Softer Sensitive Moist Fragrance...,£1.15,,,household
Morrisons Soft Grip Scrub Brush,Morrisons Soft Grip Scrub Brush,£1,,,household
Morrisons Solid Toilet Rim Block Lemon,Morrisons Solid Toilet Rim Block Lemon2 per pack,£1.70,85p each,,household
Morrisons Solid Toilet Rim Block Ocean,Morrisons Solid Toilet Rim Block Ocean2 per pack,£1.70,85p each,,household
Morrisons So Soft 12 Double Toilet Rolls,Morrisons So Soft 12 Double Toilet Rolls12 per pack,£8.60,71.7p each,"Offer price £8.60, was £9.90",household
Morrisons Sponge Cloths    ,Morrisons Sponge Cloths    4 per pack,£1.50,37.5p each,,household
Morrisons Sponge Wipes     ,Morrisons Sponge Wipes     4 per pack,£1.30,32.5p each,,household
Morrisons Spray Window Cleaner,Morrisons Spray Window Cleaner,£4,,,household
Morrisons Squeegee With Sucker,Morrisons Squeegee With Sucker,£1,,,household
Morrisons Stainless Steel Scourer ,Morrisons Stainless Steel Scourer 4 per pack,£1.65,41.3p each,,household
Morrisons Steel Wool Soap Pads ,Morrisons Steel Wool Soap Pads 10 per pack,£1.25,12.5p each,,household
Morrisons Summer Burst Fabric Conditioner 42 Washes,Morrisons Summer Burst Fabric...1.26L,£2.15,£1.71 per litre,,household
Morrisons Super Absorbent  Cloths ,Morrisons Super Absorbent  Cloths 4 per pack,£1.55,38.8p each,Cleaning Accessories Bundle - Buy Any 2 For £2.50,household
Morrisons Supersoft XL Tissues 54 Sheets,Morrisons Supersoft XL Tissues 54 Sheets,£2,,,household
Morrisons The Best 20 Neutralising Tall Kitchen Bin Liners 30 Litres,Morrisons The Best 20 Neutralising Tall...20 per pack,£2.75,13.8p each,,household
Morrisons The Best Honeysuckle & White Amber Fabric Conditioner 33 Washes,Morrisons The Best Honeysuckle...1L,£1.95,£1.95 per litre,,household
Morrisons The Best Power Burst Dishwasher Tablets,Morrisons The Best Power Burst Dishwasher Tablets30 per pack,£4,13.3p each,,household
Morrisons The Best Ultra Kitchen Towel,Morrisons The Best Ultra Kitchen Towel2 per pack,£3.25,£1.63 each,,household
Morrisons The Best Ultra Kitchen Towel Roll,Morrisons The Best Ultra Kitchen Towel Roll4 per pack,£5.75,£1.44 each,,household
Morrisons The Best Ultra Kitchen Towel Roll Roll,Morrisons The Best Ultra Kitchen Towel Roll Roll4 per pack,£5.35,£1.34 each,,household
Morrisons The Best White Lavender & Patchouli Fabric Conditioner  33 Washes,Morrisons The Best White Lavend...1L,£1.95,£1.95 per litre,,household
Morrisons Thick Bleach Original,Morrisons Thick Bleach Original2L,£1.35,67.5p per litre,,household
Morrisons Thick Pine Disinfectant,Morrisons Thick Pine Disinfectant1L,£1.15,£1.15 per litre,"Offer price £1.15, was £1.30",household
Morrisons Tie Handle Food & Freezer Bags Small ,Morrisons Tie Handle Food & Freezer Bags Small 60 per pack,£1.75,2.9p each,,household
Morrisons Tie Top Refuse Sack 70L 20 Pack,Morrisons Tie Top Refuse Sack 70L 20 Pack20 x 1 per pack,£3,15p each,,household
Morrisons Toilet Tissue White ,Morrisons Toilet Tissue White 9 per pack,£4.09,45.4p each,,household
Morrisons Toilet Tissue White ,Morrisons Toilet Tissue White 4 per pack,£1.99,49.8p each,"Offer price £1.99, was £2.55",household
Morrisons        Toilet  Tissue   White ,Morrisons        Toilet  Tissue   White 2 per pack,£1.35,67.5p each,,household
Morrisons Tough Gloves Large,Morrisons Tough Gloves Large,£2.50,,,household
Morrisons Tough Towels Kitchen Roll,Morrisons Tough Towels Kitchen Roll2 per pack,£3.10,£1.55 each,,household
Morrisons Tropical Eco Fabric Conditioner 26 Washes,Morrisons Tropical Eco Fabric...1.26L,£1.50,£1.19 per litre,"Offer price £1.50, was £2.25",household
Morrisons Tropical Lychee & Passionfruit Laundry Capsules,Morrisons Tropical Lychee & Passi...21 per pack,£3.70,17.6p each,,household
Morrisons Ultra Soft Regular Tissues 80 Sheets,Morrisons Ultra Soft Regular Tissues 80 Sheets2 per pack,£2.79,£1.40 each,"Offer price £2.79, was £3.10",household
Morrisons Vanilla Candle ,Morrisons Vanilla Candle 120g,£2.25,£1.88 per 100g,,household
Morrisons Whites Stain Remover Oxy Action Powder ,Morrisons Whites Stain Remo...1kg,£2.90,£2.90 per kg,,household
Morrison Trigger Spray Bottle,Morrison Trigger Spray Bottle,£1.25,,,household
Mr Muscle Drain Foamer Odour Eliminator,Mr Muscle Drain Foamer Odour Eliminator500ml,£4,£8.00 per litre,,household
Mr Muscle Drain Max Unblocker,Mr Muscle Drain Max Unblocker1L,£4,£4.00 per litre,"Offer price £4, was £6",household
Mr Muscle Drain Power Gel for Full Clogs ,Mr Muscle Drain Power Gel for Full Clogs 500ml,£4,£8.00 per litre,,household
Mr Muscle Oven Cleaner,Mr Muscle Oven Cleaner300ml,£4,£13.33 per litre,,household
Mr Muscle Platinum Bathroom Spray Mandarin,Mr Muscle Platinum Bathroom Spray Mandarin750ml,£2,£2.67 per litre,,household
Mr Muscle Platinum Kitchen Spray Citrus,Mr Muscle Platinum Kitchen Spray Citrus750ml,£2,£2.67 per litre,,household
Mr Muscle Platinum Shower Shine Spray,Mr Muscle Platinum Shower Shine Spray750ml,£2,£2.67 per litre,,household
Mr Muscle Platinum Window & Glass Spray,Mr Muscle Platinum Window & Glass Spray750ml,£2,£2.67 per litre,,household
Mr Sheen Leather Wipes,Mr Sheen Leather Wipes30 per pack,£2.85,9.5p each,,household
Mr Sheen Multi Surface Polish Magnolia & Cherry,Mr Sheen Multi Surface Polish Magnolia & Cherry250ml,£1.80,72p per 100ml,,household
Mr Sheen Multi Surface Polish Original,Mr Sheen Multi Surface Polish Original250ml,£1.80,72p per 100ml,,household
Mr Sheen Multi Surface Polish Spring Fresh,Mr Sheen Multi Surface Polish Spring Fresh250ml,£1.80,72p per 100ml,,household
Mr Sheen Multi Surface Wipes Magnolia & Cherry,Mr Sheen Multi Surface Wipes Magnolia & Cherry30 per pack,£2.85,9.5p each,,household
Mr Sheen Multi Surface Wipes Spring Fresh ,Mr Sheen Multi Surface Wipes Spring Fresh 30 per pack,£2.85,9.5p each,,household
M savers Thin Bleach,M savers Thin Bleach2L,50p,25p per litre,,household
My Spa Coconut & Frangipani Flower Scented Candle,My Spa Coconut & Frangipani...,£1.70,,,household
Non Silicone Leather Silk Leather Polish And Conditioner,Non Silicone Leather Silk Leath...225ml,£2,88.9p per 100ml,,household
Non Silicone Wood Silk Aerosol Furniture Polish,Non Silicone Wood Silk Aerosol Furniture Polish225ml,£1.50,66.7p per 100ml,,household
Nutmeg Home Considered Oil Burner,Nutmeg Home Considered Oil Burner,£5,,,household
Nutmeg Home Grey Ceramic Floral Oil Burner,Nutmeg Home Grey Ceramic Floral Oil Burner,£5,,,household
Nutmeg Home Habitation Floral Infusion Gel Candle,Nutmeg Home Habitation Floral Infusion Gel Candle,£6,,,household
Nutmeg Home Jar Cotton Blossom,Nutmeg Home Jar Cotton Blossom,£4,,,household
Nutmeg Home Jar Sandalwood,Nutmeg Home Jar Sandalwood,£4,,,household
Nutmeg Home Large Jar Berries,Nutmeg Home Large Jar Berries,£6,,,household
Nutmeg Home Large Jar Cotton Blossom,Nutmeg Home Large Jar Cotton Blossom,£6,,,household
Nutmeg Home Large Jar Cranberry Orange,Nutmeg Home Large Jar Cranberry Orange,£6,,,household
Nutmeg Home Large Jar Jasmine,Nutmeg Home Large Jar Jasmine,£6,,,household
Nutmeg Home Large Jar Sandalwood,Nutmeg Home Large Jar Sandalwood,£6,,,household
Nutmeg Home Large Jar Vanilla,Nutmeg Home Large Jar Vanilla,£6,,,household
Nutmeg Home Large Multi Wick Berries,Nutmeg Home Large Multi Wick Berries,£4,,,household
Nutmeg Home Large Multi Wick Cotton Blossom,Nutmeg Home Large Multi Wick Cotton Blossom,£4,,,household
Nutmeg Home Large Multi Wick Cranberry Orange,Nutmeg Home Large Multi Wick Cranberry Orange,£4,,,household
Nutmeg Home Large Multi Wick Jasmine,Nutmeg Home Large Multi Wick Jasmine,£4,,,household
Nutmeg Home Large Multi Wick Sandalwood,Nutmeg Home Large Multi Wick Sandalwood,£4,,,household
Nutmeg Home Large Multi Wick Vanilla,Nutmeg Home Large Multi Wick Vanilla,£4,,,household
Nutmeg Home Pillar Candle Cotton Blossom,Nutmeg Home Pillar Candle Cotton Blossom,£3,,,household
Nutmeg Home Reed Diffuser Cotton Blossom,Nutmeg Home Reed Diffuser Cotton Blossom100ml,£4,£4.00 per 100ml,,household
Nutmeg Home Reed Diffuser Sandalwood,Nutmeg Home Reed Diffuser Sandalwood100ml,£4,£4.00 per 100ml,,household
Nutmeg Home Scented Pillar Candle Sandalwood,Nutmeg Home Scented Pillar Candle Sandalwood,£3,,,household
Nutmeg Home Square Bubble Candle,Nutmeg Home Square Bubble Candle,£3,,,household
Nutmeg Home Tealights Cotton Blossom,Nutmeg Home Tealights Cotton Blossom24 per pack,£3,12.5p each,,household
Nutmeg Home Tealights Sandalwood,Nutmeg Home Tealights Sandalwood24 per pack,£3,12.5p each,,household
Nutmeg Home Twisted Dinner Candles Cream,Nutmeg Home Twisted Dinner Candles Cream4 per pack,£6,£1.50 each,,household
Nutmeg Home Twisted Dinner Candles Pink,Nutmeg Home Twisted Dinner Candles Pink4 per pack,£6,£1.50 each,,household
Nutmeg Home Waxfill Glass Cotton Blossom,Nutmeg Home Waxfill Glass Cotton Blossom,£2.50,,,household
Nutmeg Home Waxfill Glass Sandalwood,Nutmeg Home Waxfill Glass Sandalwood,£2.50,,,household
Nutmeg Home Wax Melts Cotton Blossom,Nutmeg Home Wax Melts Cotton Blossom,£1,,,household
Nutmeg Home Wax Melts Sandalwood,Nutmeg Home Wax Melts Sandalwood,£1,,,household
Nutmeg Home White Dinner Candles,Nutmeg Home White Dinner Candles10 per pack,£5,50p each,,household
Oust All Purpose Descaler,Oust All Purpose Descaler3 x 25ml,£1.65,£22.00 per litre,"Offer price £1.65, was £1.70",household
Oust Odour Eliminator Aerosol Clean Scent Air Freshner,Oust Odour Eliminator Aerosol C...300ml,£1.50,£5.00 per litre,,household
Oust Odour Eliminator Aerosol Outdoor Scent Air Freshner,Oust Odour Eliminator Aerosol O...300ml,£1.50,£5.00 per litre,,household
Oven Pride Oven Cleaning System,Oven Pride Oven Cleaning System500ml,£4,£8.00 per litre,,household
OXO Softworks Compact Mini Dustpan and Brush,OXO Softworks Compact Mini Dustpan and Brush,£8.50,£8.50 each,,household
OXO Softworks Deep Clean Brush Set,OXO Softworks Deep Clean Brush Set,£8,£8.00 each,,household
OXO SoftWorks Furniture FurLifter,OXO SoftWorks Furniture FurLifter,£15.95,£15.95 each,,household
OXO Softworks Shower Drain Cover,OXO Softworks Shower Drain Cover,£9.20,£9.20 each,,household
Persil 3-In-1 Bio Pods Washing Liquid Capsules ,Persil 3-In-1 Bio Pods Washing Liquid Capsules 15 per pack,£5.50,36.7p each,,household
Persil 3-In-1 Pods Colour Washing Liquid Capsules ,Persil 3-In-1 Pods Colour Washing Liquid Capsules 15 per pack,£5.50,36.7p each,,household
Persil 3 In 1 Bio Capsules Washes,Persil 3 In 1 Bio Capsules Washes1.35kg,£12.50,92.6p per 100g,,household
Persil Bio 3 in 1 Washing Liquid Capsules Laundry Detergent 32 Wash,Persil Bio 3 in 1 Washing Liquid Capsul...32ml,£8.50,£26.56 per 100ml,,household
Persil Bio Washing Liquid 24 Washes,Persil Bio Washing Liquid 24 Washes648ml,£5.50,84.9p per 100ml,,household
Persil Bio Washing Liquid 38 Washes,Persil Bio Washing Liquid 38 Washes1.026L,£5.50,£5.36 per litre,,household
Persil Bio Washing Powder 21 Washes,Persil Bio Washing Powder 21 Washes1.05kg,£4,£3.81 per kg,,household
Persil Bio Washing Powder 42 Washes,Persil Bio Washing Powder 42 Washes2.1kg,£7.50,£3.57 per kg,,household
Persil Colour 3 in 1 Washing Capsules Laundry Detergent 32 Washes,Persil Colour 3 in 1 Washin...32ml,£8.50,£26.56 per 100ml,,household
Persil Colour Protect Washing Liquid 38 Washes,Persil Colour Protect Was...1.026L,£5.50,£5.36 per litre,,household
Persil Colour Protect Washing Liquid Laundry Detergent 53 Washes,Persil Colour Protect Washing Liquid...1431ml,£9,£6.29 per litre,,household
Persil Colour Washing Powder 21 Washes,Persil Colour Washing Powder 21 Washes1.05kg,£4,£3.81 per kg,,household
Persil Non Bio 3 in 1 Washing Capsules Laundry Detergent 32 Washes,Persil Non Bio 3 in 1 Washi...32 per pack,£8.50,26.6p each,,household
Persil Non Bio 3 in 1 Washing Capsules Laundry Detergent 50 Washes,Persil Non Bio 3 in 1 Washi...,£12.50,,,household
Persil Non Bio Pods Washing Liquid Capsules ,Persil Non Bio Pods Washing Liquid Capsules 15 per pack,£5.50,36.7p each,,household
Persil Non Bio Pods Washing Liquid Capsules ,Persil Non Bio Pods Washing Liquid Capsules 38 per pack,£8.25,21.7p each,,household
Persil Non Bio Washing Liquid 24 Washes,Persil Non Bio Washing Liquid 24 Washes648ml,£5.50,£8.49 per litre,,household
Persil Non Bio Washing Liquid 38 Washes,Persil Non Bio Washing Liquid 38 Washes1.026L,£5.50,£5.36 per litre,,household
Persil Non Bio Washing Liquid 60 Washes ,Persil Non Bio Washing Liquid 60 Washes 1.62L,£8,£4.94 per litre,,household
Persil Non Bio Washing Liquid Laundry Detergent 53 Washes,Persil Non Bio Washing Liquid Lau...1431ml,£9,£6.29 per litre,,household
Persil Non bio Washing Powder 42 Washes,Persil Non bio Washing Powder 42 Washes2.1kg,£7.50,£3.57 per kg,,household
Persil Non Bio Washing Powder 60 Wash ,Persil Non Bio Washing Powder 60 Wash 3kg,£10,£3.34 per kg,"Offer price £10, was £11",household
Persil Powder Non Bio 77 Washes,Persil Powder Non Bio 77 Washes3.9kg,£12,£3.08 per kg,,household
Persil Ultimate Active Clean Liquid Laundry Detergent 34 Wash,Persil Ultimate Active Clean Liquid...918ml,£6.75,73.6p per 100ml,"Offer price £6.75, was £7",household
Persil Ultimate Active Clean Liquid Laundry Detergent 52 Wash,Persil Ultimate Active Clean Liquid...1404ml,£10.50,74.8p per 100ml,,household
Persil Ultimate Non Bio Aloe Vera Liquid Laundry Detergent 34 Wash,Persil Ultimate Non Bio Aloe Vera Liqui...918ml,£6.75,73.6p per 100ml,"Offer price £6.75, was £7",household
Persil Ultimate Non Bio Aloe Vera Liquid Laundry Detergent 52 Wash,Persil Ultimate Non Bio Aloe Vera Liqui...1404ml,£10.50,74.8p per 100ml,,household
Persil Ultimate Touch of Comfort Liquid Laundry Detergent 34 Wash,Persil Ultimate Touch of Comfort Liqu...918ml,£6.75,73.6p per 100ml,"Offer price £6.75, was £7",household
Persil Ultimate Touch of Comfort Liquid Laundry Detergent 52 Wash,Persil Ultimate Touch of Comfort Liqu...1404ml,£10.50,74.8p per 100ml,,household
Persil Washing Powder Non Bio 21 Washes ,Persil Washing Powder Non Bio 21 Washes 1.05kg,£4,£3.81 per kg,,household
Pledge Beautify It Enhancing Polish Classic,Pledge Beautify It Enhancing Polish Classic250ml,£1.50,£6.00 per litre,,household
Pledge Clean It Multisurface Polish Cleaner Classic,Pledge Clean It Multisurface...250ml,£1.50,£6.00 per litre,,household
Pledge Clean It Multisurface Polish Cleaner Jasmine,Pledge Clean It Multisurface...250ml,£1.50,£6.00 per litre,,household
Pledge Dust It Fluffy Duster Refill,Pledge Dust It Fluffy Duster Refill5 per pack,£3.95,79p each,,household
Pledge Dust It Fluffy Duster Starter Pack,Pledge Dust It Fluffy Duster Starter Pack,£3.10,,,household
Pledge Revive It Repairing Oil Light Wood,Pledge Revive It Repairing Oil Light Wood100ml,£4.50,£45.00 per litre,,household
Plenty Decorated Kitchen Roll 200 Sheets,Plenty Decorated Kitchen Roll 200 Sheets2 per pack,£5.25,£2.63 each,,household
Plenty Extra Large Kitchen Roll 225 Sheets,Plenty Extra Large Kitchen Roll 225 Sheets3 per pack,£6.95,£2.32 each,,household
Plenty Handy Towels 75 Sheets,Plenty Handy Towels 75 Sheets,£1.90,,,household
Plenty The Big One 100 Sheets,Plenty The Big One 100 Sheets,£3.20,,,household
Plenty White Kitchen Roll 100 Sheets,Plenty White Kitchen Roll 100 Sheets,£2.70,,,household
Plenty White Kitchen Roll 400 Sheets,Plenty White Kitchen Roll 400 Sheets4 per pack,£8.45,£2.11 each,,household
Plenty White Kitchen Rolls,Plenty White Kitchen Rolls2 per pack,£5.25,£2.63 each,,household
Polylina Flush Top Refuse Sacks ,Polylina Flush Top Refuse Sacks 20 per pack,£1.20,6p each,,household
Poppell Lighters,Poppell Lighters3 per pack,£2.10,70p each,,household
Raid Ant & Cockroach Killer,Raid Ant & Cockroach Killer300ml,£4.20,£14.00 per litre,,household
Raid Ant Killer Powder,Raid Ant Killer Powder250g,£3.25,£13.00 per kg,,household
Raid Fly & Wasp Killer,Raid Fly & Wasp Killer300ml,£4.20,£14.00 per litre,,household
Regina Blitz All Purpose Kitchen Towel,Regina Blitz All Purpose Kitchen Towel,£3,,,household
Regina Blitz All Purpose Kitchen Towel,Regina Blitz All Purpose Kitchen Towel2 per pack,£5.25,£2.63 each,,household
Regina Xxl Absorb 1 Roll,Regina Xxl Absorb 1 Roll,£2.35,,,household
Regina Xxl Absorb Rolls,Regina Xxl Absorb Rolls2 per pack,£4.25,£2.13 each,,household
Rex London Flamingo Bay Jumbo Storage Bag,Rex London Flamingo Bay Jumbo Storage Bag,£6,£6.00 each,,household
Russell Hobbs Steam & Clean Mop Pads,Russell Hobbs Steam & Clean Mop Pads5 per pack,£10,£2.00 each,,household
Sanmex Fly & Wasp Killer Spray,Sanmex Fly & Wasp Killer Spray300ml,£2.85,£9.50 per litre,,household
Sorbo Star Print Microfibre Cloth ,Sorbo Star Print Microfibre Cloth 5 per pack,£3,60p each,,household
Spontex 100 Handy Multipurpose Disposable Gloves,Spontex 100 Handy Multipurp...100 per pack,£8,8p each,,household
Spontex Brilliant Scourer         ,Spontex Brilliant Scourer         ,£1.25,,,household
Spontex Dishbrush Style,Spontex Dishbrush Style,£2,,"Offer price £2, was £2.85",household
Spontex Handy All Purpose Cloths,Spontex Handy All Purpose Cloths40 per pack,£2,5p each,"Offer price £2, was £3.50",household
Spontex Heavy Duty Scourers,Spontex Heavy Duty Scourers3 per pack,£1.60,53.3p each,,household
Spontex Long Lasting Kitchen Cloths,Spontex Long Lasting Kitchen Cloths2 per pack,£3.30,£1.65 each,,household
Spontex Sponge Cloths,Spontex Sponge Cloths5 per pack,£1.50,30p each,"Offer price £1.50, was £2.65",household
Spontex Supreme Apc 6 Pack,Spontex Supreme Apc 6 Pack6 per pack,£1.50,25p each,,household
Spontex Thick Moppets    ,Spontex Thick Moppets    2 per pack,£2.15,£1.08 each,,household
Spontex Tough Scourer,Spontex Tough Scourer4 per pack,£1.95,48.8p each,,household
Spontex Wash Ups General Purpose,Spontex Wash Ups General Purpose4 per pack,£1.45,36.3p each,,household
Spontex Wash Ups Non Scratch,Spontex Wash Ups Non Scratch4 per pack,£1,25p each,"Offer price £1, was £1.45",household
Stergene Liquid Handwash 15 Washes,Stergene Liquid Handwash 15 Washes500ml,£3,£6.00 per litre,,household
Surcare Non Bio Laundry Powder 25 Washes ,Surcare Non Bio Laundry Powder 25 Washes 1.625kg,£7,£4.31 per kg,,household
Surcare Sensitive Fabric Conditioner 25 Washes,Surcare Sensitive Fabric Conditioner 25 Washes750ml,£1.50,£2.00 per litre,,household
Surcare Washing Up Liquid,Surcare Washing Up Liquid450ml,£1.35,£3.00 per litre,,household
Surf 3-In-1 Pods 5 Herbal Extracts Washing Liquid Capsules,Surf 3-In-1 Pods 5 Herbal Extract...32 per pack,£7,21.9p each,,household
Surf  3-In-1 Pods Fresh Lavender Capsules,Surf  3-In-1 Pods Fresh Lavender Capsules18 per pack,£4.50,25p each,,household
Surf  3-In-1 Pods Tropical Lily Washing Capsules ,Surf  3-In-1 Pods Tropical Lily Washing Capsules 18 per pack,£4.50,25p each,,household
Surf  3-in-1 Pods Tropical Lily Washing Capsules 32 Washes,Surf  3-in-1 Pods Tropical Lily W...32 per pack,£7,21.9p each,,household
Surf Coconut 3In1 Capsules,Surf Coconut 3In1 Capsules18 per pack,£4.50,25p each,,household
Surf Coconut Bliss Concentrated Laundry Detergent 60 Washes,Surf Coconut Bliss Concentrated L...1620ml,£8,49.4p per 100ml,,household
Surf Coconut Bliss Laundry Liquid 24 Washes,Surf Coconut Bliss Laun...648ml,£3.50,£5.40 per litre,,household
Surf Coconut Bliss Washing Powder 45 Washes,Surf Coconut Bliss Wash...2.3kg,£6,26.1p per 100g,,household
Surf Deep Sea Minerals Laundry Liquid  24 Washes,Surf Deep Sea Minerals Laun...648ml,£3.50,£5.40 per litre,,household
Surf Disinfectant Coconut,Surf Disinfectant Coconut240ml,£2.50,£1.04 per 100ml,,household
Surf Disinfectant Passion Bloom,Surf Disinfectant Passion Bloom240ml,£2.50,£1.04 per 100ml,,household
Surf Disinfectant Tropical Lily,Surf Disinfectant Tropical Lily240ml,£2.50,£1.04 per 100ml,,household
Surf Lavender & Spring Jasmine Washing Powder ,Surf Lavender & Spring Jasmine Washing Powder 1.15kg,£3.50,£3.04 per kg,,household
Surf Liquid 24 Washes Passion Bloom ,Surf Liquid 24 Washes Passion Bloom 648ml,£3.50,£5.40 per litre,,household
Surf Liquid 24 Washes Winter,Surf Liquid 24 Washes Winter648ml,£3,46.3p per 100ml,,household
 Surf Tropical Lily & Ylang-Ylang Washing Powder 45 Washes , Surf Tropical Lily & Ylang-Ylang...2.25kg,£6,£2.67 per kg,,household
Surf Tropical Lily & Ylang-Ylang Washing Powder Fabric Care,Surf Tropical Lily & Ylang-Ylang...1.15kg,£3.50,£3.04 per kg,,household
Surf Tropical Lily & Ylang Ylang Powder 80 Wash ,Surf Tropical Lily & Ylang Ylang Powder 80 Wash 4kg,£9,£2.25 per kg,,household
Surf Tropical Lily Concentrated Laundry Detergent 60 Washes,Surf Tropical Lily Concentrated L...1620ml,£8,49.4p per 100ml,,household
Surf Tropical Lily Laundry Liquid Detergent 24 Washes,Surf Tropical Lily Laundry Li...648ml,£3.50,£5.40 per litre,,household
Swan Safety Matches,Swan Safety Matches4 per pack,£1.25,31.3p each,,household
The Pink Stuff Multipurpose Cleaner,The Pink Stuff Multipurpose Cleaner850ml,£1.75,20.6p per 100ml,,household
The Pink Stuff Paste,The Pink Stuff Paste850g,£1.65,£1.94 per kg,,household
Tower Carpet Washer Solution,Tower Carpet Washer Solution,£9,,,household
"Valet Lambswool Duster, Beech Handle 46cm","Valet Lambswool Duster, Beech Handle 46cm",£13,£13.00 each,,household
Vanish Gold Carpet & Upholstery Cleaner Spray,Vanish Gold Carpet & Upholstery Cleaner Spray500ml,£6.25,£12.50 per litre,,household
Vanish Gold Laundry Stain Remover Colours Powder,Vanish Gold Laundry Stain Remover Colours Powder470g,£6.50,£13.83 per kg,,household
Vanish Gold Laundry Stain Remover Colours Powder,Vanish Gold Laundry Stain Remover Colours Powder1.5kg,£12,£8.00 per kg,,household
Vanish Gold Laundry Stain Remover Colours Powder,Vanish Gold Laundry Stain Remover Colours Powder1kg,£10.50,£10.50 per kg,,household
Vanish Gold Laundry Stain Remover Whites Powder,Vanish Gold Laundry Stain Remover Whites Powder470g,£6.50,£13.83 per kg,,household
Vanish Gold Laundry Stain Remover Whites Powder,Vanish Gold Laundry Stain Remover Whites Powder1.5kg,£12,£8.00 per kg,,household
Vanish Gold Laundry Stain Remover Whites Powder,Vanish Gold Laundry Stain Remover Whites Powder1kg,£10.50,£10.50 per kg,,household
Vanish Gold Oxi-Action Pink Stain Remover Powder,Vanish Gold Oxi-Action Pink...850g,£6.50,£7.65 per kg,,household
Vanish Gold Oxi-Action White Stain Remover Powder ,Vanish Gold Oxi-Action Whit...850g,£6.50,£7.65 per kg,,household
Vanish Gold Pink Stain Remover Powder ,Vanish Gold Pink Stain Remover Powder 1350g,£11.50,£8.52 per kg,,household
Vanish Gold White Stain Remover Powder,Vanish Gold White Stain Remover Powder1.35kg,£11.50,£8.52 per kg,,household
Vanish Laundry Stain Remover Colours Powder,Vanish Laundry Stain Remover Colours Powder1kg,£7.25,£7.25 per kg,,household
Vanish Laundry Stain Remover Colours Powder,Vanish Laundry Stain Remover Colours Powder1.5kg,£10.25,£6.83 per kg,,household
Vanish Laundry Stain Remover Whites Powder,Vanish Laundry Stain Remover Whites Powder1kg,£7.25,£7.25 per kg,,household
Vanish Oxi Action Crystal White Stain Remover Powder,Vanish Oxi Action Crystal Whi...2.1kg,£8,38.1p per 100g,,household
Vanish Pre Treat Laundry Stain Remover Gel ,Vanish Pre Treat Laundry Stain Remover Gel 200ml,£6,£30.00 per litre,,household
Vanish Pre Treat Laundry Stain Remover Spray,Vanish Pre Treat Laundry Stain Remover Spray500ml,£5.45,£10.90 per litre,,household
Viakal Classic Limescale Remover Spray,Viakal Classic Limescale Remover Spray500ml,£3,£6.00 per litre,,household
Viakal Fresh Limescale Remover Spray With Febreze,Viakal Fresh Limescale Remo...500ml,£3,£6.00 per litre,,household
Vileda 1 2 Spray Refill           ,Vileda 1 2 Spray Refill           ,£2.50,,"Offer price £2.50, was £3.75",household
Vileda 2 in 1 Dustpan and Brush Set       ,Vileda 2 in 1 Dustpan and Brush Set       ,£5.25,,,household
Vileda Easy Wring Turbo Smart,Vileda Easy Wring Turbo Smart,£26.50,,,household
Vileda Magic Mop Refill                 ,Vileda Magic Mop Refill                 ,£4,,,household
Vileda String Replacement Mop Head,Vileda String Replacement Mop Head,£4,,,household
Vileda Supermocio Bucket,Vileda Supermocio Bucket,£6.75,,,household
Vileda Supermocio Microfibre & Power Xl Refill,Vileda Supermocio Microfi...,£3.50,,"Offer price £3.50, was £4.50",household
Vileda Supermocio Refill          ,Vileda Supermocio Refill          ,£3,,"Offer price £3, was £4",household
Vileda Turbo Refill 2In1,Vileda Turbo Refill 2In1,£7.25,,,household
Vileda Ultramax 1 2 Spray Refill Pad             ,Vileda Ultramax 1 2 Spray Refill Pad             ,£5,,"Offer price £5, was £6.75",household
Windolene Glass & Shiny Surfaces Spray,Windolene Glass & Shiny Surfaces Spray750ml,£2.70,£3.60 per litre,,household
Woolite Laundry Detergent Dark Fabrics & Denim,Woolite Laundry Detergent...750ml,£5,£6.67 per litre,,household
Woolite Laundry Detergent Everyday Delicates,Woolite Laundry Deterge...750ml,£5,£6.67 per litre,,household
Zip Fast & Clean Wrap Firelighters,Zip Fast & Clean Wrap Firelighters16 per pack,£3.90,24.4p each,,household
Zip High Performance Energy Firelighters,Zip High Performance Energy Firelighters60 per pack,£5.75,9.6p each,,household
Zip High Performance Firelighters     ,Zip High Performance Firelighters     20 per pack,£2.25,11.3p each,Buy 2 for £4,household
Zip Quickstart Firelighter      ,Zip Quickstart Firelighter      150g,£1.50,£10.00 per kg,,household
Zip The Fire Log                   ,Zip The Fire Log                   700g,£2.20,£3.14 per kg,,household
Zip Twisted Firestarters,Zip Twisted Firestarters16 per pack,£3.10,19.4p each,"Offer price £3.10, was £3.90",household
Zoflora Antibacterial Cleaning Wipes Lemon Zing 70 Large Wipes,Zoflora Antibacterial Cleaning Wipe...,£2.50,,,household
Zoflora Antibacterial Large Cleaning Wipes Midnight Blooms 70pk,Zoflora Antibacterial Large Cleaning...,£2.50,,,household
Zoflora Concentrated Multipurpose Disinfectant Country Garden,Zoflora Concentrated Multipurpose D...120ml,£1.70,£14.17 per litre,,household
Zoflora Concentrated Multipurpose Disinfectant Mandarin & Lime,Zoflora Concentrated Multipurpose D...250ml,£3,£12.00 per litre,,household
Zoflora Concentrated Multipurpose Disinfectant Midnight Blooms,Zoflora Concentrated Multipurpose D...250ml,£3,£12.00 per litre,,household
Zoflora Disinfectant Cleaner Lemon Zing ,Zoflora Disinfectant Cleaner Lemon Zing 1ml,£2.50,£250.00 per 100ml,,household
Zoflora Lemon Zing ,Zoflora Lemon Zing 120ml,£1.70,£1.42 per 100ml,,household
Zoflora Linen Fresh Concentrated Disinfectant ,Zoflora Linen Fresh Concentrated Disinfectant 500ml,£6,£1.20 per 100ml,,household
Zoflora Power Bathroom Caribbean Grapefruit & Lime,Zoflora Power Bathroom Cari...1ml,£2.50,£250.00 per 100ml,,household
Morrisons Carvery Thinly Sliced Honey Roast Ham,Morrisons Carvery...120g,£2.25,£1.88 per 100g,Buy 2 for £3.50,meat-poultry
Morrisons Roast Chicken Slices,Morrisons Roast...180g,£3.25,£1.81 per 100g,,meat-poultry
Morrisons 30% Reduced Fat Houmous,Morrisons 30% Red...200g,£1.35,67.5p per 100g,Buy 2 for £2,meat-poultry
(CP) Morrisons British Lamb Easy Carve Shoulder Joint (CP),(CP) Morrisons British Lamb Easy...Typically: 1.7kg,£10.18,£5.99 per kg,,meat-poultry
Bangers & Co 8 Pork Sausages,Bangers & Co 8 Pork Sausages410g,£1.25,£3.05 per kg,,meat-poultry
Bernard Matthews 2 Turkey Escalopes,Bernard Matthews 2 Turkey Escalopes260g,£2.25,£8.65 per kg,,meat-poultry
Beyond Meat Burger,Beyond Meat Burger226g,£3,£1.33 per 100g,"Offer price £3, was £4",meat-poultry
Beyond Meat Sausage,Beyond Meat Sausage200g,£3,£1.50 per 100g,"Offer price £3, was £4",meat-poultry
British Flat Iron Steak  ,British Flat Iron Steak  365g,£4.85,£13.29 per kg,,meat-poultry
Bury Black Pudding Slices,Bury Black Pudding Slices230g,£1.20,£5.22 per kg,,meat-poultry
Cauldron Vegan Organic Marinated Tofu,Cauldron Vegan Organic Marinated Tofu160g,£2.75,£17.19 per kg,,meat-poultry
Cauldron Vegan Organic Tofu,Cauldron Vegan Organic Tofu396g,£2.75,£6.94 per kg,,meat-poultry
Edwards Of Conwy Thick Oak Smoked Dry Cured Bacon,Edwards Of Conwy Thick Oak...240g,£3,£1.25 per 100g,,meat-poultry
Edwards Of Conwy Thick Unsmoked Dry Cured Bacon,Edwards Of Conwy Thick Un...240g,£3,£1.25 per 100g,,meat-poultry
Finnebrogue Artisan Naked Bacon 6 Unsmoked Rashers ,Finnebrogue Artisan Naked Bac...200g,£3,£15.00 per kg,,meat-poultry
Finnebrogue Unsmoked 12 Naked Streaky Bacon,Finnebrogue Unsmoked 12 Naked Streaky Bacon200g,£3,£15.00 per kg,,meat-poultry
Garden Gourmet  Sensational Mini Fillets,Garden Gourmet  Sensational Mini Fillets190g,£2.75,£1.45 per 100g,,meat-poultry
Garden Gourmet Sensational Vegan Burger,Garden Gourmet Sensational Vegan Burger226g,£3,£13.27 per kg,,meat-poultry
Garden Gourmet Sensational Vegan Cumberland Sausage,Garden Gourmet Sensational Ve...240g,£2.75,£11.46 per kg,,meat-poultry
Gressingham Bistro Duck With Orange & Maple ,Gressingham Bistro Duck With Orange & Maple 530g,£5.79,£1.09 per 100g,,meat-poultry
Gressingham Duck Breast Fillets,Gressingham Duck Breast Fillets300g,£7.49,£24.97 per kg,,meat-poultry
Gressingham Duck Crown,Gressingham Duck Crown900g,£5.50,£6.11 per kg,"Offer price £5.50, was £6.79",meat-poultry
Gressingham Duck Legs,Gressingham Duck Legs462g,£4.79,£1.04 per 100g,,meat-poultry
Gressingham Half Aromatic Duck,Gressingham Half Aromatic Duck550g,£7.99,£14.53 per kg,,meat-poultry
Gressingham Whole Duck,Gressingham Whole Duck1.7kg,£8.99,£5.29 per kg,,meat-poultry
Heck 97% Sausage,Heck 97% Sausage400g,£3.15,£7.88 per kg,Buy 2 for £5,meat-poultry
Heck Breakfast Sausages,Heck Breakfast Sausages440g,£2.50,£5.68 per kg,,meat-poultry
Heck Chicken Italia Sausage,Heck Chicken Italia Sausage340g,£3.15,£9.26 per kg,Buy 2 for £5,meat-poultry
Heck Meat Free Sausage,Heck Meat Free Sausage300g,£2,£6.67 per kg,,meat-poultry
Heck Simply Chicken Sausages 10Pk ,Heck Simply Chicken Sausages 10Pk 340g,£3.15,£9.26 per kg,Buy 2 for £5,meat-poultry
Heck Steak & Butter Burger,Heck Steak & Butter Burger320g,£3.25,£1.02 per 100g,,meat-poultry
Highland Cumberland Venison Sausages,Highland Cumberland Venison Sausages300g,£3.25,£1.08 per 100g,,meat-poultry
Highland Game Diced Venison,Highland Game Diced Venison300g,£4.20,£14.00 per kg,,meat-poultry
Highland Game Venison Grill Steaks 2 Pack ,Highland Game Venison Grill Steaks 2 Pack 300g,£2.80,£9.33 per kg,,meat-poultry
Highland Game Venison Steaks,Highland Game Venison Steaks200g,£5.60,£28.00 per kg,,meat-poultry
Malcolm Allan Steak Burgers,Malcolm Allan Steak Burgers360g,£3,83.3p per 100g,,meat-poultry
Market Street Beef Roasting Joint ,Market Street Beef Roasting Joint Typically: 1.7kg,£20,£12.50 per kg,,meat-poultry
Market Street Beef Rump Steak ,Market Street Beef Rump Steak 283g,£4.99,£17.63 per kg,,meat-poultry
Market Street Beef Topside Joint,Market Street Beef Topside JointTypically: 1.3kg,£16.89,£12.99 per kg,,meat-poultry
Market Street British Pork Loin Medallions,Market Street British Pork Loin Medallions380g,£3.50,£9.21 per kg,,meat-poultry
Market Street British Turkey Easy Carve Butter Basted Breast Joint,Market Street British Turkey Easy Carve...600g,£5.49,£9.15 per kg,,meat-poultry
Market Street Cooked Squid Tentacles,Market Street Cooked Squid Tentacles200g,£4.25,£21.25 per kg,Buy 3 for £10,meat-poultry
Market Street Lamb Hearts,Market Street Lamb HeartsTypically: 0.6kg,£2.99,£6.49 per kg,,meat-poultry
Market Street Lamb Kidney,Market Street Lamb KidneyTypically: 0.3kg,£1.95,£6.50 per kg,,meat-poultry
 Market Street Lambs Liver, Market Street Lambs LiverTypically: 0.35kg,£2.10,£6.00 per kg,,meat-poultry
Market Street Pork Loin Joint,Market Street Pork Loin JointTypically: 950g,£5.70,£6.00 per kg,,meat-poultry
Market Street Pork Shoulder With Sage And Onion Stuffing,Market Street Pork Shoulder Wit...Typically: 500g,£5.79,£5.79 per kg,,meat-poultry
Mattessons Lightly Smoked Turkey Bacon Rashers,Mattessons Lightly Smoked...200g,£2.50,£12.50 per kg,,meat-poultry
Mattessons Unsmoked Turkey Bacon Rashers,Mattessons Unsmoked Turkey Bacon Rashers200g,£2.50,£12.50 per kg,,meat-poultry
Meatless Farm Mince ,Meatless Farm Mince 350g,£2.50,71.4p per 100g,"Offer price £2.50, was £3",meat-poultry
Meatless Farm Plant-Based Burgers ,Meatless Farm Plant-Based Burgers 227g,£2,£8.81 per kg,"Offer price £2, was £2.50",meat-poultry
Meatless Farm Plant-Based Chicken Breasts,Meatless Farm Plant-Based Chicken Breasts210g,£3,£14.29 per kg,"Offer price £3, was £3.50",meat-poultry
Meatless Farm Plant Based 4 Burgers,Meatless Farm Plant Based 4 Burgers400g,£3.50,£8.75 per kg,,meat-poultry
Meatless Farm Plant Based 4 Chicken Burgers,Meatless Farm Plant Based 4 Chicken Burgers360g,£3.50,£9.72 per kg,,meat-poultry
Meatless Farm Plant Based 8 Sausages ,Meatless Farm Plant Based 8 Sausages 320g,£3,£9.38 per kg,,meat-poultry
Meatless Farm Plant Based Meatballs,Meatless Farm Plant Based Meatballs270g,£3,£11.11 per kg,,meat-poultry
Meatless Farm Plant Based Mince,Meatless Farm Plant Based Mince400g,£3,£7.50 per kg,,meat-poultry
Morrison Half Leg Of Lamb,Morrison Half Leg Of Lamb850g,£12,£1.41 per 100g,,meat-poultry
Morrisons 12 Beef Meatballs,Morrisons 12 Beef Meatballs340g,£1.90,£5.59 per kg,,meat-poultry
Morrisons 12 Beef Meatballs 5% Fat,Morrisons 12 Beef Meatballs 5% Fat340g,£3.25,£9.56 per kg,,meat-poultry
Morrisons 12 Butchers Style Pork Chipolatas ,Morrisons 12 Butchers Style Pork Chipolatas 340g,£2.25,66.2p per 100g,,meat-poultry
Morrisons 12 Pigs In Blankets ,Morrisons 12 Pigs In Blankets 210g,£2.50,£11.90 per kg,,meat-poultry
Morrisons 12 Pork Meatballs,Morrisons 12 Pork Meatballs340g,£1.79,£5.26 per kg,,meat-poultry
Morrisons 24 British Beef Meatballs ,Morrisons 24 British Beef Meatballs 645g,£4.25,£6.59 per kg,Buy 3 for £10,meat-poultry
Morrisons 2 Breaded Chicken Fillets ,Morrisons 2 Breaded Chicken Fillets 340g,£3.49,£10.26 per kg,,meat-poultry
Morrisons 2 Breaded Garlic Chicken Kyivs,Morrisons 2 Breaded Garlic Chicken Kyivs260g,£2.69,£10.35 per kg,,meat-poultry
Morrisons 2 Cheese & Ham Chicken Kyivs,Morrisons 2 Cheese & Ham Chicken Kyivs260g,£2.69,£10.35 per kg,,meat-poultry
Morrisons 2 Hunters Chicken ,Morrisons 2 Hunters Chicken 415g,£4.25,£10.24 per kg,,meat-poultry
Morrisons 2 Lamb Shanks,Morrisons 2 Lamb ShanksTypically: 750g,£10.13,£13.50 per kg,,meat-poultry
Morrisons 4 Beef Burgers 5% Fat,Morrisons 4 Beef Burgers 5% Fat454g,£4,£8.81 per kg,,meat-poultry
Morrisons 4 Breaded Chicken Steaks,Morrisons 4 Breaded Chicken Steaks500g,£3.99,£7.98 per kg,,meat-poultry
Morrisons 4 British Beef Quarter Pounders,Morrisons 4 British Beef Quarter Pounders454g,£2.69,£5.93 per kg,"Offer price £2.69, was £2.99",meat-poultry
Morrisons 4 Southern Fried Chicken Steaks,Morrisons 4 Southern Fried Chicken Steaks500g,£3.99,£7.98 per kg,,meat-poultry
Morrisons 8 Lean Smoked Bacon Medallions,Morrisons 8 Lean Smoked Bacon Medallions225g,£3.25,£14.44 per kg,Buy 2 for £5,meat-poultry
Morrisons Bacon Topped Three Bird Roast Serves 8,Morrisons Bacon Topped Three Bird Roast Serves 81.5 per pack,£15,£10.00 each,,meat-poultry
Morrisons Battered Chicken Nuggets,Morrisons Battered Chicken Nuggets260g,£2.25,86.5p per 100g,,meat-poultry
Morrisons BBQ Roast In Bag Whole Chicken ,Morrisons BBQ Roast In Bag Whole Chicken 1.6kg,£6.49,£4.06 per kg,,meat-poultry
Morrisons Beef Brisket Joint,Morrisons Beef Brisket JointTypically: 1.8kg,£16.20,£9.00 per kg,,meat-poultry
Morrisons Beef Denver Steak,Morrisons Beef Denver Steak300g,£4,£13.33 per kg,Buy 3 for £10,meat-poultry
Morrisons Beef Gravy,Morrisons Beef Gravy300g,£1.69,£5.63 per kg,,meat-poultry
Morrisons Beef Salmon Joint ,Morrisons Beef Salmon Joint ,£7.80,£13.00 per kg,,meat-poultry
Morrisons Black Pudding Slices,Morrisons Black Pudding Slices250g,£1.20,£4.80 per kg,,meat-poultry
Morrisons Bone In Pork Chops,Morrisons Bone In Pork Chops400g,£4.25,£1.06 per 100g,Buy 3 for £10,meat-poultry
Morrisons Bourbon BBQ Pork Rib Rack ,Morrisons Bourbon BBQ Pork Rib Rack 450g,£5,£11.11 per kg,,meat-poultry
Morrisons Breaded Chicken Goujons,Morrisons Breaded Chicken Goujons650g,£4.25,£6.54 per kg,Buy 3 for £10,meat-poultry
Morrisons  Breaded Chicken Goujons,Morrisons  Breaded Chicken Goujons270g,£2.49,£9.22 per kg,,meat-poultry
Morrisons Breaded Chicken Mini Fillets ,Morrisons Breaded Chicken Mini Fillets 300g,£3.99,£13.30 per kg,,meat-poultry
Morrisons Breaded Chicken Platter,Morrisons Breaded Chicken Platter600g,£3.99,66.5p per 100g,,meat-poultry
Morrisons Breaded Chicken Pops,Morrisons Breaded Chicken Pops260g,£2.49,£9.58 per kg,,meat-poultry
Morrisons Breaded Chunky Cod Fish Fingers,Morrisons Breaded Chunky Cod Fish Fingers300g,£3.50,£11.67 per kg,Buy 3 for £10,meat-poultry
Morrisons Breaded Hot & Spicy Chicken Wings,Morrisons Breaded Hot & Spicy Chicken Wings500g,£2.50,50p per 100g,,meat-poultry
Morrisons Breaded Pollock Fillets,Morrisons Breaded Pollock Fillets600g,£3.75,£6.25 per kg,Buy 3 for £10,meat-poultry
Morrisons  Breaded Southern Fried Chicken Goujon,Morrisons  Breaded Southern...270g,£2.49,£9.22 per kg,,meat-poultry
Morrisons British Bavette Steak ,Morrisons British Bavette Steak 350g,£4.85,£13.86 per kg,,meat-poultry
Morrisons British Beef 12% Fat Mince,Morrisons British Beef 12% Fat Mince750g,£4.75,£6.33 per kg,,meat-poultry
Morrisons British Beef Lean Mince 5% Fat,Morrisons British Beef Lean Mince 5% Fat500g,£3.59,£7.18 per kg,,meat-poultry
Morrisons British Beef Lean Mince 5% Fat,Morrisons British Beef Lean Mince 5% Fat750g,£4.99,£6.65 per kg,,meat-poultry
Morrisons British Beef Mince Steak 5%,Morrisons British Beef Mince Steak 5%250g,£2.35,£9.40 per kg,,meat-poultry
Morrisons British Beef Roasting Joint (CP),Morrisons British Beef Roasting Joint (CP)Typically: 1.5kg,£11.99,£7.99 per kg,Save £1 Off Your Next Shop,meat-poultry
Morrisons British  Beef Sizzle Steak,Morrisons British  Beef Sizzle Steak320g,£4.25,£13.28 per kg,,meat-poultry
Morrisons British Beef Skirt,Morrisons British Beef SkirtTypically: 350g,£3.68,£10.50 per kg,,meat-poultry
Morrisons British Chicken Breast Crown,Morrisons British Chicken Breast Crown500g,£4.25,£8.50 per kg,,meat-poultry
Morrisons  British Chicken Drumsticks,Morrisons  British Chicken Drumsticks1kg,£3.33,£3.33 per kg,,meat-poultry
Morrisons British Chicken Fillets,Morrisons British Chicken Fillets1.6kg,£9.69,£6.06 per kg,,meat-poultry
Morrisons British Chicken Thighs,Morrisons British Chicken Thighs1kg,£3.04,£3.04 per kg,,meat-poultry
Morrisons British Chicken Wings ,Morrisons British Chicken Wings 1kg,£2.60,£2.60 per kg,,meat-poultry
Morrisons British Diced Beef,Morrisons British Diced Beef430g,£4.49,£10.44 per kg,,meat-poultry
Morrisons British Diced Chicken Breast Fillets,Morrisons British Diced Chicken Breast Fillets600g,£4.69,£7.82 per kg,,meat-poultry
Morrisons British Diced Lean Leg Of Lamb,Morrisons British Diced Lean Leg Of Lamb300g,£5.75,£19.17 per kg,,meat-poultry
Morrisons British Fillet Steak,Morrisons British Fillet SteakTypically: 0.15kg,£4.77,£31.79 per kg,,meat-poultry
Morrisons British Lamb Chump Joint With Pesto Butter,Morrisons British Lamb Chump...Typically: 0.4kg,£7.20,£18.00 per kg,,meat-poultry
Morrisons British Lamb Loin Chops,Morrisons British Lamb Loin Chops360g,£5.49,£15.25 per kg,,meat-poultry
Morrisons British Lamb Shoulder In Herby Butter & Rosemary,Morrisons British Lamb Shoulder I...850g,£12,£14.12 per kg,,meat-poultry
Morrisons British Lean Diced Beef,Morrisons British Lean Diced Beef350g,£4.25,£1.21 per 100g,Buy 3 for £10,meat-poultry
Morrisons British Minced Beef 20% Fat ,Morrisons British Minced Beef 20% Fat 500g,£2.49,£4.98 per kg,,meat-poultry
Morrisons  British Minced Lamb ,Morrisons  British Minced Lamb 454g,£4.99,£10.99 per kg,,meat-poultry
Morrisons British Minced Pork 5% Fat ,Morrisons British Minced Pork 5% Fat 500g,£2.89,£5.78 per kg,,meat-poultry
Morrisons British Ox Cheek,Morrisons British Ox CheekTypically: 0.25kg,£2.70,£9.00 per kg,,meat-poultry
Morrisons British Pork Leg Joint ,Morrisons British Pork Leg Joint ,£5.50,£5.00 per kg,,meat-poultry
Morrisons British Pork Loin Steaks,Morrisons British Pork Loin Steaks400g,£4.25,£1.06 per 100g,Buy 3 for £10,meat-poultry
Morrisons British Pork Shoulder Joint ,Morrisons British Pork Shoulder Joint ,£6.25,£5.00 per kg,,meat-poultry
Morrisons British Pork Shoulder Steaks,Morrisons British Pork Shoulder Steaks500g,£4.25,£8.50 per kg,Buy 3 for £10,meat-poultry
Morrisons British Salt & Pepper Chicken Crown,Morrisons British Salt & Pepper Chicken Crown700g,£4.50,£6.43 per kg,,meat-poultry
Morrisons British Turkey Meatballs,Morrisons British Turkey Meatballs340g,£3.25,£9.56 per kg,,meat-poultry
Morrisons British Turkey Sausages,Morrisons British Turkey Sausages454g,£2.99,£6.59 per kg,,meat-poultry
Morrisons British Whole Chicken ,Morrisons British Whole Chicken 1.4kg,£4.25,£3.04 per kg,Buy 3 for £10,meat-poultry
Morrisons Butcher's Style Pork Sausagemeat,Morrisons Butcher's Style Pork Sausagemeat400g,£2.50,£6.25 per kg,,meat-poultry
Morrisons  Butcher's Style Pork Sausages,Morrisons  Butcher's Style Pork Sausages454g,£2.25,£4.96 per kg,,meat-poultry
Morrisons Butcher's Style Reduced Fat Pork Sausages ,Morrisons Butcher's Style Red...400g,£2.25,£5.63 per kg,,meat-poultry
Morrisons Butcher's Style Thick Cumberland Sausages,Morrisons Butcher's Style Thi...454g,£2.25,£4.96 per kg,,meat-poultry
Morrisons Butcher's Style Thick Lincolnshire Sausages,Morrisons Butcher's Style Thi...454g,£2.25,£4.96 per kg,,meat-poultry
Morrisons Carvery Pork Lunch Tongue,Morrisons Carvery Pork Lunch Tongue120g,£2.25,£1.88 per 100g,Buy 2 for £3.50,meat-poultry
"Morrisons Char Sui Pulled Pork With Black Beans, Ginger & Glaze",Morrisons Char Sui Pulled Pork With B...430g,£5,£11.63 per kg,,meat-poultry
"Morrisons Cheese, Bacon & Leeks Chicken Breast Fillets ","Morrisons Cheese, Bacon & Leeks...405g",£4.25,£10.49 per kg,,meat-poultry
Morrisons Chicken Breast Fillet ,Morrisons Chicken Breast Fillet 630g,£4.99,£7.92 per kg,,meat-poultry
Morrisons Chicken Breast Fillets,Morrisons Chicken Breast Fillets1kg,£6.49,£6.49 per kg,,meat-poultry
Morrisons Chicken Breast Fillets ,Morrisons Chicken Breast Fillets 300g,£2.25,£7.50 per kg,,meat-poultry
"Morrisons Chicken Breast Fillets with Bacon, Stuffing & Gravy",Morrisons Chicken Breast Fillets wi...500g,£4.49,£8.98 per kg,Buy 2 for £8,meat-poultry
Morrisons Chicken Drumsticks & Thigh,Morrisons Chicken Drumsticks & Thigh1.2kg,£4.25,35.4p per 100g,Buy 3 for £10,meat-poultry
Morrisons Chicken En Croute,Morrisons Chicken En Croute410g,£4.50,£10.98 per kg,,meat-poultry
Morrisons Chicken Fillet,Morrisons Chicken Fillet400g,£4.25,£1.06 per 100g,Buy 3 for £10,meat-poultry
Morrisons Chicken Gravy,Morrisons Chicken Gravy300g,£1.69,56.3p per 100g,,meat-poultry
Morrisons Chicken Legs With Mushrooms & Garlic ,Morrisons Chicken Legs With Mushrooms & Garlic 615g,£5,£8.13 per kg,,meat-poultry
Morrisons Chicken Mini Fillet,Morrisons Chicken Mini Fillet450g,£4.25,94.4p per 100g,Buy 3 for £10,meat-poultry
Morrisons Chicken Mini Fillets,Morrisons Chicken Mini Fillets600g,£4.49,£7.48 per kg,,meat-poultry
Morrisons Chicken Thigh Fillets Boneless ,Morrisons Chicken Thigh Fillets Boneless 600g,£4.49,£7.48 per kg,,meat-poultry
Morrisons Chicken Thigh Fillets Boneless,Morrisons Chicken Thigh Fillets Boneless1kg,£5.99,£5.99 per kg,,meat-poultry
Morrisons Chinese Style Chicken Stir Fry Kit,Morrisons Chinese Style Chicken Stir Fry Kit,£4.50,,,meat-poultry
Morrisons Cold Water Prawns,Morrisons Cold Water Prawns200g,£3.75,£1.88 per 100g,Buy 3 for £10,meat-poultry
Morrisons Cooked & Peeled King Prawns ,Morrisons Cooked & Peeled King Prawns 150g,£3.75,£2.50 per 100g,Buy 3 for £10,meat-poultry
Morrisons Cook in The Bag Stuffed Whole Chicken,Morrisons Cook in The Bag...1.6kg,£6.49,£4.06 per kg,,meat-poultry
Morrisons Diane Sauce,Morrisons Diane Sauce200g,£1.69,84.5p per 100g,,meat-poultry
Morrisons Diced Beef,Morrisons Diced Beef500g,£4.50,90p per 100g,Just Add - Buy Meat & Slow Cooker Sauce for £6,meat-poultry
Morrisons Diced Chicken Fillet,Morrisons Diced Chicken Fillet400g,£3.84,£9.60 per kg,,meat-poultry
Morrisons Diced Ox Kidney,Morrisons Diced Ox KidneyTypically: 0.35kg,£1.44,£4.00 per kg,,meat-poultry
Morrisons Diced Turkey Thigh,Morrisons Diced Turkey Thigh500g,£3.09,£6.18 per kg,,meat-poultry
Morrisons Dog Chicken Sausages,Morrisons Dog Chicken Sausages70g,£1.25,£17.86 per kg,,meat-poultry
Morrisons Extra Large British Whole Chicken ,Morrisons Extra Large British Whole Chicken 2.15kg,£6.79,£3.16 per kg,,meat-poultry
Morrisons Extra Tasty Boneless Chicken Breast Joint ,Morrisons Extra Tasty Boneles...450g,£4.50,£10.00 per kg,,meat-poultry
Morrisons Extra Thick Unsmoked Back Bacon Rashers,Morrisons Extra Thick Unsmo...300g,£2.25,£7.50 per kg,,meat-poultry
Morrisons Fajita Chicken Meal Kit ,Morrisons Fajita Chicken Meal Kit 650g,£4.50,£6.92 per kg,,meat-poultry
Morrisons Fishmongers Frozen Raw Peeled Argentinian Red Shrimp,Morrisons Fishmongers Frozen Raw Pe...150g,£4.25,£28.33 per kg,Buy 3 for £10,meat-poultry
Morrisons Fishmongers Frozen Ready To Cook Breaded Squid Rings,Morrisons Fishmongers Frozen Ready...300g,£4.25,£14.17 per kg,Buy 3 for £10,meat-poultry
Morrisons Fishmongers Frozen Yellow Fin Tuna Steaks ,Morrisons Fishmongers Frozen...225g,£4.25,£18.89 per kg,Buy 3 for £10,meat-poultry
Morrisons Fishmongers Raw PatagonianScallops,Morrisons Fishmongers Raw PatagonianScallops125g,£4.25,£34.00 per kg,Buy 3 for £10,meat-poultry
"Morrisons Flexitarian Pork, Tomato And Red Pepper Sausage","Morrisons Flexitarian Pork, Tomat...400g",£2.50,62.5p per 100g,,meat-poultry
Morrisons Fresh Ideas Ready To Cook Chicken Kiev,Morrisons Fresh Ideas Ready...390g,£4.49,£11.51 per kg,Buy 2 for £8,meat-poultry
Morrisons Garlic & Herb Spatchcock Chicken,Morrisons Garlic & Herb Spatchcock Chicken1.1kg,£4.99,£4.54 per kg,Easy Chicken Dinner Meal Deal for £7,meat-poultry
Morrisons German Sausage Selection,Morrisons German Sausage Selection175g,£2.89,£1.65 per 100g,,meat-poultry
Morrisons Global Grill BBQ Chicken Wings,Morrisons Global Grill BBQ Chicken Wings750g,£4.25,£5.67 per kg,Buy 3 for £10,meat-poultry
Morrisons Global Grill Beef Burger,Morrisons Global Grill Beef Burger,£4.25,,Buy 3 for £10,meat-poultry
Morrisons Global Grill Cajun Style Chicken Breast Steaks,Morrisons Global Grill Cajun St...350g,£4.25,£12.14 per kg,Buy 3 for £10,meat-poultry
Morrisons Global Grill Chicken & Chorizo Kebabs,Morrisons Global Grill Chicken & Chorizo Kebabs350g,£4.25,£12.14 per kg,,meat-poultry
Morrisons Global Grill Chinese Style Chicken Drumsticks & Thighs,Morrisons Global Grill Chinese Style...750g,£4.25,£5.67 per kg,Buy 3 for £10,meat-poultry
Morrisons Global Grill Honey Chilli & Garlic Pork Belly Slices,Morrisons Global Grill Honey Chilli...455g,£4.25,£9.34 per kg,Buy 3 for £10,meat-poultry
Morrisons Global Grill Mango & Lime Steaks,Morrisons Global Grill Mango & Lime Steaks350g,£4.25,£12.14 per kg,Buy 3 for £10,meat-poultry
Morrisons Gourmet British Tomahawk ,Morrisons Gourmet British Tomahawk Typically: 0.9kg,£19.80,£22.00 per kg,,meat-poultry
Morrisons Gourmet Collect Tomapork ,Morrisons Gourmet Collect Tomapork Typically: 0.9kg,£7.52,£8.00 per kg,,meat-poultry
Morrisons Hunters Chicken,Morrisons Hunters Chicken430g,£4.49,£10.44 per kg,Buy 2 for £8,meat-poultry
Morrisons Lamb Cutlets,Morrisons Lamb CutletsTypically: 330g,£4.46,£13.50 per kg,,meat-poultry
Morrisons Lamb Mince,Morrisons Lamb Mince500g,£4.99,£9.98 per kg,,meat-poultry
Morrisons Lamb Shoulder Roast Whole ,Morrisons Lamb Shoulder Roast Whole Typically: 2.2kg,£20.90,£9.50 per kg,,meat-poultry
Morrisons Lean British Beef Medallions ,Morrisons Lean British Beef Medallions 340g,£4,£11.76 per kg,,meat-poultry
Morrisons Lean British Diced Pork,Morrisons Lean British Diced Pork445g,£3.19,£7.17 per kg,,meat-poultry
Morrisons Lean Unsmoked Bacon Medallions,Morrisons Lean Unsmoked Bacon Medallions225g,£3.25,£14.44 per kg,Buy 2 for £5,meat-poultry
Morrisons Market St 2 Battered Haddock Fillets,Morrisons Market St 2 Battered Haddock Fillets300g,£3.75,£12.50 per kg,Buy 3 for £10,meat-poultry
Morrisons Market St Battered Cod Fillets,Morrisons Market St Battered Cod Fillets300g,£3.75,£12.50 per kg,Buy 3 for £10,meat-poultry
Morrisons Market St Beef Marrowbone,Morrisons Market St Beef MarrowboneTypically: 0.65kg,£4,£4.00 per kg,,meat-poultry
Morrisons Market St British Half Lamb Leg (CP),Morrisons Market St British Half Lamb Leg (CP)Typically: 1.1kg,£8.79,£7.99 per kg,Save £1 Off Your Next Shop,meat-poultry
Morrisons Market St British Lean Diced Beef,Morrisons Market St British Lean Diced Beef750g,£7.49,£9.99 per kg,,meat-poultry
Morrisons Market St British Minced Beef 12 % Fat,Morrisons Market St British...500g,£3.29,£6.58 per kg,,meat-poultry
Morrisons Market St British Sirloin Steak,Morrisons Market St British Sirloin Steak227g,£4.99,£21.98 per kg,,meat-poultry
Morrisons Market St British Turkey Mini Fillets,Morrisons Market St British Turkey Mini Fillets400g,£4.49,£11.23 per kg,,meat-poultry
Morrisons Market St British Whole Lamb Leg (CP),Morrisons Market St Briti...Typically: 2.2kg,£17.58,£7.99 per kg,Save £2 Off Your Next Shop,meat-poultry
Morrisons Market St Raw Peeled King Prawns,Morrisons Market St Raw Peeled King Prawns150g,£3.75,£25.00 per kg,Buy 3 for £10,meat-poultry
Morrisons Market Street 2 Haddock Fillets,Morrisons Market Street 2 Haddock Fillets220g,£4.25,£19.32 per kg,Buy 3 for £10,meat-poultry
Morrisons Market Street 2 Sea Bass Fillets,Morrisons Market Street 2 Sea Bass Fillets180g,£4.25,£23.61 per kg,Buy 3 for £10,meat-poultry
Morrisons Market Street Beef And Pork Mince,Morrisons Market Street Beef And Pork Mince650g,£4.25,65.4p per 100g,Buy 3 for £10,meat-poultry
Morrisons Market Street British Turkey Thigh Mince ,Morrisons Market Street British Turkey Thigh Mince 750g,£4.25,£5.67 per kg,Buy 3 for £10,meat-poultry
Morrisons Market Street Cooked Cockle Meat ,Morrisons Market Street Cooked Cockle Meat 180g,£4.25,£23.61 per kg,Buy 3 for £10,meat-poultry
Morrisons Market Street Cooked Half Shell Mussels ,Morrisons Market Street Cooked Half Shell Mussels 350g,£4.25,£1.21 per 100g,Buy 3 for £10,meat-poultry
Morrisons Market Street Cooked Jumbo King Prawns ,Morrisons Market Street Coo...200g,£4.25,£2.13 per 100g,Buy 3 for £10,meat-poultry
Morrisons Market Street Cooked Large Cold Water Prawns,Morrisons Market Street Cooked...210g,£4.25,£2.02 per 100g,Buy 3 for £10,meat-poultry
Morrisons Market Street Cooked Mussel Meat,Morrisons Market Street Cooked Mussel Meat400g,£4.25,£1.06 per 100g,Buy 3 for £10,meat-poultry
Morrisons Market Street Cooked Seafood Selection ,Morrisons Market Street Cooked Seafood Selection 250g,£4.25,£17.00 per kg,Buy 3 for £10,meat-poultry
Morrisons Market Street Cooked Shell On Cold Water Prawns,Morrisons Market Street Cooked Sh...400g,£4.25,£1.06 per 100g,Buy 3 for £10,meat-poultry
Morrisons Market Street Raw Easy Peel Shell On Argentinian Red Shrimp,Morrisons Market Street Raw Easy Peel She...180g,£4.25,£23.61 per kg,Buy 3 for £10,meat-poultry
Morrisons Market Street Raw Peeled King Prawns,Morrisons Market Street Raw Peeled King Prawns200g,£4.25,£21.25 per kg,Buy 3 for £10,meat-poultry
Morrisons Market Street Raw Razor Clams ,Morrisons Market Street Raw Razor Clams 400g,£4.25,£1.06 per 100g,Buy 3 for £10,meat-poultry
Morrisons Market Street Raw Squid Rings,Morrisons Market Street Raw Squid Rings250g,£4.25,£17.00 per kg,Buy 3 for £10,meat-poultry
Morrisons Market Street Raw White Shell Clams,Morrisons Market Street Raw White Shell Clams400g,£4.25,£10.63 per kg,Buy 3 for £10,meat-poultry
Morrisons Market Street Raw Whole King Prawns,Morrisons Market Street Raw Whole King Prawns200g,£4.25,£21.25 per kg,Buy 3 for £10,meat-poultry
Morrisons Market Street Raw Whole Squid ,Morrisons Market Street Raw Whole Squid 300g,£4.25,£14.17 per kg,Buy 3 for £10,meat-poultry
Morrisons Market Street  Smoked Salmon,Morrisons Market Street  Smoked Salmon120g,£3.75,£3.13 per 100g,Buy 3 for £10,meat-poultry
Morrisons Market Street Whitebait,Morrisons Market Street Whitebait500g,£4.25,£8.50 per kg,Buy 3 for £10,meat-poultry
Morrisons Medium Smoked Gammon Joint,Morrisons Medium Smoked Gammon JointTypically: 2.7kg,£12.15,£4.50 per kg,,meat-poultry
Morrisons Medium Unsmoked Gammon Joint,Morrisons Medium Unsmoked Gammon JointTypically: 2.7kg,£12.15,£4.50 per kg,,meat-poultry
Morrisons Mini BBQ Pork Ribs,Morrisons Mini BBQ Pork Ribs300g,£4.39,£14.63 per kg,,meat-poultry
Morrisons Mini Chicken Breast Fillets,Morrisons Mini Chicken Breast Fillets400g,£3.49,£8.73 per kg,,meat-poultry
Morrisons Ox Heart,Morrisons Ox HeartTypically: 0.46kg,£1.61,£3.50 per kg,,meat-poultry
Morrisons Ox Liver,Morrisons Ox LiverTypically: 0.49kg,£1,£2.50 per kg,,meat-poultry
Morrisons Peppercorn Sauce,Morrisons Peppercorn Sauce200g,£1.69,£8.45 per kg,,meat-poultry
Morrisons Peri Peri Chicken Breast Fillets,Morrisons Peri Peri Chicken Breast Fillets371g,£4.50,£12.13 per kg,,meat-poultry
Morrisons Pigs Heart,Morrisons Pigs HeartTypically: 456.5g,£1.50,£3.29 per kg,,meat-poultry
Morrisons Pigs Kidney,Morrisons Pigs KidneyTypically: 365g,95p,£2.60 per kg,,meat-poultry
Morrisons Pigs Liver,Morrisons Pigs LiverTypically: 400g,96p,£2.40 per kg,,meat-poultry
Morrisons Piri Piri Spatchcock Chicken,Morrisons Piri Piri Spatchcock Chicken1.1kg,£4.99,£4.54 per kg,,meat-poultry
Morrisons Plant Revolution 2 Nice N Spicy No Chick'N Burgers,Morrisons Plant Revolution 2 Nice N...225g,£2.75,£1.22 per 100g,,meat-poultry
Morrisons Plant Revolution 6 Crispy No Chick'N Goujons,Morrisons Plant Revolution 6 Cr...210g,£3,£1.43 per 100g,,meat-poultry
Morrisons Plant Revolution 8 Streaky Rashers,Morrisons Plant Revolut...90g,£2.75,£3.06 per 100g,,meat-poultry
Morrisons Plant Revolution Thai Style Fishcakes,Morrisons Plant Revolutio...260g,£3,£1.15 per 100g,,meat-poultry
Morrisons Pork Boneless Shoulder Joint,Morrisons Pork Boneless Shoulder Joint,£4.25,,Buy 3 for £10,meat-poultry
Morrisons Pork Fillet Whole,Morrisons Pork Fillet WholeTypically: 415g,£3.11,£7.50 per kg,,meat-poultry
Morrisons Pork Riblet And Wings Sharing Pack ,Morrisons Pork Riblet And Wings Sharing Pack 925g,£5.99,£6.48 per kg,,meat-poultry
Morrisons Pork Shank Joint,Morrisons Pork Shank JointTypically: 1kg,£2.50,£2.50 per kg,,meat-poultry
Morrisons Pork Trotters,Morrisons Pork TrottersTypically: 0.75kg,£2.25,£3.00 per kg,,meat-poultry
Morrisons Rib Eye Steak,Morrisons Rib Eye Steak200g,£4.99,£24.95 per kg,,meat-poultry
Morrisons Roast Chicken Drumsticks,Morrisons Roast Chicken Drumsticks430g,£2.99,69.5p per 100g,,meat-poultry
Morrisons Roast In The Bag Extra Tasty Whole Chicken,Morrisons Roast In The Bag Ex...1.6kg,£6.49,£4.06 per kg,,meat-poultry
Morrisons Roast Thighs,Morrisons Roast Thighs450g,£3.49,77.6p per 100g,,meat-poultry
Morrisons Salt & Pepper Picanha With Garlic Butter,Morrisons Salt & Pepper Pic...Typically: 0.725kg,£10.88,£15.00 per kg,,meat-poultry
Morrisons Salt & Pepper Seasoned Lamb Meatballs ,Morrisons Salt & Pepper Seasoned Lamb Meatballs 340g,£3.50,£10.29 per kg,,meat-poultry
Morrisons Savers 2 Garlic Chicken,Morrisons Savers 2 Garlic Chicken260g,£1.99,76.5p per 100g,,meat-poultry
"Morrisons Savers Beef Steaks (May be Sirloin, Rump or Ribeye)",Morrisons Savers Beef Steaks (May b...200g,£3.25,£16.25 per kg,,meat-poultry
Morrisons Savers Breaded Chicken Goujons,Morrisons Savers Breaded Chicken Goujons270g,£1.99,73.7p per 100g,,meat-poultry
Morrisons Savers Pork Mince 20% Fat,Morrisons Savers Pork Mince 20% Fat454g,£2.13,46.9p per 100g,,meat-poultry
Morrisons Savers Unsmoked Back Bacon,Morrisons Savers Unsmoked Back Bacon250g,£1.17,£4.68 per kg,,meat-poultry
Morrisons Savers Unsmoked Gammon Steak,Morrisons Savers Unsmoked Gammon Steak250g,£1.99,£7.96 per kg,,meat-poultry
Morrisons  Scotch Mince 12% ,Morrisons  Scotch Mince 12% 750g,£4.75,£6.33 per kg,,meat-poultry
Morrisons Shell On King Prawns,Morrisons Shell On King Prawns200g,£3.75,£18.75 per kg,Buy 3 for £10,meat-poultry
Morrisons Shin Of Beef,Morrisons Shin Of Beef500g,£4,£8.00 per kg,,meat-poultry
Morrisons Sizzling Breaded Chicken Steaks,Morrisons Sizzling Breaded Chicken Steaks480g,£3.99,83.1p per 100g,,meat-poultry
Morrisons Slow Cooked BBQ Beef Burnt Ends,Morrisons Slow Cooked BBQ Beef Burnt Ends380g,£5,£13.16 per kg,,meat-poultry
Morrisons Slow Cooked BBQ Beef Burnt Ends,Morrisons Slow Cooked BBQ Beef Burnt Ends190g,£2.99,£1.57 per 100g,,meat-poultry
Morrisons Slow Cooked Beef Bourguignon,Morrisons Slow Cooked Beef Bourguignon540g,£5,92.6p per 100g,,meat-poultry
Morrisons Slow Cooked Beef Brisket Joint In Red Wine Sauce,Morrisons Slow Cooked Beef Briske...400g,£5,£12.50 per kg,,meat-poultry
Morrisons Slow Cooked Beef Joint With A Red Wine Gravy ,Morrisons Slow Cooked Beef Join...470g,£5,£10.64 per kg,,meat-poultry
Morrisons Slow Cooked Beef Stroganoff,Morrisons Slow Cooked Beef Stroganoff450g,£5,£11.11 per kg,,meat-poultry
Morrisons Slow Cooked Bourbon BBQ Rack Of Pork Ribs,Morrisons Slow Cooked Bourbon...510g,£5,£9.80 per kg,,meat-poultry
Morrisons Slow Cooked Cherrywood Smoked Pulled Pork With Memphis BBQ Sauce ,Morrisons Slow Cooked Cherrywoo...380g,£5,£13.16 per kg,,meat-poultry
Morrisons Slow Cooked Chicken Shawarma,Morrisons Slow Cooked Chicken Shawarma455g,£5,£10.99 per kg,,meat-poultry
Morrisons Slow Cooked Chicken Wings Sharing Pack,Morrisons Slow Cooked Chick...1kg,£4.99,£4.99 per kg,,meat-poultry
Morrisons Slow Cooked Duck Legs With A Cherry Hoisin Glaze,Morrisons Slow Cooked Duck Legs W...525g,£6,£11.43 per kg,,meat-poultry
Morrisons Slow Cooked Honey & Garlic Lamb Shoulder,Morrisons Slow Cooked Honey...352g,£5,£14.20 per kg,,meat-poultry
Morrisons Slow Cooked Lamb Shoulder With Mint & Balsamic Glaze ,Morrisons Slow Cooked Lamb Shoulder W...360g,£5,£13.89 per kg,,meat-poultry
Morrisons Slow Cooked Mint Gravy Lamb Shank,Morrisons Slow Cooked Mint Gravy Lamb Shank430g,£5,£11.63 per kg,,meat-poultry
Morrisons Slow Cooked Pork Belly Joint With A Sticky Asian Glaze,Morrisons Slow Cooked Pork Belly Join...400g,£5,£12.50 per kg,,meat-poultry
Morrisons Slow Cooked Sweet & Smokey BBQ Rack Of Pork Ribs ,Morrisons Slow Cooked Sweet & Smo...510g,£5,£9.80 per kg,,meat-poultry
Morrisons Small Smoked Natural Gammon Joint,Morrisons Small Smoked Natural Gammon JointTypically: 1kg,£8.70,£6.00 per kg,,meat-poultry
Morrisons Smoked Back Bacon 20 Rashers,Morrisons Smoked Back Bacon 20 Rashers600g,£4.25,£7.08 per kg,Buy 3 for £10,meat-poultry
Morrisons Smoked Back Bacon Rashers 10 Pack,Morrisons Smoked Back Bacon Rashers 10 Pack300g,£2.25,£7.50 per kg,,meat-poultry
Morrisons Smoked Bacon Loin Joint ,Morrisons Smoked Bacon Loin Joint 600g,£4.75,£7.92 per kg,,meat-poultry
Morrisons Smoked Extra Thick Rindless Back Bacon Rashers 6 Pack,Morrisons Smoked Extra Thick Rindless...300g,£2.25,£7.50 per kg,,meat-poultry
Morrisons Smoked Gammon Joint,Morrisons Smoked Gammon Joint750g,£4.25,£5.67 per kg,Buy 3 for £10,meat-poultry
Morrisons Smoked Gammon Steaks,Morrisons Smoked Gammon Steaks2 x 125g,£2,£8.00 per kg,,meat-poultry
Morrisons Smoked Horseshoe Gammon Steak,Morrisons Smoked Horseshoe Gammon Steak2 x 200g,£4.25,£10.63 per kg,,meat-poultry
Morrisons Smoked Lardons,Morrisons Smoked Lardons200g,£2.50,£12.50 per kg,"Offer price £2.50, was £2.69",meat-poultry
Morrisons Smoked Rindless Back Bacon,Morrisons Smoked Rindless Back Bacon500g,£2.25,£4.50 per kg,,meat-poultry
Morrisons Smoked Streaky Bacon 16 Rashers,Morrisons Smoked Streaky Bacon 16 Rashers225g,£2.25,£10.00 per kg,,meat-poultry
Morrisons Southern Fried Breaded Chicken Breast Fillets,Morrisons Southern Fried Breade...340g,£3.49,£10.26 per kg,,meat-poultry
Morrisons Southern Fried Chicken Mini Fillets ,Morrisons Southern Fried Chicken Mini Fillets 300g,£3.99,£13.30 per kg,,meat-poultry
Morrisons Southern Fried Chicken Portions,Morrisons Southern Fried Chicken Portions800g,£3.69,£4.61 per kg,,meat-poultry
Morrisons Space To Roam Chicken Drumsticks,Morrisons Space To Roam Chicken Drumsticks1kg,£3.49,£3.49 per kg,,meat-poultry
Morrisons Space To Roam Chicken Fillets,Morrisons Space To Roam Chicken Fillets330g,£4.15,£12.58 per kg,,meat-poultry
Morrisons Space To Roam Chicken Fillets ,Morrisons Space To Roam Chicken Fillets 600g,£6.99,£11.65 per kg,,meat-poultry
Morrisons Space To Roam Chicken Thigh Fillets,Morrisons Space To Roam Chicken Thigh Fillets600g,£5.49,£9.15 per kg,,meat-poultry
Morrisons Space To Roam Large Chicken Wholebird,Morrisons Space To Roam Large Chicken Wholebird1.75kg,£6.75,£3.86 per kg,,meat-poultry
Morrisons Space To Roam Medium Wholebird Chicken ,Morrisons Space To Roam Med...1.45kg,£5.49,£3.79 per kg,,meat-poultry
Morrisons Spanish Style Chicken Casserole,Morrisons Spanish Style Chicken Casserole1.025kg,£4.50,£4.39 per kg,,meat-poultry
Morrisons Stuffed Boneless Chicken Thighs ,Morrisons Stuffed Boneless Chicken Thighs 500g,£4.25,£8.50 per kg,,meat-poultry
Morrisons Sweet & Smokey BBQ Chicken Wings ,Morrisons Sweet & Smoke...290g,£2.99,£10.31 per kg,,meat-poultry
Morrisons Sweet & Smokey BBQ Pork Ribs,Morrisons Sweet & Smokey BBQ Pork Ribs260g,£2.99,£11.50 per kg,,meat-poultry
Morrisons Sweet BBQ Rack Of Pork Ribs ,Morrisons Sweet BBQ Rack Of Pork Ribs 460g,£4.39,£9.54 per kg,,meat-poultry
Morrisons Sweet Chilli Chicken,Morrisons Sweet Chilli Chicken390g,£4.49,£11.51 per kg,Buy 2 for £8,meat-poultry
Morrisons Tandoori Chicken Breast Fillets,Morrisons Tandoori Chicken Breast Fillets420g,£4.49,£10.69 per kg,Buy 2 for £8,meat-poultry
Morrisons Tempura Chicken Mini Fillets,Morrisons Tempura Chicken Mini Fillets300g,£3.99,£13.30 per kg,,meat-poultry
Morrisons Teriyaki Chicken Mini Fillets,Morrisons Teriyaki Chicken Mini Fillets410g,£4.25,£10.37 per kg,,meat-poultry
Morrisons The Best 10 Thick Pork Sausages,Morrisons The Best 10 Thick Pork Sausages600g,£4.25,£7.08 per kg,Buy 3 for £10,meat-poultry
Morrisons The Best 12% Fat Matured Scotch Minced Beef,Morrisons The Best 12% Fat Ma...500g,£4.45,£8.90 per kg,,meat-poultry
Morrisons The Best 20 Pork Chipolatas,Morrisons The Best 20 Pork Chipolatas560g,£4.25,£7.59 per kg,Buy 3 for £10,meat-poultry
Morrisons The Best 2 British Chuck Steak Burgers,Morrisons The Best 2 Britis...340g,£2.99,£8.79 per kg,,meat-poultry
Morrisons The Best 4 Scotch Beef Quarter Pounders,Morrisons The Best 4 Scotch...454g,£3.50,£7.71 per kg,,meat-poultry
Morrisons The Best 6 Extra Thick Dry Cured Unsmoked Back Bacon ,Morrisons The Best 6 Extra Thick Dry...240g,£2.69,£11.21 per kg,,meat-poultry
Morrisons The Best 6 Hot And Spicy Sausages,Morrisons The Best 6 Hot And Spicy Sausages400g,£3.25,£8.13 per kg,Buy 2 for £5,meat-poultry
Morrisons The Best Air Dried Smoked British Back Bacon,Morrisons The Best Air Dried Sm...200g,£2.75,£1.38 per 100g,,meat-poultry
Morrisons The Best Air Dried Unsmoked British Back Bacon,Morrisons The Best Air Dried Un...200g,£2.75,£1.38 per 100g,,meat-poultry
Morrisons The Best Beef Gravy Granules,Morrisons The Best Beef Gravy Granules200g,£1.89,94.5p per 100g,,meat-poultry
Morrisons The Best Braising Steak,Morrisons The Best Braising SteakTypically: 320g,£3.37,£10.52 per kg,,meat-poultry
Morrisons The Best Bramley Apple Sauce with Kent Cider,Morrisons The Best Bramley Appl...210g,£1.85,88.1p per 100g,,meat-poultry
Morrisons The Best British Dry Cured Unsmoked Gammon Steaks,Morrisons The Best British Dry Cu...400g,£4.50,£11.25 per kg,,meat-poultry
Morrisons The Best British Outdoor Bred Pork Fillet,Morrisons The Best British Outdoor Bred Pork FilletTypically: 0.425kg,£6.37,£14.99 per kg,,meat-poultry
Morrisons The Best Cheese & Black Pepper Sausages,Morrisons The Best Cheese &...400g,£3.25,£8.13 per kg,Buy 2 for £5,meat-poultry
Morrisons The Best Chicken Gravy Granules,Morrisons The Best Chicken Gravy Granules200g,£1.89,94.5p per 100g,,meat-poultry
Morrisons The Best Corn Fed Free Range Chicken Breast Fillets,Morrisons The Best Corn Fed Free Ra...Typically: 340g,£5.78,£16.99 per kg,,meat-poultry
Morrisons The Best Corn Fed Free Range Whole Chicken,Morrisons The Best Corn Fed F...Typically: 1.575kg,£9.91,£6.29 per kg,,meat-poultry
Morrisons The Best Cranberry Sauce,Morrisons The Best Cranberry Sauce220g,£1.85,84.1p per 100g,,meat-poultry
Morrisons The Best Cumberland Chipolata Sausages 12 Pack,Morrisons The Best Cumberland C...375g,£3.25,£8.67 per kg,Buy 2 for £5,meat-poultry
Morrisons The Best Cumberland Sausages,Morrisons The Best Cumberland Sausages540g,£2.50,£4.63 per kg,,meat-poultry
Morrisons The Best Dry Aged Beef Meatballs,Morrisons The Best Dry Aged Beef Meatballs300g,£3,£10.00 per kg,,meat-poultry
Morrisons The Best Dry Cured 8 Smoked Back Bacon,Morrisons The Best Dry Cure...200g,£3.25,£16.25 per kg,Buy 2 for £5,meat-poultry
Morrisons The Best Dry Cured Smoked Bacon ,Morrisons The Best Dry Cured Smoked Bacon 200g,£3.25,£16.25 per kg,Buy 2 for £5,meat-poultry
Morrisons The Best Dry Cured Smoked Streaky Bacon,Morrisons The Best Dry Cure...210g,£3.25,£15.48 per kg,Buy 2 for £5,meat-poultry
Morrisons The Best Dry Cured Unsmoked Streaky Bacon ,Morrisons The Best Dry Cured...210g,£3.25,£15.48 per kg,Buy 2 for £5,meat-poultry
Morrisons The Best Dry Cure Unsmoked Bacon,Morrisons The Best Dry Cure Unsmoked Bacon200g,£3.25,£16.25 per kg,Buy 2 for £5,meat-poultry
Morrisons The Best Fillet Steak,Morrisons The Best Fillet Steak200g,£7.99,£39.95 per kg,,meat-poultry
Morrisons The Best Hampshire Breed Dry Cured Unsmoked Back Bacon 8 Pack,Morrisons The Best Hampshire...200g,£3.25,£16.25 per kg,Buy 2 for £5,meat-poultry
Morrisons The Best Hampshire Breed Unsmoked Maple Cured Back Bacon,Morrisons The Best Hampshir...200g,£3.25,£16.25 per kg,Buy 2 for £5,meat-poultry
Morrisons The Best Lamb & Mint Gravy Granules,Morrisons The Best Lamb & Mint Gravy Granules200g,£1.89,94.5p per 100g,,meat-poultry
Morrisons The Best Old English Cure Bacon,Morrisons The Best Old English Cure Bacon200g,£3.25,£16.25 per kg,Buy 2 for £5,meat-poultry
Morrisons The Best Outdoor Bred Pork Loins With Chorizo & Butter,Morrisons The Best Outdoor Bred Pork...Typically: 0.425kg,£4.04,£9.50 per kg,,meat-poultry
Morrisons The Best Pigs In Blankets,Morrisons The Best Pigs In Blankets210g,£3,£14.29 per kg,Buy 2 for £5,meat-poultry
Morrisons The Best Pork Cheek With Creamy Cider Glaze,Morrisons The Best Pork Cheek...340g,£4,£11.76 per kg,,meat-poultry
Morrisons The Best Pork Chipolatas 12 Pack,Morrisons The Best Pork Chipolatas 12 Pack375g,£3.25,£8.67 per kg,Buy 2 for £5,meat-poultry
Morrisons The Best Pork Fillet Medallions With Dijonnaise Sauce,Morrisons The Best Pork Fillet Medall...420g,£4.99,£11.88 per kg,,meat-poultry
Morrisons The Best Pork Gravy Granules,Morrisons The Best Pork Gravy Granules200g,£1.89,94.5p per 100g,,meat-poultry
Morrisons The Best Pork Sausages,Morrisons The Best Pork Sausages540g,£2.50,£4.63 per kg,,meat-poultry
Morrisons The Best Reduced Fat Sausages,Morrisons The Best Reduced Fat Sausages400g,£3.25,£8.13 per kg,Buy 2 for £5,meat-poultry
Morrisons The Best Rib Eye Steak,Morrisons The Best Rib Eye Steak227g,£6.99,£30.79 per kg,,meat-poultry
Morrisons The Best Rump Steak,Morrisons The Best Rump Steak227g,£5.49,£24.19 per kg,,meat-poultry
Morrisons The Best Sirloin Steak,Morrisons The Best Sirloin Steak227g,£6.49,£28.59 per kg,,meat-poultry
Morrisons The Best Thick Cumberland Sausages,Morrisons The Best Thick Cumberland Sausages400g,£3.25,£8.13 per kg,Buy 2 for £5,meat-poultry
Morrisons The Best Thick Lincolnshire Sausages,Morrisons The Best Thick Lincolnshire Sausages400g,£3.25,£8.13 per kg,Buy 2 for £5,meat-poultry
Morrisons The Best Thick Old English Sausages,Morrisons The Best Thick Old English Sausages400g,£3.25,£8.13 per kg,Buy 2 for £5,meat-poultry
Morrisons The Best  Thick Pork & Bramley Apple Sausages,Morrisons The Best  Thick Pork...400g,£3.25,£8.13 per kg,Buy 2 for £5,meat-poultry
Morrisons The Best Thick Pork & Caramelised Onion Sausages,Morrisons The Best Thick Pork & C...400g,£3.25,£8.13 per kg,Buy 2 for £5,meat-poultry
Morrisons The Best Thick Pork Sausages,Morrisons The Best Thick Pork Sausages400g,£3.25,£8.13 per kg,Buy 2 for £5,meat-poultry
Morrisons The Best Thick Pork Sausages ,Morrisons The Best Thick Pork Sausages 1kg,£5.50,55p per 100g,,meat-poultry
Morrisons The Best Traditional British Beef Topside Joint ,Morrisons The Best Traditional Br...Typically: 0.78kg,£13.25,£16.99 per kg,,meat-poultry
Morrisons The Best Traditionally Cured Unsmoked Gammon Joint 1.25-1.6kg,Morrisons The Best Traditiona...Typically: 1.42kg,£12.78,£9.00 per kg,,meat-poultry
Morrisons Tikka Style Diced Chicken Breast,Morrisons Tikka Style Diced Chicken Breast350g,£4.25,£1.21 per 100g,Buy 3 for £10,meat-poultry
Morrisons Turkey Breast Mince,Morrisons Turkey Breast Mince500g,£4.19,£8.38 per kg,,meat-poultry
Morrisons Turkey Breast Steaks ,Morrisons Turkey Breast Steaks 400g,£4.25,£10.63 per kg,,meat-poultry
Morrisons Turkey Thigh Mince ,Morrisons Turkey Thigh Mince 500g,£2.99,£5.98 per kg,,meat-poultry
Morrisons Unsmoked 16 Back Bacon Rashers,Morrisons Unsmoked 16 Back Bacon Rashers500g,£2.25,£4.50 per kg,,meat-poultry
Morrisons Unsmoked Back Bacon 20 Rashers,Morrisons Unsmoked Back Bacon 20 Rashers600g,£4.25,£7.08 per kg,Buy 3 for £10,meat-poultry
Morrisons Unsmoked Back Bacon Rashers 10 Pack,Morrisons Unsmoked Back Bacon Rashers 10 Pack300g,£2.25,£7.50 per kg,,meat-poultry
Morrisons Unsmoked Gammon Joint,Morrisons Unsmoked Gammon Joint750g,£4.25,£5.67 per kg,Buy 3 for £10,meat-poultry
Morrisons Unsmoked Gammon Steaks,Morrisons Unsmoked Gammon Steaks2 x 125g,£2,£8.00 per kg,,meat-poultry
Morrisons Unsmoked Horseshoe Gammon Steaks,Morrisons Unsmoked Hors...2 x 200g,£4.25,£10.63 per kg,Buy 3 for £10,meat-poultry
Morrisons Unsmoked Lardons,Morrisons Unsmoked Lardons200g,£2.50,£12.50 per kg,"Offer price £2.50, was £2.69",meat-poultry
Morrisons Unsmoked Streaky Bacon 16 Rashers,Morrisons Unsmoked Streaky Bacon 16 Rashers225g,£2.25,£10.00 per kg,,meat-poultry
Morrisons Whole Chicken Large,Morrisons Whole Chicken Large1.7kg,£5.29,£3.11 per kg,,meat-poultry
Morrisons Whole Chicken Medium,Morrisons Whole Chicken Medium1.45kg,£4.99,£3.44 per kg,,meat-poultry
Morrisons Whole Lamb Leg Roast,Morrisons Whole Lamb Leg RoastTypically: 2.25kg,£30.38,£13.50 per kg,,meat-poultry
Morrisons Yorkshire Puddings,Morrisons Yorkshire Puddings180g,£1.85,£1.03 per 100g,"Offer price £1.85, was £2.10",meat-poultry
Morrison Unsmoked Gammon  Joint ,Morrison Unsmoked Gammon  Joint 1.4kg,£7.49,£5.35 per kg,,meat-poultry
Mr Crumb Sage & Onion Stuffing,Mr Crumb Sage & Onion Stuffing225g,£1.99,£8.85 per kg,"Offer price £1.99, was £2.49",meat-poultry
Oakpark Smoked Bacon Medallions 6 Pack,Oakpark Smoked Bacon Medallions 6 Pack170g,£2,£11.76 per kg,,meat-poultry
Oakpark Unsmoked Bacon Medallions 6 Pack,Oakpark Unsmoked Bacon Medallions 6 Pack170g,£2,£11.76 per kg,,meat-poultry
Pek Premium Gammon Ham,Pek Premium Gammon Ham455g,£4,87.9p per 100g,,meat-poultry
Porky Lights Low Fat Sausages 6 Pack,Porky Lights Low Fat Sausages 6 Pack400g,£3,£7.50 per kg,,meat-poultry
Porky Whites Surrey Pork Sausages,Porky Whites Surrey Pork Sausages400g,£3.20,£8.00 per kg,,meat-poultry
Quorn 6 Vegan Brilliant Bangers ,Quorn 6 Vegan Brilliant Bangers 270g,£2.65,£9.81 per kg,,meat-poultry
Quorn Lasagne ,Quorn Lasagne 380g,£3.49,£9.18 per kg,,meat-poultry
Quorn Vegan Tempura Chiqin Fillets,Quorn Vegan Tempura Chiqin Fillets200g,£3,£1.50 per 100g,,meat-poultry
Quorn Vegetarian Mince,Quorn Vegetarian Mince350g,£3.25,£9.29 per kg,,meat-poultry
Quorn Vegetarian Mozzarella & Pesto Escalopes,Quorn Vegetarian Mozzarel...240g,£3,£12.50 per kg,,meat-poultry
Quorn Vegetarian Peppered Steaks 2 Pack,Quorn Vegetarian Peppered Steaks 2 Pack196g,£3.25,£16.58 per kg,,meat-poultry
Richmond 12 Skinless Pork Sausages,Richmond 12 Skinless Pork Sausages319g,£2.30,£7.21 per kg,,meat-poultry
Richmond 12 Thick Pork Sausages,Richmond 12 Thick Pork Sausages615g,£2.25,£3.66 per kg,"Offer price £2.25, was £3.25",meat-poultry
Richmond 12 Thin Pork Sausages,Richmond 12 Thin Pork Sausages340g,£2.30,£6.76 per kg,,meat-poultry
Richmond 20 Thick Pork Sausages Twin Pack,Richmond 20 Thick Pork Sausages Twin Pack2 x 512g,£4.25,41.5p per 100g,Buy 3 for £10,meat-poultry
Richmond 8 Meat Free Vegan Sausages,Richmond 8 Meat Free Vegan Sausages336g,£2.25,67p per 100g,"Offer price £2.25, was £2.70",meat-poultry
Richmond 8 Thick Pork Sausages,Richmond 8 Thick Pork Sausages410g,£2.30,£5.61 per kg,,meat-poultry
Richmond 8 Vegan No Bacon Smoked Rashers,Richmond 8 Vegan No Bacon Smoked Rashers150g,£2.70,£18.00 per kg,,meat-poultry
Richmond No Chicken Pieces,Richmond No Chicken Pieces165g,£2.75,£1.67 per 100g,,meat-poultry
Saver Pork Sizzle Steaks,Saver Pork Sizzle Steaks350g,£2.50,71.4p per 100g,,meat-poultry
Savers Smoked Back Bacon 250G,Savers Smoked Back Bacon 250G250g,£1.17,£4.68 per kg,,meat-poultry
Simon Howie Original Haggis,Simon Howie Original Haggis454g,£2.75,£6.06 per kg,,meat-poultry
"Simon Howie Pork, Black Pudding & Apple Stuffing Balls","Simon Howie Pork, Black Pudding...300g",£3,£1.00 per 100g,,meat-poultry
Speyside Black Pudding Slices,Speyside Black Pudding Slices250g,£1.75,£7.00 per kg,,meat-poultry
Spoilt Pig Dry Cured Smoked Streaky Bacon,Spoilt Pig Dry Cured Smoked Streaky Bacon184g,£3.15,£17.12 per kg,,meat-poultry
Spoiltpig Smoked Dry Cured Back Bacon Rashers,Spoiltpig Smoked Dry Cure...184g,£3,£16.30 per kg,,meat-poultry
Spoiltpig Unsmoked Dry Cured Back Bacon Rashers,Spoiltpig Unsmoked Dry Cu...184g,£3,£16.30 per kg,,meat-poultry
Taste & Glory Meat Free Burgers,Taste & Glory Meat Free Burgers227g,£2.70,£1.19 per 100g,,meat-poultry
Taste & Glory Meat Free Sausages ,Taste & Glory Meat Free Sausages 240g,£2.70,£11.25 per kg,,meat-poultry
The Best Gourmet Collection Cherrywood Smoked Pork Belly,The Best Gourmet Collection Che...1.13kg,£12,£10.62 per kg,,meat-poultry
The Best Gourmet Collection Currywurst Sausage ,The Best Gourmet Collecti...600g,£4,£6.67 per kg,,meat-poultry
The Best Gourmet Collection Hickory Smoked Boneless Beef Ribs,The Best Gourmet Collection Hickory...700g,£10,£14.29 per kg,,meat-poultry
The Best Gourmet Collection Hickory Smoked Chicken Wings,The Best Gourmet Collection Hic...700g,£5,£7.14 per kg,,meat-poultry
The Best Gourmet Collection Smokey Pork Hot Dog,The Best Gourmet Collecti...600g,£4,£6.67 per kg,,meat-poultry
The Best Gourmet Collection Tennessee Whiskey BBQ Pork Ribs,The Best Gourmet Collection Tenne...785g,£8,£10.19 per kg,,meat-poultry
The Black Farmer Premium Pork Sausages,The Black Farmer Premium Pork Sausages400g,£3.15,£7.88 per kg,,meat-poultry
The Lions Kingdom 100 Day Age 2 Ostrich Fillet Steaks In Marinade,The Lions Kingdom 100 Day Age 2 Ostri...250g,£5.99,£23.96 per kg,,meat-poultry
The Real Yorkshire Pudding Co. 4 Gluten Free Yorkshire Puddings,The Real Yorkshire Pudding Co. 4 Glut...160g,£1.99,£1.25 per 100g,"Offer price £1.99, was £2.25",meat-poultry
The Tofoo Co. Naked Tofu,The Tofoo Co. Naked Tofu280g,£2.50,89.3p per 100g,,meat-poultry
The Tofoo Co. Naked Xl ,The Tofoo Co. Naked Xl 450g,£3.45,£7.67 per kg,,meat-poultry
The Tofoo Co. Scrambled,The Tofoo Co. Scrambled200g,£2.85,£1.43 per 100g,,meat-poultry
The Tofoo Co. Smoked Tofu,The Tofoo Co. Smoked Tofu225g,£2.50,£11.11 per kg,,meat-poultry
The Tofoo Co. Sriracha,The Tofoo Co. Sriracha280g,£2.85,£1.02 per 100g,,meat-poultry
The Vegetarian Butcher Patty On The Back,The Vegetarian Butcher Patty On The Back226g,£3.99,£1.77 per 100g,,meat-poultry
The Vegetarian Butcher Unbelievaballs,The Vegetarian Butcher Unbelievaballs170g,£3,£1.76 per 100g,,meat-poultry
The Vegetarian Butcher Vegan Magic Mince,The Vegetarian Butcher Vegan Magic Mince200g,£3,£1.50 per 100g,,meat-poultry
The Vegetarian Butcher Vegan What the Cluck,The Vegetarian Butcher Vegan What the Cluck160g,£3,£1.88 per 100g,,meat-poultry
This Isn't Bacon Plant-Based Rashers,This Isn't Bacon Plant-Based Rashers120g,£3,£2.50 per 100g,,meat-poultry
This Isn't Beef Plant Based Burgers,This Isn't Beef Plant Based Burgers226g,£2.50,£1.11 per 100g,"Offer price £2.50, was £3",meat-poultry
VBites Cheatin Rashers ,VBites Cheatin Rashers 115g,£2.35,£20.43 per kg,,meat-poultry
Vivera Veggie Shawarma Kebab,Vivera Veggie Shawarma Kebab175g,£2.59,£14.80 per kg,,meat-poultry
Wall's 6 Ready Baked Pork Sausages,Wall's 6 Ready Baked Pork Sausages240g,£2.49,£10.38 per kg,,meat-poultry
Yorkshire Sausage Company Thick Pork Sausages,Yorkshire Sausage Company...410g,£2,48.8p per 100g,,meat-poultry
Whiskas 1+ Poultry Feasts Adult Wet Cat Food Pouches in Jelly,Whiskas 1+ Poultry...40 x 85g,£13.70,40.3p per 100g,,pet-shop
Whiskas 1+ Chicken Adult Dry Cat Food,Whiskas 1+ Chicken...1.9kg,£6.00,31.6p per 100g,,pet-shop
Whiskas 1+ Lamb Adult Dry Cat Food,Whiskas 1+ Lamb A...800g,£3.30,41.3p per 100g,,pet-shop
Dreamies Creamy No Sugar Cat Treats With Chicken ,Dreamies Crea...40g,£1.15,£2.88 per 100g,,pet-shop
Pedigree Biscrok Gravy Bones Adult Dog Treats Original Biscuits,Pedigree Biscro...400g,£1.50,£3.75 per kg,"Offer price £1.50, was £2.50",pet-shop
Dreamies Creamy No Sugar Cat Treats With Salmon,Dreamies Crea...40g,£1.15,£2.88 per 100g,,pet-shop
Chappie Adult Wet Dog Food Tins Favourites In Loaf ,Chappie Adult Wet D...6 x 412g,£8.50,£3.44 per kg,,pet-shop
Whiskas 1+ Chicken Adult Dry Cat Food,Whiskas 1+ Chicken...800g,£3.30,41.3p per 100g,,pet-shop
Whiskas 1+ Poultry Feasts Adult Wet Cat Food Pouches in Jelly,Whiskas 1+ Poultry...12 x 85g,£4.50,44.1p per 100g,,pet-shop
Dreamies Cat Treat Biscuits with Chicken,Dreamies Cat Treat Bi...60g,£1.95,£32.50 per kg,Buy 2 for £2.50,pet-shop
Whiskas 1+ Mixed Menu Adult Wet Cat Food Pouches in Jelly,Whiskas 1+ Mixed...12 x 85g,£4.50,44.1p per 100g,,pet-shop
Whiskas 11+ Poultry Feasts Senior Wet Cat Food Pouches in Jelly,Whiskas 11+ Poultry...12 x 85g,£4.50,44.1p per 100g,,pet-shop
Whiskas Kitten Mixed Menu Wet Cat Food Pouches in Jelly,Whiskas Kitten Mi...12 x 85g,£4.50,44.1p per 100g,,pet-shop
Whiskas Farm Menu Adult Wet Cat Food in Jelly Tin,Whiskas Farm Menu A...6 x 400g,£7.75,32.3p per 100g,,pet-shop
Whiskas 7+ Poultry Feasts Senior Wet Cat Food Pouches in Jelly ,Whiskas 7+ Poultry...12 x 85g,£4.50,44.1p per 100g,,pet-shop
Whiskas 1+ Meaty Meals Adult Wet Cat Food Pouches in Gravy,Whiskas 1+ Meaty...12 x 85g,£4.50,44.1p per 100g,,pet-shop
Whiskas 11+ Fish Favourites Senior Wet Cat Food Pouches in Jelly,Whiskas 11+ Fish Fa...12 x 85g,£4.50,44.1p per 100g,,pet-shop
Pedigree Dentastix Daily Adult Small Dog Treats 35 x Dental Sticks ,Pedigree Dentastix Da...550g,£7.00,£1.27 per 100g,,pet-shop
Whiskas 1+ Salmon Adult Dry Cat Food,Whiskas 1+ Salmon A...800g,£3.30,41.3p per 100g,,pet-shop
Cesar Country Stew Adult Wet Dog Food Trays Special Selection,Cesar Country Stew...8 x 150g,£6.75,£5.63 per kg,,pet-shop
Morrisons Savers Liquid Disinfectant,Morrisons Savers Li...1L,33p,33p per litre,,pet-shop
Morrisons Savers Biological Laundry Liquid 28 Washes,Morrisons Saver...1L,£1.80,£1.80 per litre,,pet-shop
Morrisons Savers Biological Laundry Powder,Morrisons S...867g,£1.50,£1.73 per kg,,pet-shop
Dreamies Meaty Sticks With Chicken,Dreamies Meaty Sticks With Chicken30g,£1.15,£3.83 per 100g,,pet-shop
Pedigree Adult Wet Dog Food Tins Mixed in Gravy ,Pedigree Adult Wet Dog Food...12 x 400g,£13.75,£2.86 per kg,,pet-shop
Dreamies Meaty Sticks With Salmon,Dreamies Meaty Sticks With Salmon30g,£1.15,£3.83 per 100g,,pet-shop
Dreamies Cat Treat Biscuits with Cheese Mega Pack,Dreamies Cat Treat Biscuits...200g,£3.50,£1.75 per 100g,,pet-shop
Whiskas+ Chicken Dry Cat Food 1.9kg,Whiskas+ Chicken Dry Cat Food 1.9kg1.9kg,£6.00,£3.16 per kg,,pet-shop
Whiskas 1+ Meaty Meals Adult Wet Cat Food Pouches in Jelly,Whiskas 1+ Meaty Meals...12 x 85g,£4.50,44.1p per 100g,,pet-shop
Catsan Hygiene Non-Clumping Odour Control  Cat Litter,Catsan Hygiene Non-Clumping O...10L,£9,90p per litre,,pet-shop
Catsan Hygiene Non-Clumping Odour Control Cat Litter ,Catsan Hygiene Non-Clumping O...20L,£16.99,85p per litre,,pet-shop
Morrisons Premium Pate With Chicken For Adult Dogs ,Morrisons Premium Pate With C...300g,99p,£3.30 per kg,,pet-shop
Whiskas 1+ Chef's Choice Mix Adult Wet Cat Food Pouches in Gravy,Whiskas 1+ Chef's Choice Mix Adult We...40 x 85g,£13.70,40.3p per 100g,,pet-shop
Whiskas 1+ Duo Surf and Turf Adult Wet Cat Food Pouches in Jelly,Whiskas 1+ Duo Surf and Turf Adult We...40 x 85g,£13.70,40.3p per 100g,,pet-shop
Whiskas 1+ Mixed Menu Adult Wet Cat Food Pouches in Jelly,Whiskas 1+ Mixed Menu Adult Wet C...40 x 85g,£13.70,40.3p per 100g,,pet-shop
Whiskas 1+ Poultry Feasts Adult Wet Cat Food Pouches in Jelly,Whiskas 1+ Poultry Feasts Adult Wet...80 x 85g,£26,38.2p per 100g,,pet-shop
AATU Adult Dog Food Wet Tins Mixed Case,AATU Adult Dog Food Wet Tins Mixed Case6 x 400g,£17.05,71p per 100g,,pet-shop
AATU Dog 80/20 Chicken ,AATU Dog 80/20 Chicken 1kg,£10,£1.00 per 100g,,pet-shop
AATU Dog 80/20 Salmon & Herring,AATU Dog 80/20 Salmon & Herring1kg,£10,£1.00 per 100g,,pet-shop
AATU Grain Free Adult Chicken & Pheasant Wet Cat Food Pouches,AATU Grain Free Adult Chicken & Phe...10 x 85g,£14,£1.65 per 100g,,pet-shop
AATU Grain Free Adult Chicken & Quail Wet Cat Food Pouches,AATU Grain Free Adult Chicken & Q...10 x 85g,£14,£1.65 per 100g,,pet-shop
,,,,,
,,,,,
,,,,,
,,,,,
,,,,,
,,,,,
Animology Derma Dog Shampoo,Animology Derma Dog Shampoo250ml,£5,£2.00 per 100ml,,
Animology Dirty Dawg No Rinse Shampoo,Animology Dirty Dawg No Rinse Shampoo250ml,£5,£2.00 per 100ml,,
Animology Essentials Honey & Shea Dog Shampoo,Animology Essentials Hone...250ml,£3,£1.20 per 100ml,,
Animology Essentials Honey & Shea Dog Spray,Animology Essentials Honey & Shea Dog Spray250ml,£3,£1.20 per 100ml,,
Animology Essentials Oatmeal Dog Shampoo,Animology Essentials Oatmeal Dog Shampoo250ml,£3,£1.20 per 100ml,,
Animology Essentials Olive & Walnut Shampoo,Animology Essentials Olive & Walnut Shampoo250ml,£3,£1.20 per 100ml,,
Animology Essentials Perfect Puppy Shampoo,Animology Essentials Perfect Puppy Shampoo250ml,£3,£1.20 per 100ml,,
Animology Knot Sure De-Tangle Spray,Animology Knot Sure De-Tangle Spray250ml,£5,£2.00 per 100ml,,
Animology Puppy Love Shampoo,Animology Puppy Love Shampoo250ml,£5,£2.00 per 100ml,,
Animology White Wash Dog Shampoo,Animology White Wash Dog Shampoo250ml,£5,£2.00 per 100ml,,
Aquarian Goldfish Food Flakes,Aquarian Goldfish Food Flakes50g,£3.50,£70.00 per kg,,
Aquarian Goldfish Food Flakes,Aquarian Goldfish Food Flakes25g,£2,£80.00 per kg,,
Aquarian Tropical Fish Food Flakes,Aquarian Tropical Fish Food Flakes50g,£4.70,£94.00 per kg,,
Arden Grange Adult Chicken & Rice Dry Dog Food,Arden Grange Adult Chicke...2kg,£10.75,£5.38 per kg,,
Arden Grange Adult Lamb & Rice Dry Dog Food,Arden Grange Adult Lamb & Rice Dry Dog Food2kg,£10.85,£5.43 per kg,,
Arden Grange Senior Chicken & Rice Dry Dog Food,Arden Grange Senior Chick...2kg,£11,£5.50 per kg,,
Bakers Allsorts Dog Treat Chicken & Beef,Bakers Allsorts Dog Treat Chicken & Beef98g,£1.10,£11.22 per kg,Buy 2 for £2,
Bakers Dental Delicious Large Dog Chews Chicken,Bakers Dental Delicious Large Dog Chews Chicken270g,£2.20,£8.15 per kg,,
Bakers Dental Delicious Medium Dog Chews Chicken,Bakers Dental Delicious Med...200g,£2.20,£11.00 per kg,,
Bakers Dog Treats Valentines Tin,Bakers Dog Treats Valentines Tin,£4.50,,,
Bakers Dry Dog Food Beef & Veg,Bakers Dry Dog Food Beef & Veg1.2kg,£4,£3.33 per kg,,
Bakers Dry Dog Food Beef & Veg,Bakers Dry Dog Food Beef & Veg3kg,£8,£2.67 per kg,,
Bakers Dry Dog Food Chicken & Veg,Bakers Dry Dog Food Chicken & Veg1.2kg,£4,£3.33 per kg,,
Bakers Dry Dog Food Chicken & Veg,Bakers Dry Dog Food Chicken & Veg3kg,£8,£2.67 per kg,,
Bakers Meaty Meals Adult Dry Dog Food Beef,Bakers Meaty Meals Adult Dry Dog Food Beef1kg,£4,£4.00 per kg,,
Bakers Meaty Meals Adult Dry Dog Food Chicken,Bakers Meaty Meals Adult Dry Dog Food Chicken2.7kg,£8.75,£3.24 per kg,,
Bakers Meaty Meals Adult Dry Dog Food Chicken,Bakers Meaty Meals Adult Dry Dog Food Chicken1kg,£4,£4.00 per kg,,
Bakers Meaty Meals Adult Small Dry Dog Food Beef,Bakers Meaty Meals Adult Small Dry Dog Food Beef1kg,£4,£4.00 per kg,,
Bakers Meaty Meals Adult Small Dry Dog Food Chicken,Bakers Meaty Meals Adult Smal...1kg,£4,£4.00 per kg,,
Bakers Meaty Twists,Bakers Meaty Twists180g,£2,£11.11 per kg,,
Bakers Mini Bones Chicken Dog Treat,Bakers Mini Bones Chicken Dog Treat94g,£1.10,£11.70 per kg,Buy 2 for £2,
Bakers Puppy Dry Dog Food Chicken & Veg,Bakers Puppy Dry Dog Food Chicken & Veg1.1kg,£4,£3.64 per kg,,
Bakers Puppy Dry Dog Food Chicken & Veg,Bakers Puppy Dry Dog Food Chicken & Veg2.85kg,£8,£2.81 per kg,,
Bakers Rewards Dog Treat Mixed Variety,Bakers Rewards Dog Treat Mixed Variety100g,£1.10,£11.00 per kg,Buy 2 for £2,
Bakers Senior Dry Dog Food Chicken & Veg,Bakers Senior Dry Dog Food Chicken & Veg2.85kg,£8,£2.81 per kg,,
Bakers Senior With Tasty Chicken & Vegetables & Wholegrain,Bakers Senior With Tasty Chicken...1.1kg,£4,£3.64 per kg,,
Bakers Sizzlers Dog Treat Bacon,Bakers Sizzlers Dog Treat Bacon185g,£2,£10.81 per kg,,
Bakers Sizzlers Dog Treat Bacon,Bakers Sizzlers Dog Treat Bacon90g,£1.50,£1.67 per 100g,Buy 2 for £2,
Bakers Small Dog Dry Dog Food Beef & Veg,Bakers Small Dog Dry Dog Food Beef & Veg10kg,£27,27p per 100g,,
Bakers Small Dog Food Chicken & Veg,Bakers Small Dog Food Chicken & Veg1.1kg,£4,£3.64 per kg,,
Bakers Small Dry Dog Food Beef & Veg,Bakers Small Dry Dog Food Beef & Veg1.1kg,£4,£3.64 per kg,,
Bakers Small Dry Dog Food Beef & Veg,Bakers Small Dry Dog Food Beef & Veg2.85kg,£8,£2.81 per kg,,
Bakers Small Dry Dog Food Chicken & Veg,Bakers Small Dry Dog Food Chicken & Veg2.85kg,£8,£2.81 per kg,,
Bakers Weight Control Dry Dog Food Chicken,Bakers Weight Control Dry Dog Food Chicken2.8kg,£8,£2.86 per kg,,
Bakers Whirlers Dog Treat Bacon & Cheese,Bakers Whirlers Dog Treat Bacon & Cheese270g,£2,£7.41 per kg,,
Bakers Whirlers Dog Treat Bacon & Cheese,Bakers Whirlers Dog Treat Bacon & Cheese130g,£1.50,£1.15 per 100g,Buy 2 for £2,
Bakers With Tasty Chicken & Country Vegetables Adult Complete,Bakers With Tasty Chicken...12kg,£28,£2.33 per kg,,
Barking Heads Adult Dog Food Wet Pouches Variety Pack,Barking Heads Adult Dog Food...6 x 300g,£11.30,62.8p per 100g,,
Barking Heads Bowl Lickin' Chicken Adult Dry Dog Food,Barking Heads Bowl Lickin' Ch...6.5kg,£44.80,£6.89 per kg,,
Barking Heads Chop Lickin' Lamb,Barking Heads Chop Lickin' Lamb1kg,£7.50,£7.50 per kg,,
Barking Heads Chop Lickin' Lamb Adult Dry Dog Food,Barking Heads Chop Lickin'...2kg,£15,£7.50 per kg,,
Barking Heads Chop Lickin' Lamb Wet Dog Food Pouch,Barking Heads Chop Lickin'...300g,£2.50,83.3p per 100g,,
Barking Heads Fat Dog Slim,Barking Heads Fat Dog Slim1kg,£7.50,£7.50 per kg,,
Barking Heads Fat Dog Slim Adult Dry Dog Food,Barking Heads Fat Dog Slim Adult Dry Dog Food2kg,£15,£7.50 per kg,,
Barking Heads Fat Dog Slim Wet Dog Food Pouch,Barking Heads Fat Dog Slim Wet Dog Food Pouch300g,£2.50,83.3p per 100g,,
Barking Heads Floss & Gloss Medium Breed Dog Dental Sticks 5 Pack,Barking Heads Floss & Gloss Medium Br...150g,£3,£2.00 per 100g,,
Barking Heads Floss & Gloss Small Breed Dog Dental Sticks 5 Pack,Barking Heads Floss & Gloss Small Bre...100g,£2.30,£2.30 per 100g,,
Barking Heads Golden Years Senior Dry Dog Food,Barking Heads Golden Year...2kg,£15,£7.50 per kg,,
Barking Heads Little Paws Beef Waggington with Chicken Dry Dog Food,Barking Heads Little Paws Beef Waggingt...1kg,£7.50,£7.50 per kg,,
Barking Heads Little Paws Beef with Chicken & Salmon Wet Dog Food,Barking Heads Little Paws Beef with C...150g,£1.50,£1.00 per 100g,,
Barking Heads Little Paws Bowl Lickin' Chicken with Salmon Dry Dog Food,Barking Heads Little Paws Bowl Lickin' Ch...1kg,£7.50,£7.50 per kg,,
Barking Heads Little Paws Chicken with Turkey Wet Dog Food,Barking Heads Little Paws Chicken...150g,£1.50,£1.00 per 100g,,
Barking Heads Little Paws Golden Years with Chicken Dry Dog Food,Barking Heads Little Paws Golden Year...1kg,£7.50,£7.50 per kg,,
Barking Heads Plant-Powered Pooches Adult Dry Dog Food,Barking Heads Plant-Powered Poo...1kg,£7.50,£7.50 per kg,,
Barking Heads Pooched Salmon Adult Dry Dog Food,Barking Heads Pooched Sal...6.5kg,£45,£6.92 per kg,,
Barking Heads Puppy Days Grain Free Dry Dog Food,Barking Heads Puppy Days Gr...1kg,£7.50,£7.50 per kg,,
Barking Heads Top Dog Turkey Wet Dog Food Pouch,Barking Heads Top Dog Tur...300g,£2.50,83.3p per 100g,,
Beaphar Banana Nibbly Bitz For Small Animals,Beaphar Banana Nibbly Bitz For Small Animals50g,£1.70,£34.00 per kg,,
Beaphar One Dose Wormer For Medium Dogs,Beaphar One Dose Wormer For Medium Dogs2 per pack,£7,£3.50 each,,
Bob Martin Cat Litter Tray,Bob Martin Cat Litter Tray,£4.50,,,
Bob Martin Clear 3 In 1 Wormer Tablets For Dogs,Bob Martin Clear 3 In 1 Wormer Tablets For Dogs2 per pack,£8,£4.00 each,,
Bob Martin Clear 3 In 1 Wormer Tablets for Dogs 4PK,Bob Martin Clear 3 In 1 Worme...,£13,,"Offer price £13, was £14",
Bob Martin Clear Flea & Tick Dog Collar ,Bob Martin Clear Flea & Tick Dog Collar ,£6,,,
Bob Martin Clear Flea & Tickspot On Cat,Bob Martin Clear Flea & Tickspot On Cat,£9,,,
Bob Martin Clear Flea Cat Collar,Bob Martin Clear Flea Cat Collar,£4.50,,,
Bob Martin Clear Flea Shampoo for Dogs & Puppies ,Bob Martin Clear Flea Shamp...150ml,£2.75,£1.83 per 100ml,,
Bob Martin Clear Flea Tablets for Cats - 3 treatments,Bob Martin Clear Flea Tablets...3 per pack,£5,£1.67 each,"Offer price £5, was £6",
Bob Martin Clear Flea Tablets for Large Dogs over 11kg - 3 treatments,Bob Martin Clear Flea Tablets for Large D...,£5.75,,"Offer price £5.75, was £6.50",
Bob Martin Clear Flea Tablets Small Dog,Bob Martin Clear Flea Tablets Small Dog3 per pack,£4.50,£1.50 each,"Offer price £4.50, was £5",
Bob Martin Clear Pc Free Flea Spray,Bob Martin Clear Pc Free Flea Spray300ml,£5,£16.67 per litre,,
Bob Martin Clear Plus Spot - On For Cats And Ferrets,Bob Martin Clear Plus Spot...,£10.50,,,
Bob Martin Clear Plus Spot - On For Large Dogs,Bob Martin Clear Plus Spot - On For Large Dogs,£11,,,
Bob Martin Clear Plus Spot - On For Medium Dogs,Bob Martin Clear Plus Spo...,£10,,,
Bob Martin Clear Plus Spot On For Small Dogs,Bob Martin Clear Plus Spot On For Small Dogs,£8,,,
Bob Martin Felight Cat Litter,Bob Martin Felight Cat Litter20L,£12,60p per litre,,
Bob Martin Home Flea Spray Plus 500ml,Bob Martin Home Flea Spray Plus 500ml500ml,£8.75,£17.50 per litre,,
Bob Martin Spot On Cats Dewormer,Bob Martin Spot On Cats Dewormer2 per pack,£5,£2.50 each,"Offer price £5, was £5.75",
Bob Martin Velvet Flea Collar For Cats,Bob Martin Velvet Flea Collar For Cats2 per pack,£7,£3.50 each,,
Bonio Biscuits Chicken Flavour Dog Food,Bonio Biscuits Chicken Flavour Dog Food650g,£2.20,£3.38 per kg,,
Bonio The Original Biscuits Dog Food,Bonio The Original Biscuits Dog Food650g,£2.20,£3.38 per kg,,
Brambles Crunchy Hedgehog Food,Brambles Crunchy Hedgehog Food,£6,£6.67 per kg,,
Brambles Floating Swan & Duck Food,Brambles Floating Swan & Duck Food1.75kg,£8,£4.57 per kg,,
"Brit Bites Natural Baked Dog Treats With Banana, Honey & Oats",Brit Bites Natural Baked Dog Treats...175g,£1.75,£1.00 per 100g,,
Brit Bites Natural Baked Dog Treats With Chicken & Pumpkin,Brit Bites Natural Baked Dog Trea...175g,£1.75,£10.00 per kg,,
Brit Bites Natural Baked Dog Treats With Country Vegetables,Brit Bites Natural Baked Dog Trea...175g,£1.75,£10.00 per kg,,
"Brit Bites Natural Baked Dog Treats With Lamb, Pea and Added Mint",Brit Bites Natural Baked Dog Treats W...175g,£1.75,£1.00 per 100g,,
Burgess Excel Feeding Hay ,Burgess Excel Feeding Hay 500g,£3.60,£7.20 per kg,,
Butcher's Healthy Heart Dog Food Tins,Butcher's Healthy Heart Dog Food Tins6 x 390g,£5.75,24.6p per 100g,,
Butcher's Healthy Heart Dog Food Trays,Butcher's Healthy Heart Dog Food Trays12 x 150g,£6,33.3p per 100g,"Offer price £6, was £6.75",
Butcher's Joints & Coat Dog Food Tins ,Butcher's Joints & Coat Dog Food Tins 6 x 390g,£5.75,24.6p per 100g,,
Butcher's Joints & Coat Dog Food Trays ,Butcher's Joints & Coat Dog Food Trays 12 x 150g,£6,£3.33 per kg,"Offer price £6, was £6.75",
Butcher's Joints & Coat Treats,Butcher's Joints & Coat Treats80g,£2.25,£2.81 per 100g,,
Butcher's Lean & Tasty Low Fat Dog Food Tins,Butcher's Lean & Tasty Low Fat Dog Food Tins12 x 400g,£10.50,£2.19 per kg,,
Butcher's Lean & Tasty Low Fat Dog Food Trays,Butcher's Lean & Tasty Low Fat Dog Food Trays12 x 150g,£6,£3.33 per kg,"Offer price £6, was £6.75",
Butcher's Lean & Tasty Treats,Butcher's Lean & Tasty Treats80g,£2.25,£2.81 per 100g,,
Butcher's Loaf Recipes Dog Food Tins,Butcher's Loaf Recipes Dog Food Tins6 x 390g,£5.75,£2.46 per kg,,
Butcher's Puppy Perfect Dog Food Tins,Butcher's Puppy Perfect Dog Food Tins6 x 400g,£5.75,£2.40 per kg,,
Butcher's Recipes in Gravy Dog Food Tins,Butcher's Recipes in Gravy Dog Food Tins6 x 400g,£5.75,£2.40 per kg,,
Butcher's Recipes in Gravy Dog Food Tins,Butcher's Recipes in Gravy Dog Food Tins12 x 400g,£10.50,£2.19 per kg,,
Butcher's Recipes in Jelly Dog Food Tins ,Butcher's Recipes in Jelly Dog Food Tins 12 x 400g,£10.50,£2.19 per kg,,
Butcher's Recipes in Jelly Dog Food Tins,Butcher's Recipes in Jelly Dog Food Tins6 x 400g,£5.75,£2.40 per kg,,
Butcher's Simply Gentle Dog Food Tins,Butcher's Simply Gentle Dog Food Tins6 x 390g,£5.75,£2.46 per kg,,
Butcher's Simply Gentle Dog Food Trays ,Butcher's Simply Gentle Dog Food Trays 12 x 150g,£6,£3.33 per kg,"Offer price £6, was £6.75",
Butcher's Simply Gentle Treats,Butcher's Simply Gentle Treats80g,£2.25,£2.81 per 100g,,
Butcher's Succulent Recipes Dog Food Trays,Butcher's Succulent Recipes Dog Food Trays4 x 150g,£2.60,43.3p per 100g,,
Butcher's Succulent Recipes Dog Food Trays,Butcher's Succulent Recipes Dog Food Trays12 x 150g,£6,33.3p per 100g,"Offer price £6, was £6.75",
Butcher's Traditional Recipes Dog Food Trays,Butcher's Traditional Recipes Dog Food Trays4 x 150g,£2.60,43.3p per 100g,,
Butcher's Traditional Recipes Dog Food Trays,Butcher's Traditional Recipes Dog Food Trays12 x 150g,£6,33.3p per 100g,"Offer price £6, was £6.75",
Butcher's Tripe Dog Food Tin,Butcher's Tripe Dog Food Tin400g,99p,£2.48 per kg,,
Butcher's Tripe Dog Food Tins,Butcher's Tripe Dog Food Tins6 x 400g,£5.75,£2.40 per kg,,
Butcher's Tripe Loaf Recipes Dog Food Tins,Butcher's Tripe Loaf Recipes Dog Food Tins12 x 400g,£10.50,£2.19 per kg,,
Butcher's Tripe Loaf Recipes Dog Food Tins,Butcher's Tripe Loaf Recipes Dog Food Tins6 x 400g,£5.75,£2.40 per kg,,
Catit Creamy Lickable Cat Treats Chicken,Catit Creamy Lickable Cat Treats Chicken4 x 10g,£2.05,£5.13 per 100g,,
Catit Creamy Lickable Cat Treats Salmon & Prawn,Catit Creamy Lickable Cat Treats Salmon & Prawn4 x 10g,£2.05,£5.13 per 100g,,
Catit Creamy Lickable Treats Chicken & Lamb,Catit Creamy Lickable Treats Chicken & Lamb4 x 10g,£2.05,£5.13 per 100g,,
Catit Creamy Lickable Treats Tuna,Catit Creamy Lickable Treats Tuna4 x 10g,£2.05,£5.13 per 100g,,
Catit Divine Shreds Chicken with Liver Wet Cat Food,Catit Divine Shreds Chicken w...75g,£1.50,£2.00 per 100g,,
Catit Fish Dinner Whitefish & Pumpkin Wet Cat Food,Catit Fish Dinner Whitefish...80g,£1.50,£1.88 per 100g,,
Catit Flower Fountain with LED Nightlight,Catit Flower Fountain with LED Nightlight,£32.15,£32.15 each,,
Catit Fresh & Clear Pet Luxury Water Fountain Replacement Cartridges,Catit Fresh & Clear Pet Luxury Water Fo...,£8.50,£8.50 each,,
Catit Go Natural Wood Cat Litter 15L,Catit Go Natural Wood Cat Litter 15L,£16,£16.00 each,,
Catit Go Natural Wood Cat Litter 6L,Catit Go Natural Wood Cat Litter 6L,£7,£7.00 each,,
Catit Mini Fountain Replacement Filter 3 Pack,Catit Mini Fountain Replacement Filter 3 Pack,£4.80,£4.80 each,,
Catit Nibbly Grills Chicken & Lobster Cat Treat,Catit Nibbly Grills Chicken & Lobster Cat Treat30g,£2.05,£6.83 per 100g,,
Catit Nibbly Grills Chicken & Prawn Cat Treat,Catit Nibbly Grills Chicken & Prawn Cat Treat30g,£2.05,£6.83 per 100g,,
Catit Nibbly Grills Chicken & Scallop Cat Treat,Catit Nibbly Grills Chicken & Scallop Cat Treat30g,£2.05,£6.83 per 100g,,
Catit Nibbly Jerk Chicken & Fish Cat Treat,Catit Nibbly Jerk Chicken & Fish Cat Treat30g,£2.05,£6.83 per 100g,,
Catit Nibbly Jerk Chicken Cat Treat,Catit Nibbly Jerk Chicken Cat Treat30g,£2.05,£6.83 per 100g,,
Catit Nibbly Wraps Chicken & Fish Cat Treat,Catit Nibbly Wraps Chicken & Fish Cat Treat30g,£2.05,£6.83 per 100g,,
Catit Play Circuit Ball Red Cat Toy,Catit Play Circuit Ball Red Cat Toy,£13.30,£13.30 each,,
Catit Play Circuit Massage Blue Cat Toy,Catit Play Circuit Massage Blue Cat Toy,£12.75,£12.75 each,,
Catit Play Treat Spinner Cat Toy,Catit Play Treat Spinner Cat Toy,£10.30,£10.30 each,,
Catit Play Tumbler Bee Cat Toy,Catit Play Tumbler Bee Cat Toy,£11.90,£11.90 each,,
Catit Senses Super Roller Circuit Cat Toy,Catit Senses Super Roller Circuit Cat Toy,£17.20,£17.20 each,,
Catit Treat Ball -Blue,Catit Treat Ball -Blue,£5.80,£5.80 each,,
Catit Treat Ball  Pink,Catit Treat Ball  Pink,£4.55,£4.55 each,,
Catit Voyageur Carrier Small Cherry Red,Catit Voyageur Carrier Small Cherry Red,£25,£25.00 each,,
Catit Voyageur Carrier Small Turquoise,Catit Voyageur Carrier Small Turquoise,£25,£25.00 each,,
Catkins Retractable Wand Cat Teaser,Catkins Retractable Wand Cat Teaser,£5,£5.00 each,,
Catsan Hygiene Non-Clumping Odour Control  Cat Litter,Catsan Hygiene Non-Clumping O...10L,£9,90p per litre,,
Catsan Hygiene Non-Clumping Odour Control Cat Litter ,Catsan Hygiene Non-Clumping O...20L,£16.99,85p per litre,,
Catsan Hygiene Non-Clumping Odour Control Cat Litter,Catsan Hygiene Non-Clumping O...5L,£6.75,£1.35 per litre,,
Catsan Hygiene Smart Pack 2x Inlays Cat Litter Dust-Free Litter Tray Liner,Catsan Hygiene Smart Pack 2x Inlays Cat Lit...,£10.25,,,
Catsan Ultra Clumping Odour Control Cat Litter ,Catsan Ultra Clumping Odour Control Cat Litter 5L,£10,£2.00 per litre,,
Cat's Best Original Clumping Cat Litter,Cat's Best Original Clumping Cat Litter,£10.50,£1.05 per litre,,
Cat's Best Sensitive Clumping Cat Litter,Cat's Best Sensitive Clumping Cat Litter8L,£9.20,£1.15 per litre,,
Cat's Best Universal Strawberry Non-Clumping Cat Litter & Small Pet Bedding,Cat's Best Universal Strawberry...10L,£7.50,75p per litre,,
Cesar Classics Terrine Dog Food Trays Mixed In Loaf,Cesar Classics Terrine Dog Food Trays Mixed In Loaf8 x 150g,£6.75,£5.63 per kg,,
Cesar Country Stew Adult Wet Dog Food Trays Special Selection,Cesar Country Stew Adult Wet Dog Fo...8 x 150g,£6.75,£5.63 per kg,,
Cesar Deliciously Fresh Dog Food Pouches Mixed Selection In Sauce,Cesar Deliciously Fresh Dog Food Pouc...12 x 100g,£6.75,56.3p per 100g,,
Cesar Garden Terrine Dog Food Tray Mixed in Loaf ,Cesar Garden Terrine Dog Food Tray Mixed in Loaf 8 x 150g,£6.75,£5.63 per kg,,
Cesar Hearty Casserole Adult Wet Dog Food Trays Mixed ,Cesar Hearty Casserole Adult We...8 x 150g,£5.70,£4.75 per kg,,
Cesar Juicy Hotpot Adult Wet Dog Food Trays Mixed in Gravy,Cesar Juicy Hotpot Adult Wet Dog...8 x 150g,£6.75,56.3p per 100g,,
Cesar Senior Wet Dog Food Pouches Mixed Selection in Jelly,Cesar Senior Wet Dog Food Pouches...12 x 100g,£6.75,56.3p per 100g,,
Cesar Senior Wet Dog Food Trays Meat in Delicate Jelly ,Cesar Senior Wet Dog Food Trays...8 x 150g,£6.75,56.3p per 100g,,
Chappie Adult Wet Dog Food Tin Original In Loaf ,Chappie Adult Wet Dog Food Tin Original In Loaf 412g,£1.50,£3.64 per kg,,
Chappie Adult Wet Dog Food Tins Chicken & Rice In Loaf,Chappie Adult Wet Dog Food Tins...6 x 412g,£8.50,34.4p per 100g,,
Chappie Adult Wet Dog Food Tins Favourites In Loaf ,Chappie Adult Wet Dog Food Ti...6 x 412g,£8.50,£3.44 per kg,,
Chappie Complete Adult Dry Dog Food Chicken & Wholegrain Cereal,Chappie Complete Adult Dry Dog Food C...3kg,£9,£3.00 per kg,,
Chappie Complete Adult Dry Dog Food Chicken & Wholegrain Cereal,Chappie Complete Adult Dry Dog Food C...3kg,£9,£3.00 per kg,,
Chappie Dog Food,Chappie Dog Food24 x 412g,£27,27.3p per 100g,,
Chipsi Apple Shavings,Chipsi Apple Shavings1kg,£2.50,£2.50 per kg,,
CJ Wildlife Four Seasons Seed Blend,CJ Wildlife Four Seasons Seed Blend1.55kg,£4,£1.29 per 500g,,
CJ Wildlife Garden Bird Seed Mix,CJ Wildlife Garden Bird Seed Mix3L,£3,£1.00 per litre,,
CJ Wildlife London Squirrel Resistant Wild Bird Seed Feeder,CJ Wildlife London Squirrel Resis...,£15,£15.00 each,,
C J Wildlife Nyjer Seed,C J Wildlife Nyjer Seed1.64kg,£6,£3.66 per kg,,
CJ Wildlife Oil Rich Wild Bird Peanuts,CJ Wildlife Oil Rich Wild Bird Peanuts,£4,£4.44 per kg,,
CJ Wildlife Squirrel Resistant Wild Bird Peanut Feeder,CJ Wildlife Squirrel Resistant...,£15,£15.00 each,,
CJ Wildlife Wild Bird Coconut Halves 4pk,CJ Wildlife Wild Bird Coconut Halves 4pk,£6.99,£6.99 each,,
CJ Wildlife Wild Bird Table Seed,CJ Wildlife Wild Bird Table Seed,£2.50,£2.78 per kg,,
Company of Animals Treat Bag Black,Company of Animals Treat Bag Black,£8.99,£8.99 each,,
Dawn Chorus Suet Candle,Dawn Chorus Suet Candle420g,£1.50,35.7p per 100g,,
Dawn Chorus Wild Bird Mini Cob,Dawn Chorus Wild Bird Mini Cob225g,£1,44.4p per 100g,,
Dentalife Chicken Cat Treats ,Dentalife Chicken Cat Treats 140g,£4.20,£30.00 per kg,,
Dentalife Daily Oral Care Chews Large Dogs 6 Pack,Dentalife Daily Oral Care Chews Large Dogs 6 Pack106g,£5.25,£4.95 per 100g,,
DENTALIFE Dental Cat Treat Chicken,DENTALIFE Dental Cat Treat Chicken40g,£1.45,£3.63 per 100g,Buy 2 for £2,
DENTALIFE Dental Cat Treat Salmon,DENTALIFE Dental Cat Treat Salmon40g,£1.45,£3.63 per 100g,Buy 2 for £2,
DENTALIFE Large Dog Treat Dental Chew,DENTALIFE Large Dog Treat Dental Chew142g,£1.30,£9.15 per kg,Buy 2 for £2,
DENTALIFE Medium Dog Treat Dental Chew,DENTALIFE Medium Dog Treat Dental Chew115g,£1.30,£11.30 per kg,Buy 2 for £2,
DENTALIFE Medium Dog Treat Dental Chew,DENTALIFE Medium Dog Treat Dental Chew552g,£5.25,95.1p per 100g,,
DENTALIFE Small Dog Treat Dental Chew,DENTALIFE Small Dog Treat Dental Chew115g,£1.30,£11.30 per kg,Buy 2 for £2,
DENTALIFE Small Dog Treat Dental Chew,DENTALIFE Small Dog Treat Dental Chew490g,£5.25,£1.07 per 100g,,
Deyongs Churchill Faux Fur Throw Caramel,Deyongs Churchill Faux Fur Throw Caramel,£114.65,£114.65 each,,
Deyongs Snuggle Touch Throw Blue,Deyongs Snuggle Touch Throw Blue,£22.60,£22.60 each,,
Deyongs Snuggle Touch Throw Dark Green,Deyongs Snuggle Touch Throw Dark Green,£22.60,£22.60 each,,
Deyongs Snuggle Touch Throw Navy,Deyongs Snuggle Touch Throw Navy,£22.60,£22.60 each,,
Dreamies Cat Treat Biscuits with Beef ,Dreamies Cat Treat Biscuits with Beef 60g,£1.95,£32.50 per kg,Buy 2 for £2.50,
Dreamies Cat Treat Biscuits with Catnip,Dreamies Cat Treat Biscuits with Catnip60g,£1.95,£32.50 per kg,Buy 2 for £2.50,
Dreamies Cat Treat Biscuits with Catnip,Dreamies Cat Treat Biscuits with Catnip200g,£3.50,£17.50 per kg,,
Dreamies Cat Treat Biscuits with Cheese,Dreamies Cat Treat Biscuits with Cheese60g,£1.95,£32.50 per kg,Buy 2 for £2.50,
Dreamies Cat Treat Biscuits with Cheese Bulk Mega Tub,Dreamies Cat Treat Biscuits w...350g,£5.70,£1.63 per 100g,,
Dreamies Cat Treat Biscuits with Cheese Mega Pack,Dreamies Cat Treat Biscuits...200g,£3.50,£1.75 per 100g,,
Dreamies Cat Treat Biscuits with Chicken,Dreamies Cat Treat Biscuits with Chicken60g,£1.95,£32.50 per kg,Buy 2 for £2.50,
Dreamies Cat Treat Biscuits With Chicken Bulk Mega Tub ,Dreamies Cat Treat Biscuits Wit...350g,£5.70,£1.63 per 100g,,
Dreamies Cat Treat Biscuits with Chicken Mega Pack,Dreamies Cat Treat Biscuits...200g,£3.50,£1.75 per 100g,,
Dreamies Cat Treat Biscuits with Duck,Dreamies Cat Treat Biscuits with Duck60g,£1.95,£32.50 per kg,Buy 2 for £2.50,
Dreamies Cat Treat Biscuits with Salmon Flavour ,Dreamies Cat Treat Biscuits...60g,£1.95,£32.50 per kg,Buy 2 for £2.50,
Dreamies Cat Treat Biscuits with Salmon Flavour Mega Pack,Dreamies Cat Treat Biscuits with...200g,£3.50,£17.50 per kg,,
Dreamies Cat Treat Biscuits with Tuna Flavour,Dreamies Cat Treat Biscuits with Tuna Flavour60g,£1.95,£32.50 per kg,Buy 2 for £2.50,
Dreamies Cat Treat Biscuits With Tuna Flavour Mega Pack,Dreamies Cat Treat Biscuits Wit...200g,£3.50,£1.75 per 100g,,
Dreamies Cat Treat Biscuits with Turkey,Dreamies Cat Treat Biscuits with Turkey60g,£1.95,£32.50 per kg,Buy 2 for £2.50,
Dreamies Creamy No Sugar Cat Treats With Chicken ,Dreamies Creamy No Sugar Ca...40g,£1.15,£2.88 per 100g,,
Dreamies Creamy No Sugar Cat Treats With Salmon,Dreamies Creamy No Sugar...40g,£1.15,£2.88 per 100g,,
Dreamies Meaty Sticks With Chicken,Dreamies Meaty Sticks With Chicken30g,£1.15,£3.83 per 100g,,
Dreamies Meaty Sticks With Salmon,Dreamies Meaty Sticks With Salmon30g,£1.15,£3.83 per 100g,,
Dreamies Mix Cat Treat Biscuits with Cheese & Beef ,Dreamies Mix Cat Treat Biscui...60g,£1.95,£32.50 per kg,Buy 2 for £2.50,
Dreamies Mix Cat Treat Biscuits with Chicken & Duck,Dreamies Mix Cat Treat Biscui...60g,£1.95,£32.50 per kg,Buy 2 for £2.50,
Dreamies Mix Cat Treat Biscuits with Salmon & Cheese ,Dreamies Mix Cat Treat Biscui...60g,£1.95,£32.50 per kg,Buy 2 for £2.50,
Edgard & Cooper Adult Dog Food Grain Free Salmon & Trout,Edgard & Cooper Adult Dog Food...150g,£1.30,£8.67 per kg,,
Edgard & Cooper Grain Free Chicken & Turkey Adult Dogs,Edgard & Cooper Grain Free Chic...150g,£1.50,£10.00 per kg,,
Edgard & Cooper Grain Free Game & Duck Adult Dogs,Edgard & Cooper Grain Free...150g,£1.50,£10.00 per kg,,
"Encore Cat Pot, Tuna Fillet with Crab in Broth in Broth","Encore Cat Pot, Tuna Fillet with Crab in Broth in Broth60g",90p,£15.00 per kg,"Offer price 90p, was £1.10",
"Encore Cat Pouch, Chicken with Brown Rice in Broth","Encore Cat Pouch, Chicken with Brown Rice in Broth70g",90p,£12.85 per kg,"Offer price 90p, was £1.10",
"Encore Cat Pouch, Tuna Fillet with Prawn in Broth","Encore Cat Pouch, Tuna Fillet with Prawn in Broth70g",90p,£12.85 per kg,"Offer price 90p, was £1.10",
"Encore Cat Pouch, Tuna with Whitebait in Broth","Encore Cat Pouch, Tuna with Whitebait in Broth70g",90p,£12.85 per kg,"Offer price 90p, was £1.10",
"Encore Cat Pouches, Chicken Selection in Broth","Encore Cat Pouches, Chicken Selection in Broth5 x 50g",£4.40,£1.76 per 100g,,
Encore Cat Pouch Finest Selection In Broth ,Encore Cat Pouch Finest Selection In Broth 10 x 50g,£7.80,£15.60 per kg,,
Encore Cat Pouch Fish Selection In Gravy,Encore Cat Pouch Fish Selection In Gravy5 x 50g,£4.40,£1.76 per 100g,,
Encore Cat Pouch Fish Selection In Jelly ,Encore Cat Pouch Fish Selection In Jelly 10 x 50g,£7.80,£15.60 per kg,,
"Encore Cat Tin, Chicken Breast in Broth","Encore Cat Tin, Chicken Breast in Broth70g",90p,£12.85 per kg,"Offer price 90p, was £1.10",
"Encore Cat Tin, Tuna Fillet in Broth","Encore Cat Tin, Tuna Fillet in Broth70g",90p,£1.28 per 100g,"Offer price 90p, was £1.10",
"Encore Cat Tin, Tuna with Shrimp in Broth","Encore Cat Tin, Tuna with Shrimp in Broth70g",90p,£12.85 per kg,"Offer price 90p, was £1.10",
Encore Cat Tin Fish Selection In Broth ,Encore Cat Tin Fish Selection In Broth 8 x 70g,£6.50,£11.60 per kg,"Offer price £6.50, was £8.10",
"Encore Cat Tins, Chicken Selection in Broth","Encore Cat Tins, Chicken Selection in Broth8 x 70g",£6.50,£11.60 per kg,"Offer price £6.50, was £8.10",
"Encore Cat Tins, Fish Selection in Jelly","Encore Cat Tins, Fish Selection in Jelly5 x 50g",£4.40,£17.60 per kg,,
Encore Cat Tin Tuna Fillet With Salmon In Broth ,Encore Cat Tin Tuna Fillet With Salmon In Broth 70g,90p,£12.85 per kg,"Offer price 90p, was £1.10",
Encore Cat Treat Chicken Fillet With Rosemary,Encore Cat Treat Chicken Fillet With Rosemary30g,£1.75,£5.83 per 100g,,
"Encore Dog Pouch, Chicken Selection in Jelly","Encore Dog Pouch, Chicken Selection in Jelly5 x 100g",£6,£12.00 per kg,,
Encore Dog Tin  Chicken Breast in Broth,Encore Dog Tin  Chicken Breast in Broth156g,£1.60,£10.26 per kg,,
"Encore Dog Tins, Beef Selection in Gravy","Encore Dog Tins, Beef Selection in Gravy5 x 156g",£6,77p per 100g,"Offer price £6, was £7.50",
"Encore Dog Tins, Chicken Selection in Broth","Encore Dog Tins, Chicken Selection in Broth5 x 156g",£6,£7.70 per kg,"Offer price £6, was £7.50",
Encore Dog Trays Pate Selection,Encore Dog Trays Pate Selection5 x 150g,£4.75,63.3p per 100g,,
Encore Finest Collection Portion Pouch,Encore Finest Collection Portion Pouch5 x 100g,£6,£12.00 per kg,,
Encore Premium Dog Beef Steak   ,Encore Premium Dog Beef Steak   156g,£1.60,£10.26 per kg,,
Encore Whole Mackerel Loin Cat Treat,Encore Whole Mackerel Loin Cat Treat30g,£1.75,£5.83 per 100g,,
Encore Whole Tuna Loin Cat Treat,Encore Whole Tuna Loin Cat Treat30g,£1.75,£5.83 per 100g,,
Ever Clean Clumping Cat Litter Litterfree Paws,Ever Clean Clumping Cat Litter Litterfree Paws6L,£12.60,£2.10 per litre,,
Ever Clean Clumping Cat Litter Litterfree Paws,Ever Clean Clumping Cat Litter Litterfree Paws10L,£19.50,£1.95 per litre,,
Ever Clean Clumping Cat Litter Spring Garden,Ever Clean Clumping Cat Litter Spring Garden6L,£12.60,£2.10 per litre,,
Ever Clean Clumping Cat Litter Spring Garden,Ever Clean Clumping Cat Litter Spring Garden10L,£19.50,£1.95 per litre,,
Ever Clean Extra Strong Scented Clumping Cat Litter,Ever Clean Extra Strong Scent...10L,£19.50,£1.95 per litre,,
Ever Clean Extra Strong Scented Clumping Cat Litter,Ever Clean Extra Strong Scent...6L,£12.60,£2.10 per litre,,
Ever Clean Extra Strong Unscented Clumping Cat Litter,Ever Clean Extra Strong Unsce...6L,£12.60,£2.10 per litre,,
Ever Clean Extra Strong Unscented Clumping Cat Litter,Ever Clean Extra Strong Unsce...10L,£19.50,£1.95 per litre,,
Ever Clean Fast Acting Odour Control Clumping Cat Litter,Ever Clean Fast Acting Odour Co...10L,£19.50,£1.95 per litre,,
Ever Clean Fast Acting Odour Control Clumping Cat Litter,Ever Clean Fast Acting Odour Co...6L,£12.60,£2.10 per litre,,
Ever Clean Lavender Clumping Cat Litter,Ever Clean Lavender Clumping Cat Litter10L,£19.50,£1.95 per litre,,
Ever Clean Lavender Clumping Cat Litter,Ever Clean Lavender Clumping Cat Litter6L,£12.60,£2.10 per litre,,
Ever Clean Multi-Crystals Clumping Cat Litter,Ever Clean Multi-Crystals Clumping Cat Litter6L,£12.60,£2.10 per litre,,
Ever Clean Multiple Cat Clumping Litter,Ever Clean Multiple Cat Clumping Litter6L,£12.60,£2.10 per litre,,
Ever Clean Multiple Cat Clumping Litter,Ever Clean Multiple Cat Clumping Litter10L,£19.50,£1.95 per litre,,
Ever Clean Total Cover Clumping Cat Litter,Ever Clean Total Cover Clumping Cat Litter6L,£12.60,£2.10 per litre,,
EzyDog Chest Plate Black Dog Harness,EzyDog Chest Plate Black Dog Harness,£23.50,£23.50 each,,
EzyDog Chest Plate Blue Dog Harness Large,EzyDog Chest Plate Blue Dog Harness Large,£24,£24.00 each,,
EzyDog Chest Plate Camouflage Dog Harness,EzyDog Chest Plate Camouflage Dog Harness,£23,£23.00 each,,
EzyDog Chest Plate Red Dog Harness,EzyDog Chest Plate Red Dog Harness,£23.50,£23.50 each,,
EzyDog Click-In Adjustable Dog Car Seatbelt Attachment,EzyDog Click-In Adjustable Dog...,£12,£12.00 each,,
EzyDog Neo Classic Black Dog Collar Medium,EzyDog Neo Classic Black Dog Collar Medium,£15.50,£15.50 each,,
EzyDog Neo Classic Red Dog Collar Medium,EzyDog Neo Classic Red Dog Collar Medium,£15.50,£15.50 each,,
EzyDog Quick Fit Black Dog Harness,EzyDog Quick Fit Black Dog Harness,£21,£21.00 each,,
EzyDog Quick Fit Blue Dog Harness,EzyDog Quick Fit Blue Dog Harness,£21,£21.00 each,,
EzyDog Quick Fit Red Dog Harness Large,EzyDog Quick Fit Red Dog Harness Large,£23.50,£23.50 each,,
EzyDog Road Runner Black Dog Lead 2.1m,EzyDog Road Runner Black Dog Lead 2.1m,£35,£35.00 each,,
EzyDog Road Runner Red Dog Lead 2.1m,EzyDog Road Runner Red Dog Lead 2.1m,£35,£35.00 each,,
"EzyDog Zero Shock Black Dog Lead 25""","EzyDog Zero Shock Black Dog Lead 25""",£20,£20.00 each,,
"EzyDog Zero Shock Coupler Red Dog Lead Attachment 24""",EzyDog Zero Shock Coupler Red...,£25,£25.00 each,,
"EzyDog Zero Shock Dog Lead, Black, 48""","EzyDog Zero Shock Dog Lead, Black, 48""",£23,£23.00 each,,
"EzyDog Zero Shock Dog Lead, Blue, 48""","EzyDog Zero Shock Dog Lead, Blue, 48""",£23,£23.00 each,,
Feelwells 100% Meat Beef Strips Dog Treats,Feelwells 100% Meat Beef Strips Dog Treats100g,£4.50,£45.00 per kg,,
Feelwells 100% Meat Venison Sticks Dog Treats,Feelwells 100% Meat Venison Sticks Dog Treats100g,£5.25,£5.25 per 100g,,
Feelwells Benefits Goodnight Dog Treats,Feelwells Benefits Goodnight Dog Treats130g,£2.50,£1.92 per 100g,,
Feelwells Cheesy Dog Training Treats,Feelwells Cheesy Dog Training Treats115g,£2.50,£2.17 per 100g,,
Feelwells Fish Crunchies Grain Free Dog Treats,Feelwells Fish Crunchies Grain Free Dog Treats,£3,£3.00 each,,
Feelwells Grain Free Dog Training Treats,Feelwells Grain Free Dog Training Treats115g,£2.50,£2.17 per 100g,,
Feelwells Liver Dog Training Treats,Feelwells Liver Dog Training Treats115g,£2.50,£2.17 per 100g,,
Felight Antibacterial Non-Clumping Cat Litter,Felight Antibacterial Non-Clumping Cat Litter10L,£7,70p per litre,,
Felight Cat Litter Freshener,Felight Cat Litter Freshener300ml,£1.40,46.7p per 100ml,,
Felight Eco Antibacterial Cat Litter,Felight Eco Antibacterial Cat Litter10L,£5.50,5.5p per 100ml,"Offer price £5.50, was £6.50",
Felix As Good As It Looks Favourites Selection in Jelly Wet Cat Food,Felix As Good As It Looks Favourites Se...12 x 100g,£5,£4.17 per kg,,
Felix As Good As It Looks Kitten Fish Selection in Jelly Wet Cat Food,Felix As Good As It Looks Kitten Fish Sel...12 x 100g,£5,£4.17 per kg,,
Felix As Good As It Looks Kitten Mixed Selection in Jelly Wet Cat Food ,Felix As Good As It Looks Kitten Mixed Se...12 x 100g,£5,£4.17 per kg,,
Felix As Good As It Looks Meaty Selection in Jelly Wet Cat Food,Felix As Good As It Looks Meaty Selec...12 x 100g,£5,£4.17 per kg,,
Felix As Good As It Looks Meaty Selection in Jelly Wet Cat Food,Felix As Good As It Looks Meaty Selec...12 x 100g,£5,£4.17 per kg,,
Felix As Good As It Looks Mixed Selection in Jelly Wet Cat Food,Felix As Good As It Looks Mixed Selec...40 x 100g,£15,£3.75 per kg,,
Felix As Good As It Looks Ocean Feasts Fish Selection in Jelly Wet Cat Food,Felix As Good As It Looks Ocean...12 x 100g,£5,£4.17 per kg,,
Felix As Good As It Looks Ocean Feasts Fish selection in Jelly Wet Cat Food,Felix As Good As It Looks Ocean...40 x 100g,£15,£3.75 per kg,,
Felix As Good As It Looks Senior Fish Selection in Jelly Wet Cat Food,Felix As Good As It Looks Senior Fish Sel...12 x 100g,£5,£4.17 per kg,,
Felix As Good As It Looks Senior Meat Selection in Jelly Wet Cat Food,Felix As Good As It Looks Senior Meat Sel...12 x 100g,£5,£4.17 per kg,,
Felix As Good As It Looks Senior Mixed Selection in Jelly Wet Cat Food,Felix As Good As It Looks Senior Mixed Se...12 x 100g,£5,£4.17 per kg,,
Felix As Good As It Looks Senior Mixed Selection in Jelly Wet Cat Food,Felix As Good As It Looks Senior Mixed Se...40 x 100g,£15,£3.75 per kg,,
Felix As Good As It Looks Vegetable Selection in Jelly Wet Cat Food,Felix As Good As It Looks Vegetable Sel...12 x 100g,£5,£4.17 per kg,,
Felix Cat Food Poultry Selection in Jelly,Felix Cat Food Poultry Selection in Jelly12 x 100g,£4.65,£3.88 per kg,,
Felix Crispies Cat Treats Beef & Chicken,Felix Crispies Cat Treats Beef & Chicken45g,£1.10,£24.44 per kg,Buy 2 for £2,
Felix Crispies Cat Treats Beef & Chicken,Felix Crispies Cat Treats Beef & Chicken180g,£3.80,£2.11 per 100g,,
Felix Crispies Cat Treats Salmon & Trout,Felix Crispies Cat Treats Salmon & Trout45g,£1.10,£24.44 per kg,Buy 2 for £2,
Felix Crispies Cat Treats Salmon & Trout,Felix Crispies Cat Treats Salmon & Trout180g,£3.80,£2.11 per 100g,,
Felix Deliciously Sliced Ocean Selection,Felix Deliciously Sliced Ocean Selection12 x 80g,£5,52.1p per 100g,,
Felix Doubly Delicious Fish Selection in Jelly Wet Cat Food ,Felix Doubly Delicious Fish Selecti...12 x 100g,£5,£4.17 per kg,,
Felix Doubly Delicious Meat Selection in Jelly Wet Cat Food,Felix Doubly Delicious Meat Selec...12 x 100g,£5,£4.17 per kg,,
Felix Doubly Delicious Meat Selection in Jelly Wet Cat Food ,Felix Doubly Delicious Meat Selecti...40 x 100g,£15,£3.75 per kg,,
Felix Doubly Delicious Ocean Recipes in Jelly Wet Cat Food,Felix Doubly Delicious Ocean Reci...12 x 100g,£5,£4.17 per kg,,
Felix Doubly Delicious Senior Meaty Selection in Jelly Wet Cat Food,Felix Doubly Delicious Senior Meaty Sel...12 x 100g,£5,£4.17 per kg,,
Felix Fish Selection in Jelly Wet Cat Food,Felix Fish Selection in Jelly Wet Cat Food12 x 100g,£4.65,£3.88 per kg,,
Felix Fish Selection In Jelly Wet Cat Food,Felix Fish Selection In Jelly Wet Cat Food40 x 100g,£13.50,£3.38 per kg,,
Felix Goody Bag Cat Treats Mixed Grill,Felix Goody Bag Cat Treats Mixed Grill60g,£1.10,£18.33 per kg,Buy 2 for £2,
Felix Goody Bag Cat Treats Original Mix,Felix Goody Bag Cat Treats Original Mix60g,£1.10,£18.33 per kg,Buy 2 for £2,
Felix Goody Bag Cat Treats Original Mix,Felix Goody Bag Cat Treats Original Mix200g,£3.80,£19.00 per kg,,
Felix Goody Bag Cat Treats Seaside Mix,Felix Goody Bag Cat Treats Seaside Mix60g,£1.10,£18.33 per kg,Buy 2 for £2,
Felix Kitten Mixed Selection in Jelly Wet Cat Food,Felix Kitten Mixed Selectio...12 x 100g,£4.65,£3.88 per kg,,
Felix Kitten Mixed Selection in Jelly Wet Cat Food,Felix Kitten Mixed Selectio...12 x 100g,£4.65,£3.88 per kg,,
Felix Mix Cat Treat Snack Box ,Felix Mix Cat Treat Snack Box 765g,£16.30,£21.31 per kg,,
Felix Mixed Selection in Gravy Wet Cat Food,Felix Mixed Selection in Gravy Wet Cat Food12 x 100g,£4.65,£3.88 per kg,,
Felix Mixed Selection in Jelly Wet Cat Food,Felix Mixed Selection in Jelly Wet Cat Food12 x 100g,£4.65,£3.88 per kg,,
Felix Mixed Selection In Jelly Wet Cat Food,Felix Mixed Selection In Jelly Wet Cat Food40 x 100g,£13.50,£3.38 per kg,,
Felix Naturally Delicious Cat Treats Chicken,Felix Naturally Delicious Cat Treats Chicken50g,£1.35,£27.00 per kg,Buy 2 for £2,
Felix Naturally Delicious Cat Treats Salmon ,Felix Naturally Delicious Cat Treats Salmon 50g,£1.35,£27.00 per kg,Buy 2 for £2,
Felix Naturally Delicious Countryside Selection,Felix Naturally Delicious Countryside Selection12 x 80g,£5,52.1p per 100g,,
Felix Naturally Delicious Mixed Selection in Jelly Wet Cat Food,Felix Naturally Delicious Mixed Selec...40 x 80g,£15,£4.69 per kg,,
Felix Senior Mixed Chunks in Jelly Wet Cat Food,Felix Senior Mixed Chunks in Jelly Wet Cat Food12 x 100g,£4.65,£3.88 per kg,,
Felix Senior Mixed Selection in Jelly Cat Food,Felix Senior Mixed Selection in Jelly Cat Food40 x 100g,£13.50,£3.38 per kg,,
Felix Senior Variety Selection in Jelly Wet Cat Food,Felix Senior Variety Selectio...12 x 100g,£4.65,£3.88 per kg,,
Felix Soup Cat Food Fish Selection Tender Strips,Felix Soup Cat Food Fish Selection Tender Strips6 x 48g,£1.95,£6.77 per kg,"Offer price £1.95, was £2.30",
Felix Soup Farm Selection Wet Cat Food,Felix Soup Farm Selection Wet Cat Food6 x 48g,£1.95,67.7p per 100g,"Offer price £1.95, was £2.30",
Felix Soup Fish Selection Wet Cat Food,Felix Soup Fish Selection Wet Cat Food6 x 48g,£1.95,67.7p per 100g,"Offer price £1.95, was £2.30",
Felix Soup Meat Strips ,Felix Soup Meat Strips 6 x 48g,£1.95,£6.77 per kg,"Offer price £1.95, was £2.30",
Felix Tasty Shreds Farm Selection in Gravy Wet Cat Food,Felix Tasty Shreds Farm Selecti...12 x 80g,£5,52.1p per 100g,,
Felix Tasty Shreds Fish Selection in Gravy Wet Cat Food,Felix Tasty Shreds Fish Selecti...12 x 80g,£5,52.1p per 100g,,
Felix Tasty Shreds Mixed Selection in Gravy Wet Cat Food,Felix Tasty Shreds Mixed Select...12 x 80g,£5,52.1p per 100g,,
"Forthglade Adult Grain Free Chicken, Liver and Veg Wet Dog Food",Forthglade Adult Grain Free Chicken...395g,£2,50.6p per 100g,,
"Forthglade Adult Sardines, Sweet potato & Veg Grain free, wet dog food","Forthglade Adult Sardines, Sweet potato &...395g",£2,50.6p per 100g,,
Forthglade Beef & Wild Boar With Vegetables & Apple,Forthglade Beef & Wild Boar W...395g,£2.50,£6.33 per kg,,
Forthglade Chicken & Duck With Chickpeas & Pear ,Forthglade Chicken & Duck W...395g,£2.50,£6.33 per kg,,
Forthglade Chicken & Sweet Potato,Forthglade Chicken & Sweet Potato2kg,£15,£7.50 per kg,,
Forthglade Chicken Liver Rice & Vegetables,Forthglade Chicken Liver Rice & Vegetables395g,£1.90,£4.81 per kg,,
Forthglade Cold Pressed Grain Free Chicken & Vegetables Dry Dog Food,Forthglade Cold Pressed Grain Free Chic...1kg,£7.50,£7.50 per kg,,
Forthglade complete adult grain free Beef with sweet potato & veg,Forthglade complete adult grain free...395g,£24.60,£6.23 per 100g,,
Forthglade Complete Meal Grain Free 6 X 395G,Forthglade Complete Meal Grain Free 6 X 395G6 x 395g,£9.99,42.2p per 100g,,
"Forthglade Complete Puppy Duck, Sweet Potato & Veg Grain Free","Forthglade Complete Puppy Duck, Swe...395g",£2,50.6p per 100g,,
"Forthglade Complete Puppy Turkey, Butternut Squash & Veg Grain Free","Forthglade Complete Puppy Turkey, Butte...395g",£2,50.6p per 100g,,
Forthglade Complete Senior Turkey with Butternut Squash & Veg Grain Free,Forthglade Complete Senior Turk...395g,£2,50.6p per 100g,,
Forthglade Gourmet Beef & Wild Boar with Root Veg & Apple Wet Dog Food,Forthglade Gourmet Beef & Wil...395g,£2.50,63.3p per 100g,,
Forthglade Gourmet Chicken & Duck with Chickpeas & Pear Wet Dog Food,Forthglade Gourmet Chicken &...395g,£2.50,63.3p per 100g,,
Forthglade Gourmet Duck & Venison with Green Beans & Apricot Wet Dog Food,Forthglade Gourmet Duck & Venis...395g,£2.50,63.3p per 100g,,
Forthglade Gourmet Turkey & Goose with Duck & Venison Wet Dog Food,Forthglade Gourmet Turkey & Goose with...6 x 395g,£14.65,61.8p per 100g,,
Forthglade Grain Free Adult Dog Beef With Sweet Potato & Veg,Forthglade Grain Free Adult Dog Bee...395g,£1.90,£4.81 per kg,,
Forthglade Grain Free Adult Natural Lamb,Forthglade Grain Free Adult Natural Lamb395g,£1.90,£4.81 per kg,,
Forthglade Grain Free Adult Naturla Turkey,Forthglade Grain Free Adult Naturla Turkey395g,£1.90,£4.81 per kg,,
Forthglade Grain Free Duck & Turkey For Small Dogs ,Forthglade Grain Free Duck &...8 x 150g,£7.30,£6.08 per kg,,
Forthglade Grain Free Lamb & Chicken For Small Dogs,Forthglade Grain Free Lamb &...8 x 150g,£7.30,£6.08 per kg,,
Forthglade National Trust Soft Bites Chicken with Duck Dog Treats,Forthglade National Trust Soft Bites...90g,£2.50,£2.78 per 100g,,
Forthglade National Trust Soft Bites Salmon with Herring Dog Treats,Forthglade National Trust Soft Bites Sa...90g,£2.50,£2.78 per 100g,,
Forthglade Natural Grain free Adult Fish Variety Pack ,Forthglade Natural Grain free A...12 x 395g,£18.95,40p per 100g,,
Forthglade Natural Soft Bites Lamb,Forthglade Natural Soft Bites Lamb90g,£1.80,£20.00 per kg,,
Forthglade Natural Soft Bites Salmon,Forthglade Natural Soft Bites Salmon90g,£1.80,£20.00 per kg,,
Forthglade Natural Soft Bites Turkey ,Forthglade Natural Soft Bites Turkey 90g,£1.80,£20.00 per kg,,
Forthglade Salmon with Potato & Vegetables ,Forthglade Salmon with Potato & Vegetables 395g,£1.90,£4.81 per kg,,
Forthglade Turkey & Goose With Pumpkin & Cranberries,Forthglade Turkey & Goose Wit...395g,£2.50,£6.33 per kg,,
Forthglade Turkey & Sweet Potato,Forthglade Turkey & Sweet Potato2kg,£15,£7.50 per kg,,
Forthglade Variety Complete Meal Adult 1 Yr+,Forthglade Variety Complete Meal Adult 1 Yr+6 x 395g,£9.99,42.2p per 100g,,
Freshpet Chicken recipe for Puppy,Freshpet Chicken recipe for Puppy680g,£6,88.2p per 100g,,
Freshpet Chunky Beef Recipe With Garden Vegetables For Dogs,Freshpet Chunky Beef Recipe With...680g,£6,88.2p per 100g,,
Freshpet Chunky Chicken & Turkey With Vegetables & Rice For Dogs,Freshpet Chunky Chicken & Turkey With...680g,£6,88.2p per 100g,,
Freshpet Roasted Meals for Small Dogs,Freshpet Roasted Meals for Small Dogs454g,£6.50,£1.43 per 100g,,
Freshpet Rosted Meals Grain Free Chicken Recipe With Vegetables For Dogs ,Freshpet Rosted Meals Grain Free Chicken Re...794g,£10,£1.26 per 100g,,
Freshpet Select Homestyle Chicken & Garden Vegetable,Freshpet Select Homestyle Chi...680g,£10,£14.71 per kg,,
Freshpet Tender Chicken Recipe With Garden Vegetables For Dogs,Freshpet Tender Chicken Recipe With...680g,£6,88.2p per 100g,,
Freshpet Tender Chicken Recipe With Garden Vegetables For Dogs,Freshpet Tender Chicken Recipe With...454g,£4,88.1p per 100g,,
Fuzzyard Yeezy Dog Lead Large,Fuzzyard Yeezy Dog Lead Large,£18,£18.00 each,,
Go-Cat Adult Dry Cat Food Chicken & Duck,Go-Cat Adult Dry Cat Food Chicken & Duck2kg,£5,£2.50 per kg,,
Go-Cat Adult Dry Cat Food Tuna Herring & Veg,Go-Cat Adult Dry Cat Food Tuna Herring & Veg2kg,£5,£2.50 per kg,,
Go-Cat Chicken & Duck Dry Cat Food,Go-Cat Chicken & Duck Dry Cat Food750g,£2.50,£3.33 per kg,,
Go-Cat Chicken & Duck Dry Cat Food,Go-Cat Chicken & Duck Dry Cat Food320g,£1.50,£4.69 per kg,,
"Go-Cat Crunchy & Tender Beef, Chicken & Veg Dry Cat Food","Go-Cat Crunchy & Tender Beef, C...900g",£3.25,£3.61 per kg,"Offer price £3.25, was £3.50",
"Go-Cat Crunchy & Tender Salmon, Tuna & Veg Dry Cat Food",Go-Cat Crunchy & Tender Salmon...900g,£3.25,£3.61 per kg,"Offer price £3.25, was £3.50",
Go-Cat Crunchy & Tender Senior Dry Cat Food Chicken & Veg,Go-Cat Crunchy & Tender Senior Dr...800g,£3.25,£4.07 per kg,"Offer price £3.25, was £3.50",
Go-Cat Indoor Chicken & Veg Dry Cat Food,Go-Cat Indoor Chicken & Veg Dry Cat Food750g,£2.50,£3.33 per kg,,
"Go-Cat Junior Chicken, Milk & Veg Dry Cat Food ","Go-Cat Junior Chicken, Milk & Veg Dry Cat Food 750g",£2.50,£3.33 per kg,,
Go-Cat Senior Chicken & Veg Dry Cat Food,Go-Cat Senior Chicken & Veg Dry Cat Food750g,£2.50,£3.33 per kg,,
"Go-Cat Tuna, Herring & Veg Dry Cat Food","Go-Cat Tuna, Herring & Veg Dry Cat Food750g",£2.50,£3.33 per kg,,
"Go-Cat Turkey, Chicken & Veg Dry Cat Food","Go-Cat Turkey, Chicken & Veg Dry Cat Food750g",£2.50,£3.33 per kg,,
"Go-Cat With Tuna, Herring & With Vegetables","Go-Cat With Tuna, Herri...320g",£1.50,£4.69 per kg,,
Good Boy Beef Strips Dog Treats,Good Boy Beef Strips Dog Treats80g,£2.30,£28.75 per kg,,
Good Boy Beef Strips Dog Treats,Good Boy Beef Strips Dog Treats250g,£5.95,£2.38 per 100g,,
Good Boy Cheesy Chicken Sticks,Good Boy Cheesy Chicken Sticks60g,£2.30,£3.83 per 100g,,
Good Boy Cheesy Chicken Sticks ,Good Boy Cheesy Chicken Sticks 185g,£5.95,£32.16 per kg,,
Good Boy Chicken & Calcium Bones Dog Treats,Good Boy Chicken & Calcium Bones Dog Treats260g,£5.95,£2.29 per 100g,,
Good Boy Chicken & Hide Twister Dog Treat ,Good Boy Chicken & Hide Twister Dog Treat ,£2.30,,,
Good Boy Chicken & Hide Twisters  Dog Treats,Good Boy Chicken & Hide Twisters  Dog Treats70g,£2.30,£32.86 per kg,,
Good Boy Chicken & Hide Twisters Dog Treats,Good Boy Chicken & Hide Twisters Dog Treats220g,£5.95,£2.70 per 100g,,
Good Boy Chicken & Munchy Dumbbells,Good Boy Chicken & Munchy Dumbbells280g,£5.95,£21.25 per kg,,
Good Boy Chicken & Munchy Dumbbells Dog Treats ,Good Boy Chicken & Munchy...90g,£2.30,£2.56 per 100g,,
Good Boy Chicken Fillets Dog Treats,Good Boy Chicken Fillets Dog Treats220g,£5.95,£2.70 per 100g,,
Good Boy Chicken Mix Up Dog Treats,Good Boy Chicken Mix Up Dog Treats220g,£5.95,£2.70 per 100g,,
Good Boy Chicken Strips Dog Treats,Good Boy Chicken Strips Dog Treats80g,£2.30,£28.75 per kg,,
Good Boy Chicken Strips Dog Treats,Good Boy Chicken Strips Dog Treats250g,£5.95,£2.38 per 100g,,
Good Boy Chicken With Carrot Sticks,Good Boy Chicken With Carrot Sticks220g,£5.95,£2.70 per 100g,,
Good Boy Chicken With Carrot Sticks Dogs Treats,Good Boy Chicken With Carrot Sticks Dogs Treats70g,£2.30,£3.29 per 100g,,
Good Boy Chicken With Rice Sticks,Good Boy Chicken With Rice Sticks70g,£2.25,£32.14 per kg,,
Good Boy Chompers 100% Natural Dental Bone,Good Boy Chompers 100% Natural Dental Bone,£1.80,,,
Good Boy Chompers Dental Dinosaur,Good Boy Chompers Dental Dinosaur,£1.80,,,
Good Boy Chompers Large Dental Toothbrush,Good Boy Chompers Large Dental Toothbrush,£1.80,,,
Good Boy Chunky Chicken & Hide  Twisters Dog Treats,Good Boy Chunky Chicken & Hid...60g,£2.30,£3.83 per 100g,,
Good Boy Degradable Poo Bags Dog Accessories,Good Boy Degradable Poo Bags Dog Accessories,£1.10,,Good Boy Dog Accessories Bundle for £5,
Good Boy Dog Collar & Lead Set Large,Good Boy Dog Collar & Lead Set Large,£5,,,
Good Boy Duck & Calcium Bones Dog Treats,Good Boy Duck & Calcium Bones Dog Treats90g,£2.30,£25.56 per kg,,
Good Boy Duck & Hide Twisters Dog Treats,Good Boy Duck & Hide Twisters Dog Treats70g,£2.30,£32.86 per kg,,
Good Boy Duck & Hide Twisters Dog Treats,Good Boy Duck & Hide Twisters Dog Treats220g,£5.95,£2.70 per 100g,,
Good Boy  Duck & Munchy Dumb Bells Dog Treats,Good Boy  Duck & Munchy Dumb Bells Dog Treats90g,£2.30,£25.56 per kg,,
Good Boy Duck Fillets,Good Boy Duck Fillets70g,£2.30,£32.86 per kg,,
Good Boy Fetch Dog Toy,Good Boy Fetch Dog Toy,£1.10,,,
Good Boy Fresh Pet Wipes Dog Accessories,Good Boy Fresh Pet Wipes Dog Accessories20 per pack,£1.60,8p each,,
Good Boy Jumbo Chicken With Carrot Stick,Good Boy Jumbo Chicken With Carrot Stick100g,£3.45,£34.50 per kg,,
Good Boy Jumbo Duck & Hide Twister Dog Treats,Good Boy Jumbo Duck & Hide Twister Dog Treats70g,£2.30,£3.29 per 100g,,
Good Boy Large Chewy Braid,Good Boy Large Chewy Braid,£2.75,,,
Good Boy Moppy Loofah,Good Boy Moppy Loofah,£5,,,
Good Boy Pigs In Blankets Dogs Treats,Good Boy Pigs In Blankets Dogs Treats,£2.30,,,
Good Boy Pigs In Blankets Dog Treats,Good Boy Pigs In Blankets Dog Treats220g,£5.95,£2.70 per 100g,,
Good Boy Pork & Hide Twister Dog Treats,Good Boy Pork & Hide Twister Dog Treats60g,£2.30,£38.33 per kg,,
Good Boy Puppy Training Pads Dog Accessories,Good Boy Puppy Training Pads Dog Accessories30 per pack,£5.75,19.2p each,Good Boy Dog Accessories Bundle for £5,
Good Boy Squeaky Dog Toy F Each,Good Boy Squeaky Dog Toy F Each,£3.25,,,
Good Boy Squeaky Pig,Good Boy Squeaky Pig,£5,,,
Good Boy Superlicious Chicken With Broccoli & Sweet Potato Bones,Good Boy Superlicious Chicken With Br...100g,£2.30,£23.00 per kg,,
Good Boy Superlicious Chicken With Broccoli & Sweet Potato Sticks,Good Boy Superlicious Chicken With Br...100g,£2,£20.00 per kg,,
Good Boy Tough & Tasty Chicken Chomp Stix,Good Boy Tough & Tasty Chicken Chomp Stix60g,£3.25,£54.17 per kg,,
Good Boy Tough & Tasty Chicken Large Roll,Good Boy Tough & Tasty Chicken Large Roll80g,£3.25,£40.63 per kg,,
Good Boy Triple Flavour Skewers,Good Boy Triple Flavour Skewers72g,£2.30,£31.94 per kg,,
Good Girl Cat Play Tunnel,Good Girl Cat Play Tunnel,£3.75,,,
Good Girl Cats Eyes Reflective,Good Girl Cats Eyes Reflective,£1.50,,,
Good Girl Cat Tent,Good Girl Cat Tent,£5,,,
Gourmet Gold Cat Food Pate With Ocean Fish,Gourmet Gold Cat Food Pate With Ocean Fish85g,70p,£8.24 per kg,Buy 6 for £3.50,
Gourmet Gold Cat Food Savoury Cake Chicken,Gourmet Gold Cat Food Savoury Cake Chicken85g,70p,£8.24 per kg,Buy 6 for £3.50,
Gourmet Gold Cat Food Savoury Cake Meat and Fish,Gourmet Gold Cat Food Savou...8 x 85g,£4.95,72.8p per 100g,,
Gourmet Gold Cat Food Savoury Cake Salmon,Gourmet Gold Cat Food Savoury Cake Salmon85g,70p,£8.24 per kg,Buy 6 for £3.50,
Gourmet Gold Cat Food Savoury Cake Tuna,Gourmet Gold Cat Food Savoury Cake Tuna85g,70p,£8.24 per kg,Buy 6 for £3.50,
Gourmet Gold Chicken and Liver In Gravy,Gourmet Gold Chicken and Liver In Gravy85g,70p,£8.24 per kg,Buy 6 for £3.50,
Gourmet Gold Double Delicacies Cat Food,Gourmet Gold Double Delicacies Cat Food8 x 85g,£4.95,£7.28 per kg,,
Gourmet Gold Melting Heart Salmon,Gourmet Gold Melting Heart Salmon85g,60p,£7.06 per kg,Buy 6 for £3.50,
Gourmet Gold Pate,Gourmet Gold Pate8 x 85g,£4.95,72.8p per 100g,,
Gourmet Gold Salmon and Chicken In Gravy,Gourmet Gold Salmon and Chicken In Gravy85g,70p,£8.24 per kg,Buy 6 for £3.50,
Gourmet Gold Succulent Delights,Gourmet Gold Succulent Delights8 x 85g,£4.95,72.8p per 100g,,
Gourmet Gold Succulent Delights Chicken,Gourmet Gold Succulent Delights Chicken85g,70p,82.4p per 100g,,
Gourmet Gold Succulent Delights Salmon,Gourmet Gold Succulent Delights Salmon85g,70p,82.4p per 100g,,
Gourmet Gold Tinned Cat Food Terrine With Salmon,Gourmet Gold Tinned Cat Food Terrine With Salmon85g,70p,£8.24 per kg,Buy 6 for £3.50,
Gourmet Mon Petit Cat Food Pouches Fish,Gourmet Mon Petit Cat Food Pouches Fish6 x 50g,£1.85,£6.17 per kg,,
Gourmet Mon Petit Cat Food Pouches Meat,Gourmet Mon Petit Cat Food Pouches Meat6 x 50g,£1.85,£6.17 per kg,,
Gourmet Mon Petit Cat Food Pouches Mixed,Gourmet Mon Petit Cat Food Pouches Mixed6 x 50g,£1.85,£6.17 per kg,,
Gourmet Mon Petit Cat Food Pouches Poultry,Gourmet Mon Petit Cat Food Pouches Poultry6 x 50g,£1.85,£6.17 per kg,,
Gourmet Mon Petit Intense Cat Food Pouches Fish,Gourmet Mon Petit Intense Cat Food Pouches Fish6 x 50g,£1.85,£6.17 per kg,,
Gourmet Nature's Creation Rich in Oceanfish Garnished with Spinach and Rice,Gourmet Nature's Creation Rich...85g,95p,£1.12 per 100g,,
Gourmet Natures Creations Cat Food Chicken,Gourmet Natures Creatio...85g,95p,£1.12 per 100g,,
Gourmet Natures Creations Cat Food Fish,Gourmet Natures Creations Cat Food Fish8 x 85g,£4.60,67.6p per 100g,"Offer price £4.60, was £6.15",
Gourmet Nature's Creations Slow Cooked Mini Fillets,Gourmet Nature's Creations Sl...8 x 85g,£4.60,67.6p per 100g,"Offer price £4.60, was £6.15",
Gourmet Perle Cat Food Chefs Collection Mixed,Gourmet Perle Cat Food Chefs Collection Mixed12 x 85g,£5.75,£5.64 per kg,,
Gourmet Perle Cat Food Ocean Collection,Gourmet Perle Cat Food Ocean Collection40 x 85g,£16.70,£4.91 per kg,,
Gourmet Perle Cat Food Pouches Ocean Delicacies,Gourmet Perle Cat Food Pouches Ocean Delicacies12 x 85g,£5.75,£5.64 per kg,,
Gourmet Perle Cat Food Seaside Duo Mini Fillets in Gravy,Gourmet Perle Cat Food Seaside...12 x 85g,£5.75,£5.64 per kg,,
Gourmet Perle Chef's Collection Mini Fillets In Gravy,Gourmet Perle Chef's Collecti...40 x 85g,£16.70,£4.91 per kg,,
Gourmet Perle Chicken Mini Fillets In Gravy ,Gourmet Perle Chicken Mini Fillets In Gravy 85g,70p,£8.24 per kg,,
Gourmet Perle Connoisseurs Cat Food Mixed,Gourmet Perle Connois...12 x 85g,£5.75,£5.64 per kg,,
Gourmet Perle Country Medley Mini Fillets in Jelly,Gourmet Perle Country Medley Mini Fillets in Jelly12 x 85g,£5.75,£5.64 per kg,,
Gourmet Revelations Mousse Cat Food Tuna,Gourmet Revelations Mousse Cat Food Tuna4 x 75g,£2.95,£9.83 per kg,,
Gourmet Revelations Mousse Chicken In Gravy Wet Cat Food ,Gourmet Revelations Mousse Chicke...4 x 57g,£2.95,£12.94 per kg,,
Gourmet Revelations Mousse Salmon In Gravy Wet Cat Food,Gourmet Revelations Mousse Salm...4 x 57g,£2.95,£12.94 per kg,,
Gourmet Solitaire Beef In Tomato Sauce,Gourmet Solitaire Beef In Tomato Sauce85g,95p,£11.18 per kg,,
Green Mini Slow Dog Feeder,Green Mini Slow Dog Feeder,£24.99,£24.99 each,,
Harringtons Advanced Science Diet Large Breed Dry Dog Food ,Harringtons Advanced Science Diet...2kg,£8,£4.00 per kg,,
Harringtons Advanced Science Diet Medium Breed Dry Dog Food ,Harringtons Advanced Science Diet M...2kg,£8,£4.00 per kg,,
Harringtons Advanced Science Diet Small Breed Dry Dog Food ,Harringtons Advanced Science Diet...2kg,£8,£4.00 per kg,,
Harringtons Chicken with Potato & Vegetables Wet Dog Food Tray,Harringtons Chicken with Potato & V...400g,£1.60,£4.00 per kg,,
Harringtons Chicken with Vegetables Wet Dog Food Can,Harringtons Chicken with Vege...400g,£1.60,£4.00 per kg,,
Harringtons Dry Adult Cat Food Chicken,Harringtons Dry Adult Cat Food Chicken800g,£4.50,56.3p per 100g,,
Harringtons Dry Adult Cat Food Chicken,Harringtons Dry Adult Cat Food Chicken2kg,£8.50,42.5p per 100g,,
Harringtons Dry Adult Cat Food Salmon,Harringtons Dry Adult Cat Food Salmon2kg,£8.50,42.5p per 100g,,
Harringtons Dry Adult Dog Food Rich in Beef & Rice,Harringtons Dry Adult Dog F...4kg,£7,£1.75 per kg,"Offer price £7, was £9.99",
Harringtons Dry Adult Dog Food Rich in Beef & Rice,Harringtons Dry Adult Dog F...1.7kg,£5,£2.94 per kg,Harringtons Dog Food - Buy Any 3 for £10,
Harringtons Dry Adult Dog Food Rich in Chicken & Rice,Harringtons Dry Adult Dog Foo...4kg,£7,£1.75 per kg,"Offer price £7, was £9.99",
Harringtons Dry Adult Dog Food Rich in Chicken & Rice,Harringtons Dry Adult Dog Foo...1.7kg,£5,£2.94 per kg,Harringtons Dog Food - Buy Any 3 for £10,
Harringtons Dry Adult Dog Food Rich in Lamb & Rice,Harringtons Dry Adult Dog F...12kg,£29,£2.42 per kg,,
Harringtons Dry Adult Dog Food Rich in Lamb & Rice,Harringtons Dry Adult Dog F...4kg,£7,£1.75 per kg,"Offer price £7, was £9.99",
Harringtons Dry Adult Dog Food Rich in Lamb & Rice ,Harringtons Dry Adult Dog Foo...1.7kg,£5,£2.94 per kg,Harringtons Dog Food - Buy Any 3 for £10,
Harringtons Dry Adult Dog Food Rich in Salmon & Potato ,Harringtons Dry Adult Dog Food...12kg,£31,£2.58 per kg,,
Harringtons Dry Adult Dog Food Rich in Salmon & Potato,Harringtons Dry Adult Dog Food...1.7kg,£5,£2.94 per kg,Harringtons Dog Food - Buy Any 3 for £10,
Harringtons Dry Adult Dog Food Rich in Turkey & Veg ,Harringtons Dry Adult Dog Foo...12kg,£29,£2.42 per kg,,
Harringtons Dry Adult Dog Food Rich in Turkey & Veg,Harringtons Dry Adult Dog Foo...4kg,£7,£1.75 per kg,"Offer price £7, was £9.99",
Harringtons Dry Adult Dog Food Rich in Turkey & Veg,Harringtons Dry Adult Dog Foo...1.7kg,£5,£2.94 per kg,Harringtons Dog Food - Buy Any 3 for £10,
Harringtons Dry Puppy Food Rich in Turkey & Rice ,Harringtons Dry Puppy Food Rich in Turkey & Rice 1.7kg,£5,£2.94 per kg,Harringtons Dog Food - Buy Any 3 for £10,
Harringtons Dry Senior Cat Food Chicken ,Harringtons Dry Senior Cat Food Chicken 800g,£4.50,56.3p per 100g,,
Harringtons Dry Senior Dog Food Rich in Chicken & Rice,Harringtons Dry Senior Dog Food...1.7kg,£5,£2.94 per kg,Harringtons Dog Food - Buy Any 3 for £10,
Harringtons Duck with Potato & Vegetables Wet Dog Food Tray,Harringtons Duck with Potato & Ve...400g,£1.60,£4.00 per kg,,
Harringtons Fish Selection in Jelly Wet Cat Food Multi Pack ,Harringtons Fish Selection in Jelly...12 x 85g,£4,£3.92 per kg,"Offer price £4, was £5",
Harringtons Fish Selection in Jelly Wet Senior Cat Food Multi Pack,Harringtons Fish Selection in Jelly Wet...12 x 85g,£4,39.2p per 100g,"Offer price £4, was £5",
Harringtons Fresh Bakes Training Treats For Dogs,Harringtons Fresh Bakes Training Treats For Dogs100g,£1.80,£1.80 per 100g,,
Harringtons Grain Free Dry Adult Dog Food Chicken & Sweet Potato ,Harringtons Grain Free Dry Adult Dog...4kg,£16,£4.00 per kg,,
Harringtons Grain Free Dry Adult Dog Food Chicken & Sweet Potato ,Harringtons Grain Free Dry Adult Dog...1kg,£4.99,£4.99 per kg,,
Harringtons Meaty Beef Meatballs Dog Treats ,Harringtons Meaty Beef Meatballs Dog Treats 70g,£2,£28.57 per kg,"Offer price £2, was £2.50",
Harringtons Meaty Chicken Fillets Dog Treats ,Harringtons Meaty Chicken Fillets Dog Treats 70g,£2,£28.57 per kg,"Offer price £2, was £2.50",
Harringtons Meaty Duck Jerky Dog Treats,Harringtons Meaty Duck Jerky Dog Treats70g,£2,£28.57 per kg,"Offer price £2, was £2.50",
Harringtons Meaty Selection in Gravy Wet Cat Food Multi Pack,Harringtons Meaty Selection in Grav...12 x 85g,£4,£3.92 per kg,"Offer price £4, was £5",
Harringtons Meaty Selection in Jelly Wet Cat Food Multi Pack,Harringtons Meaty Selection in Jell...12 x 85g,£4,£3.92 per kg,"Offer price £4, was £5",
Harringtons Mixed Selection Box    ,Harringtons Mixed Selection Box    8 x 85g,£3.30,£4.85 per kg,,
Harringtons Mixed Selection in Gravy Wet Senior Cat Food Multi Pack,Harringtons Mixed Selection...12 x 85g,£4,39.2p per 100g,"Offer price £4, was £5",
Harringtons Mixed Selection in Jelly Wet Cat Food Multi Pack,Harringtons Mixed Selection in Jell...12 x 85g,£4,£3.92 per kg,"Offer price £4, was £5",
Harringtons Mixed Selection in Jelly Wet Cat Food Multi Pack ,Harringtons Mixed Selection in Jell...40 x 85g,£16.50,48.5p per 100g,,
Harringtons Mixed Wet Dog Food Trays Multi Pack ,Harringtons Mixed Wet Dog Food Trays Multi Pack 6 x 400g,£6,25p per 100g,"Offer price £6, was £8.50",
Harringtons Poultry Selection in Gravy Wet Cat Food Multi Pack ,Harringtons Poultry Selection in Grav...12 x 85g,£4,£3.92 per kg,"Offer price £4, was £5",
Harringtons Poultry Wet Dog Food Cans Multi Pack ,Harringtons Poultry Wet Dog Food Cans Multi Pack 6 x 400g,£6,£2.50 per kg,"Offer price £6, was £8.50",
Harringtons Poultry Wet Dog Food Trays Multi Pack,Harringtons Poultry Wet Dog Food Trays Multi Pack6 x 400g,£6,£2.50 per kg,"Offer price £6, was £8.50",
Harringtons Salmon with Potato & Vegetables Wet Dog Food Tray,Harringtons Salmon with Potato & Ve...400g,£1.60,£4.00 per kg,,
Harringtons Turkey Low Fat Treats,Harringtons Turkey Low Fat Treats100g,£1.80,£18.00 per kg,,
Harringtons Turkey with Potato & Vegetables Wet Dog Food Tray ,Harringtons Turkey with Potato & Ve...400g,£1.60,£4.00 per kg,,
Harringtons Wet Puppy Food Tray,Harringtons Wet Puppy Food Tray380g,£1.60,£4.21 per kg,,
Harringtons Wet Puppy Food Trays Multi Pack,Harringtons Wet Puppy Food Trays Multi Pack6 x 400g,£6,£2.50 per kg,"Offer price £6, was £8.50",
Harvest Suet Coconut Halves,Harvest Suet Coconut Halves5 per pack,£3,60p each,,
Henry Wag Dog Drying Bag,Henry Wag Dog Drying Bag,£28.65,£28.65 each,,
"Henry Wag Dog Travel Car Harness, Large","Henry Wag Dog Travel Car Harness, Large",£30,£30.00 each,,
Henry Wag Microfibre Cleaning Dog Towel,Henry Wag Microfibre Cleaning Dog Towel,£17.25,£17.25 each,,
HiLife Feed Me Complete Dry Adult Dog Food Beef with Cheese & Veg,HiLife Feed Me Complete Dry Adult Dog...2kg,£5.90,£2.95 per kg,,
"HiLife Feed Me Complete Dry Adult Dog Food Turkey & Chicken, Bacon & Veg",HiLife Feed Me Complete Dry Adu...2kg,£5.90,£2.95 per kg,,
"HiLife It's Only Natural Cat Treats 100% Natural Chicken Breast, Grain Free",HiLife It's Only Natural Cat Treats 100% Natu...10g,£1.80,£180.00 per kg,,
"HiLife It's Only Natural Cat Treats 100% Natural Duck Breast, Grain Free",HiLife It's Only Natural Cat Treats 100% Na...10g,£1.80,£180.00 per kg,,
Hilife Special Care Original Daily Dental Chews,Hilife Special Care Original Daily Dental Chews180g,£4.50,£25.00 per kg,,
Hollings Beef Training Treats,Hollings Beef Training Treats,£3.50,,,
Hollings Chicken Bone,Hollings Chicken Bone,£1.60,,,
Hollings Dog Sausages,Hollings Dog Sausages200g,£4,£2.00 per 100g,,
Hollings Dog Treat Pig Ears,Hollings Dog Treat Pig Ears2 per pack,£4,£2.00 each,,
Hollings From Sea Sprats ,Hollings From Sea Sprats 100g,£4,£4.00 per 100g,,
Hollings Pure Beef Curls ,Hollings Pure Beef Curls 100g,£2.50,£2.50 per 100g,,
Hownd Butch Leather Natural Cologne for Man Dogs,Hownd Butch Leather Natural...,£12,£12.00 each,,
Hownd Hemp by Hownd Skin Nose and Paw Balm for Dogs,Hownd Hemp by Hownd Skin Nose...50g,£10,£2.00 per 10g,,
"Hownd Keep Calm Body Mist for Dogs, 250ml","Hownd Keep Calm Body Mist for Dogs, 250ml",£9,£9.00 each,,
Hownd Keep Calm Conditioning Dog Shampoo 250ml,Hownd Keep Calm Condition...,£9,£9.00 each,,
Iams Delights Adult 1+ Cat Land & Sea Collection In Jelly,Iams Delights Adult 1+ Cat Land &...8 x 85g,£3.99,58.7p per 100g,,
Iams Delights Adult 1+Cat Land Collection In Gravy,Iams Delights Adult 1+Cat Land Collection In Gravy8 x 85g,£3.99,58.7p per 100g,,
Iams Delights Senior 7+Cat Land & Sea Collection In Jelly,Iams Delights Senior 7+Cat Land &...8 x 85g,£3.99,58.7p per 100g,,
Iams For Vitality Adult 1+ Years With Fresh Chicken,Iams For Vitality Adult 1+ Years With Fresh Chicken800g,£5.35,£6.69 per kg,Buy 2 for £9,
Iams For Vitality Adult Small & Medium Dog Food With Fresh Chicken ,Iams For Vitality Adult Small & Medium...2kg,£7.65,£3.83 per kg,Buy 2 for £13,
Iams For Vitality Cat Adult 1+ Years With Salmon ,Iams For Vitality Cat Adult 1+ Years With Salmon 800g,£5.35,£6.69 per kg,Buy 2 for £9,
Iams For Vitality Dog 1+ Years Light In Fat With Fresh Chicken ,Iams For Vitality Dog 1+ Years Light...2kg,£7.65,£3.83 per kg,Buy 2 for £13,
Iams For Vitality Dog Adult 1+ Years Large With Fresh Chicken,Iams For Vitality Dog Adult 1+ Year...2kg,£7.65,£3.83 per kg,Buy 2 for £13,
Iams For Vitality Hairball 1+ Years With Fresh Chicken,Iams For Vitality Hairball 1+ Y...800g,£5.35,£6.69 per kg,Buy 2 for £9,
Iams For Vitality Kitten 1-12 Months With Chicken,Iams For Vitality Kitten 1...800g,£5.35,66.9p per 100g,Buy 2 for £9,
Iams For Vitality Puppy 1 - 12 Months With Fresh Chicken,Iams For Vitality Puppy 1 - 12...2kg,£7.65,£3.83 per kg,Buy 2 for £13,
Iams For Vitality Senior 7+ Years With Fresh Chicken,Iams For Vitality Senior 7+ Years With Fresh Chicken800g,£5.35,£6.69 per kg,Buy 2 for £9,
Iams For Vitality Senior Small & Medium Dog Food With Fresh Chicken,Iams For Vitality Senior Small & Medium...2kg,£7.65,£3.83 per kg,Buy 2 for £13,
"Lily's Kitchen Beef, Potato & Vegetable Dinner","Lily's Kitchen Beef, Potato & Vegetable Dinner400g",£3.20,£8.00 per kg,,
Lily's Kitchen Cat Chicken Tasty Cuts In Gravy,Lily's Kitchen Cat Chicken Tasty Cuts In Gravy85g,£1.20,£1.41 per 100g,Buy 2 for £1.80,
Lily's Kitchen Cat Ocean Fish Tasty Cuts In Gravy,Lily's Kitchen Cat Ocean Fish Tasty Cuts In Gravy85g,£1.20,£1.41 per 100g,Buy 2 for £1.80,
Lily's Kitchen Cat Tasty Cuts In Gravy,Lily's Kitchen Cat Tasty Cuts In Gravy8 x 85g,£9,£1.32 per 100g,,
Lily's Kitchen Chicken & Duck Dry Dog Food,Lily's Kitchen Chicken & Duck Dry Dog Food1kg,£9.50,£9.50 per kg,Buy 2 for £16,
Lily's Kitchen Chicken & Salmon Dry Puppy Food,Lily's Kitchen Chicken & Salmon Dry Puppy Food1kg,£9.50,£9.50 per kg,Buy 2 for £16,
Lily's Kitchen Chicken & Turkey Casserole,Lily's Kitchen Chicken & Turkey Casserole400g,£3.20,£8.00 per kg,,
Lily's Kitchen Chicken & Turkey Casserole,Lily's Kitchen Chicken & Turkey Casserole150g,£1.50,£10.00 per kg,,
Lily's Kitchen Chomp - Away Chicken Bites,Lily's Kitchen Chomp - Away Chicken Bites70g,£3.50,£5.00 per 100g,Buy 2 for £5,
Lily's Kitchen Cottage Pie,Lily's Kitchen Cottage Pie150g,£1.50,£10.00 per kg,,
Lily's Kitchen Dog Beef Goulash,Lily's Kitchen Dog Beef Goulash400g,£3.20,80p per 100g,,
Lily's Kitchen Dog Chew Sticks With Beef,Lily's Kitchen Dog Chew Sticks With Beef120g,£3,£25.00 per kg,Buy 2 for £5,
Lily's Kitchen Dog Chew Sticks With Chicken,Lily's Kitchen Dog Chew Sticks With Chicken120g,£3,£25.00 per kg,Buy 2 for £5,
Lily's Kitchen Dog Chew Sticks With Lamb,Lily's Kitchen Dog Chew Sticks With Lamb120g,£3,£25.00 per kg,Buy 2 for £5,
Lily's Kitchen Dog Great British Breakfast,Lily's Kitchen Dog Great British Breakfast400g,£3.20,80p per 100g,,
Lily's Kitchen Grain Free Recipes,Lily's Kitchen Grain Free Recipes6 x 400g,£18,75p per 100g,,
Lily's Kitchen Lamb Dry Dog Food ,Lily's Kitchen Lamb Dry Dog Food 1kg,£9.50,£9.50 per kg,Buy 2 for £16,
Lily's Kitchen Lamb Hotpot,Lily's Kitchen Lamb Hotpot150g,£1.50,£10.00 per kg,,
Lily's Kitchen Puppy Recipe With Chicken Potatoes & Carrots,Lily's Kitchen Puppy Recipe With...400g,£3.20,80p per 100g,,
Lily's Kitchen Scrumptious Duck & Venison Sausages,Lily's Kitchen Scrumptious Duck & Venison Sausages70g,£3.50,£5.00 per 100g,Buy 2 for £5,
Lily's Kitchen Sunday Lunch,Lily's Kitchen Sunday Lunch400g,£3.20,£8.00 per kg,,
Lily's Kitchen Sunday Lunch,Lily's Kitchen Sunday Lunch150g,£1.50,£10.00 per kg,,
Lily's Kitchen Turkey & Trout Senior Recipe Complete Dry Dog Food,Lily's Kitchen Turkey & Trout Senior...1kg,£9.50,95p per 100g,Buy 2 for £16,
Lily's Kitchen Whicker Lickin' Chicken,Lily's Kitchen Whicker Lickin' Chicken85g,£1.20,£14.12 per kg,Buy 2 for £1.80,
Lily's Kitchen Wild Campfire Stew,Lily's Kitchen Wild Campfire Stew400g,£3.20,£8.00 per kg,,
Lily's Kitchen Wild Campfire Stew,Lily's Kitchen Wild Campfire Stew150g,£1.50,£10.00 per kg,,
Little Petface Bell Mouse Cat Kitten Toy,Little Petface Bell Mouse Cat Kitten Toy,£2,,,
Little Petface Dream Big Teaser Cat Kitten Toy,Little Petface Dream Big Teaser Cat Kitten Toy,£3.50,,,
Little Petface Dream Big Teaser Kitten Toy,Little Petface Dream Big Teaser Kitten Toy,£4,£4.00 each,,
Little Petface Latex Teddy Bear Puppy Toy,Little Petface Latex Teddy Bear Puppy Toy,£4,£4.00 each,,
Little Petface Latex Train Puppy Toy,Little Petface Latex Train Puppy Toy,£4.99,£4.99 each,,
Little Petface Little Rocket Puppy Toy,Little Petface Little Rocket Puppy Toy,£5.99,£5.99 each,,
Little Petface Moon Kitten Toy,Little Petface Moon Kitten Toy,£3,£3.00 each,,
Little Petface Mouse Bell Kitten Toy,Little Petface Mouse Bell Kitten Toy,£2.50,£2.50 each,,
Little Petface Pom Pom Cat & Kitten Toys,Little Petface Pom Pom Cat & Kitten Toys,£3,£3.00 each,,
Little Petface Pom Poms Cat Kitten Toy,Little Petface Pom Poms Cat Kitten Toy,£2.50,,,
Little Petface Puppy Freddi Cord Dog Toy,Little Petface Puppy Freddi Cord Dog Toy,£5.99,£5.99 each,,
Little Petface Tripod Puppy Chew,Little Petface Tripod Puppy Chew,£4,£4.00 each,,
Meowee Cat-Nippy Chicken Cat Treats,Meowee Cat-Nippy Chicken Cat Treats35g,£1.75,£5.00 per 100g,,
Meowee Fillet Strips Tuna,Meowee Fillet Strips Tuna35g,£1.75,£5.00 per 100g,,
Meowing Heads Paw Lickin' Chicken Wet Cat Food Pouch,Meowing Heads Paw Lickin' Chi...100g,£1.35,£1.35 per 100g,,
Meowing Heads Senior Moments,Meowing Heads Senior Moments450g,£7,£1.56 per 100g,,
Meowing Heads Smitten Kitten,Meowing Heads Smitten Kitten450g,£7,£1.56 per 100g,,
Meowing Heads So-fish-ticated Salmon,Meowing Heads So-fish-ticated Salmon450g,£7,£1.56 per 100g,,
Meowing Heads So-fish-ticated Salmon Wet Cat Food Pouch,Meowing Heads So-fish-ticated S...100g,£1.35,£1.35 per 100g,,
Meowing Heads Supurrr Surf & Turf Wet Cat Food Pouch,Meowing Heads Supurrr Surf &...100g,£1.35,£1.35 per 100g,,
Meowing Heads Top Cat Turkey Wet Cat Food Pouch,Meowing Heads Top Cat Tur...100g,£1.35,£1.35 per 100g,,
Misfits Nasher Sticks Adult Large Dog Treats with Chicken and Beef ,Misfits Nasher Sticks Adult Large Dog T...270g,£1.15,£4.26 per kg,,
Misfits Twistos Dog Treats with Beef,Misfits Twistos Dog Treats with Beef105g,£1.15,£1.10 per 100g,,
Misfits Twistos Dog Treats with Chicken,Misfits Twistos Dog Treats with Chicken105g,£1.15,£1.10 per 100g,,
Misfits Wonky Chomp Adult Medium Dog Treats Liver 2 Stick ,Misfits Wonky Chomp Adult Medium...170g,£1.15,£6.76 per kg,,
Morrisons 28 Day Multipack Dental Sticks ,Morrisons 28 Day Multipack Dental Sticks 560g,£3,£5.36 per kg,,
Morrisons Antibacterial Clumping Cat Litter,Morrisons Antibacterial Clumping Cat Litter8L,£5.99,74.9p per litre,,
Morrisons Antibacterial Light Weight Cat Litter,Morrisons Antibacterial Light Weight Cat Litter8L,£5.99,74.9p per litre,,
Morrisons Barley Straw,Morrisons Barley Straw1.5kg,£2.25,£1.50 per kg,,
Morrisons Biscuit Mix Selection,Morrisons Biscuit Mix Selection800g,£1.90,£2.38 per kg,,
Morrisons Bumper Mixed Jelly Cat Food,Morrisons Bumper Mixed Jelly Cat Food40 x 100g,£12.25,30.6p per 100g,,
Morrisons Cat Food Chicken Pate,Morrisons Cat Food Chicken Pate100g,50p,50p per 100g,Morrisons Cat Food Pate - Buy 4 For The Price Of 3,
Morrisons Cat Food Fish & Meat Chunks In Jelly,Morrisons Cat Food Fish & Meat Chunks In Jelly12 x 400g,£9,18.8p per 100g,,
Morrisons Cat Food Fish Chunks In Jelly,Morrisons Cat Food Fish Chunks In Jelly6 x 400g,£4.95,20.6p per 100g,,
Morrisons Cat Food Ham Pate,Morrisons Cat Food Ham Pate100g,50p,50p per 100g,Morrisons Cat Food Pate - Buy 4 For The Price Of 3,
Morrisons Cat Food Meat Chunks In Gravy,Morrisons Cat Food Meat Chunks In Gravy12 x 400g,£9,18.8p per 100g,,
Morrisons Cat Food Meat Chunks In Gravy,Morrisons Cat Food Meat Chunks In Gravy6 x 400g,£4.95,20.6p per 100g,,
Morrisons Cat Food Meaty Feast Chunks In Jelly,Morrisons Cat Food Meaty Feast Chunks In Jelly6 x 400g,£4.95,20.6p per 100g,,
Morrisons Cat Milk ,Morrisons Cat Milk 200ml,85p,42.5p per 100ml,,
Morrisons Cat Snack Chicken Pillow  ,Morrisons Cat Snack Chicken Pillow  60g,85p,£14.17 per kg,,
Morrisons Cat Snack Pillow With Cheese ,Morrisons Cat Snack Pillow With Cheese 60g,85p,£14.17 per kg,,
Morrisons Cat Snack Pillow With Salmon ,Morrisons Cat Snack Pillow With Salmon 60g,85p,£14.17 per kg,,
Morrisons Chicken & Veg Dry Dog Food,Morrisons Chicken & Veg Dry Dog Food2.5kg,£3.50,14p per 100g,,
Morrisons Chicken & Veg Puppy Food,Morrisons Chicken & Veg Puppy Food2.5kg,£3.50,14p per 100g,,
Morrisons Chicken Senior Dog Food,Morrisons Chicken Senior Dog Food2.5kg,£3.50,14p per 100g,,
Morrisons Complete Beef & Veg Dry Dog Food,Morrisons Complete Beef & Veg Dry Dog Food12kg,£12.25,10.2p per 100g,,
Morrisons Complete Beef & Veg Pet Food,Morrisons Complete Beef & Veg Pet Food3kg,£4.25,£1.42 per kg,,
Morrisons Complete Cat Food Meat Selection In Jelly Pouches,Morrisons Complete Cat Food Meat...12 x 100g,£3.90,£3.25 per kg,,
Morrisons Complete Chicken & Veg Dry Cat Food,Morrisons Complete Chicke...2kg,£3.50,17.5p per 100g,,
Morrisons Complete Dog Food Chicken,Morrisons Complete Dog Food Chicken12kg,£12.25,10.2p per 100g,,
Morrisons Complete Dog Food Chicken Veg & Rice,Morrisons Complete Dog Food Chicken Veg & Rice3kg,£4.25,£1.42 per kg,,
Morrisons Complete Dog Food Chicken Veg & Rice,Morrisons Complete Dog Food Chicken Veg & Rice6kg,£7.75,£1.29 per kg,,
Morrisons Complete Dry Cat Food With Chicken & Vegetables,Morrisons Complete Dry Cat Food W...1kg,£1.75,£1.75 per kg,,
Morrisons Complete Fish Selection In Jelly Pouches,Morrisons Complete Fish Selection In Jelly Pouches12 x 100g,£3.90,£3.25 per kg,,
Morrisons Complete Kitten Selection In Jelly,Morrisons Complete Kitten Selection In Jelly12 x 100g,£3.90,£3.25 per kg,,
Morrisons Complete Trout Dry Cat Food,Morrisons Complete Trout Dry Cat Food2kg,£3.50,17.5p per 100g,,
Morrisons Dental Stick Large Breeds,Morrisons Dental Stick Large Breeds270g,£1.15,£4.26 per kg,,
Morrisons Dental Sticks Medium,Morrisons Dental Sticks Medium7 per pack,95p,13.6p each,,
Morrisons Dental Sticks Small,Morrisons Dental Sticks Small7 per pack,90p,12.9p each,,
Morrisons Dog Food Beef Pate,Morrisons Dog Food Beef Pate300g,75p,25p per 100g,,
Morrisons Dog Food Beef Pate,Morrisons Dog Food Beef Pate150g,65p,43.3p per 100g,,
Morrisons Dog Food Chicken Pate,Morrisons Dog Food Chicken Pate300g,75p,25p per 100g,,
Morrisons Dog Food Chicken Pate,Morrisons Dog Food Chicken Pate150g,65p,43.3p per 100g,,
Morrisons Dog Food In Gravy,Morrisons Dog Food In Gravy12 x 100g,£3.90,32.5p per 100g,,
Morrisons Dog Food In Jelly,Morrisons Dog Food In Jelly40 x 100g,£12.25,30.6p per 100g,,
Morrisons Dog Food Lamb Pate,Morrisons Dog Food Lamb Pate300g,75p,25p per 100g,,
Morrisons Dog Food Lamb Pate,Morrisons Dog Food Lamb Pate150g,65p,43.3p per 100g,,
Morrisons Dog Food Meat Chunks In Gravy,Morrisons Dog Food Meat Chunks In Gravy12 x 400g,£9,18.8p per 100g,,
Morrisons Dog Food Meat Chunks In Gravy,Morrisons Dog Food Meat Chunks In Gravy24 x 400g,£17.99,18.7p per 100g,,
Morrisons Dog Food Meat Chunks In Gravy,Morrisons Dog Food Meat Chunks In Gravy6 x 400g,£4.95,20.6p per 100g,,
Morrisons Dog Food Meat Chunks In Jelly,Morrisons Dog Food Meat Chunks In Jelly12 x 400g,£9,18.8p per 100g,,
Morrisons Dog Food Meat Chunks In Jelly,Morrisons Dog Food Meat Chunks In Jelly6 x 400g,£4.95,20.6p per 100g,,
Morrisons Dog Food Meat Loaf,Morrisons Dog Food Meat Loaf12 x 400g,£9,18.8p per 100g,,
Morrisons Dog Food Pate Multi-Pack,Morrisons Dog Food Pate Multi-Pack12 x 150g,£5.20,28.9p per 100g,,
Morrisons Dog Pate,Morrisons Dog Pate6 x 300g,£4.20,23.3p per 100g,,
 Morrisons Dog Poo Bag With Closure Sticker, Morrisons Dog Poo Bag With Closure Sticker,£2.45,,,
Morrisons Fresh Breath Dog Dental Treat,Morrisons Fresh Breath Dog Dental Treat180g,90p,£5.00 per kg,,
Morrisons Joint Care Large Dog Snacks,Morrisons Joint Care Large Dog Snacks151g,£1.30,£8.61 per kg,,
Morrisons Meadow Hay,Morrisons Meadow Hay,£3,,,
Morrisons Meat & Poultry Senior Cat Food In Jelly,Morrisons Meat & Poultry Senior Cat Food In Jelly12 x 100g,£3.90,32.5p per 100g,,
Morrisons Meat Filled Bone,Morrisons Meat Filled Bone200g,95p,£4.75 per kg,,
Morrisons Meat Filled Bone Small Dog Snacks ,Morrisons Meat Filled Bone Small Dog Snacks 180g,£1.10,£6.11 per kg,,
Morrisons Meaty Strips With Beef Pet Food,Morrisons Meaty Strips With Beef Pet Food200g,85p,42.5p per 100g,,
Morrisons Meaty Strips With Chicken ,Morrisons Meaty Strips With Chicken 200g,85p,£4.25 per kg,,
Morrisons Mixed Puppy Food In Jelly,Morrisons Mixed Puppy Food In Jelly12 x 100g,£3.90,32.5p per 100g,,
Morrisons Mixed Senior Cat Food In Jelly,Morrisons Mixed Senior Cat Food In Jelly40 x 100g,£12.25,30.6p per 100g,,
Morrisons Mixer Dog Food ,Morrisons Mixer Dog Food 2kg,£2.75,£1.38 per kg,,
Morrisons Natural Complete Adult Cat Chicken ,Morrisons Natural Complet...800g,£2.85,£3.56 per kg,,
Morrisons Natural Complete Adult Dog Salmon ,Morrisons Natural Compl...2kg,£5.25,£2.63 per kg,,
Morrisons Premium Adult Dog Pouch Chicken In Jelly ,Morrisons Premium Adult Dog Pouch Chicken In Jelly 12 x 85g,£4.15,£4.07 per kg,,
Morrisons Premium Dog Pate Beef And Chicken ,Morrisons Premium Dog Pate Beef And Chicken 6 x 400g,£5.25,£2.19 per kg,,
Morrisons Premium Dog Pate Chicken,Morrisons Premium Dog Pate Chicken6 x 400g,£5.25,£2.19 per kg,,
Morrisons Premium Pate With Beef & Chicken For Adult Dogs ,Morrisons Premium Pate With Beef...300g,99p,£3.30 per kg,,
Morrisons Premium Pate With Beef And Chicken For Adult Dogs,Morrisons Premium Pate With Beef...150g,70p,£4.67 per kg,,
Morrisons Premium Pate With Chicken For Adult Dogs ,Morrisons Premium Pate With C...150g,70p,£4.67 per kg,,
Morrisons Premium Pate With Chicken For Adult Dogs ,Morrisons Premium Pate With C...300g,99p,£3.30 per kg,,
Morrisons Puppy Food Meat Chunks In Jelly,Morrisons Puppy Food Meat Chunks In Jelly6 x 400g,£4.95,20.6p per 100g,,
Morrisons Savers Cat Litter,Morrisons Savers Cat Litter10kg,£1.95,19.5p per kg,,
Morrisons Senior Cat Food Chicken Pate,Morrisons Senior Cat Food Chicken Pate100g,50p,50p per 100g,Morrisons Cat Food Pate - Buy 4 For The Price Of 3,
Morrisons Senior Dog Food In Gravy,Morrisons Senior Dog Food In Gravy12 x 100g,£3.90,32.5p per 100g,,
Morrisons Senior Dog Food Meat Chunks In Jelly,Morrisons Senior Dog Food Meat Chunks In Jelly6 x 400g,£4.95,20.6p per 100g,,
Morrisons Super Absorbent Cat Litter,Morrisons Super Absorbent Cat Litter10L,£4.50,45p per litre,,
Morrisons Twisters Chicken Dog Snacks,Morrisons Twisters Chicken Dog Snacks140g,£1.10,£7.86 per kg,,
Morrisons Ultra Super Fine Clumping Cat Litter,Morrisons Ultra Super Fine Clumping Cat Litter5L,£4.50,90p per litre,,
Morrisons Wild Bird Dried Mealworms ,Morrisons Wild Bird Dried Mealworms 100g,£2,£20.00 per kg,,
Morrisons Wild Bird Peanuts,Morrisons Wild Bird Peanuts2kg,£7.25,£3.63 per kg,,
Morrisons Wild Bird Peanuts,Morrisons Wild Bird Peanuts750g,£3.15,£4.20 per kg,,
Morrisons Wild Bird Seed ,Morrisons Wild Bird Seed 2.5kg,£4,£1.60 per kg,,
Morrisons Wild Bird Seed ,Morrisons Wild Bird Seed 4kg,£5.10,£1.28 per kg,,
Morrisons Wild Bird Seed 1,Morrisons Wild Bird Seed 11kg,£1.70,£1.70 per kg,,
Morrisons Wild Bird Suet Pellets ,Morrisons Wild Bird Suet Pellets 2.5kg,£6,£2.40 per kg,,
Morrisons Wild Bird Suet Pellets With Mealworm,Morrisons Wild Bird Suet Pellets With Mealworm500g,£1.60,£3.20 per kg,,
Morrisons Wild Bird Sunflower Hearts,Morrisons Wild Bird Sunflower Hearts1kg,£4.10,£4.10 per kg,,
Morrisons Worker Dog Food Meat Chunks In Gravy,Morrisons Worker Dog Food...24 x 400g,£14.75,15.4p per 100g,,
Morrisons Worker Dry Dog Food,Morrisons Worker Dry Dog Food3kg,£3.20,10.7p per 100g,,
Morrisons Working Dog Complete Beef & Vegetables,Morrisons Working Dog Compl...12kg,£9.99,83.3p per kg,,
National Trust CJ Wildlife Anna Recycled Cake Feeder for Wild Birds,National Trust CJ Wildlife Anna Recycle...,£4,£4.00 each,,
National Trust CJ Wildlife Dried Mealworms,National Trust CJ Wildlife Dried Mealworms250g,£7.50,£3.00 per 100g,,
National Trust CJ Wildlife Dublin Wild Bird Peanut Butter Feeder,National Trust CJ Wildlife Dublin Wil...,£5.95,£5.95 each,,
National Trust CJ Wildlife Duck & Swan Blend,National Trust CJ Wildlife Duck & Swan Blend1.5L,£2.85,£1.90 per litre,,
National Trust CJ Wildlife Fat Balls For Wild Birds 30pk,National Trust CJ Wildlife Fat...,£9,£9.00 each,,
National Trust CJ Wildlife Fat Balls For Wild Birds 6pk,National Trust CJ Wildlife Fat...,£2,£2.00 each,,
National Trust CJ Wildlife Garden Bird Table Seed,National Trust CJ Wildlife Garden Bird Table Seed12.75kg,£22.50,£1.76 per kg,,
National Trust CJ Wildlife Garden Wild Bird Feeder Seed,National Trust CJ Wildlife Gard...3L,£3.99,£1.33 per litre,,
National Trust CJ Wildlife Gourmet Robin Blend Wild Bird Food,National Trust CJ Wildlife Gourmet...1.5L,£4,£2.67 per litre,,
National Trust CJ Wildlife Gourmet Robin Peanut Cake,National Trust CJ Wildlife Go...500ml,£4,£8.00 per litre,,
National Trust CJ Wildlife Hi-Energy No Mess Wild Bird Food,National Trust CJ Wildlife Hi-Ene...12.75kg,£38,£2.98 per kg,,
National Trust CJ Wildlife Hi-Energy No Mess Wild Bird Food,National Trust CJ Wildlife Hi-Ene...1.7kg,£7.40,£4.35 per kg,,
National Trust CJ Wildlife Insect Peanut Cake,National Trust CJ Wildlife Insect Peanut Cake,£2.50,£2.50 each,,
National Trust CJ Wildlife Insect Suet Pellets,National Trust CJ Wildlife Insect Suet Pellets,£7.50,£7.50 each,,
National Trust CJ Wildlife Oil Rich Wild Bird Peanuts,National Trust CJ Wildlife Oil Rich Wild Bird Peanuts12.75kg,£35,£2.75 per kg,,
National Trust CJ Wildlife Original Peanut Butter for Birds,National Trust CJ Wildlife Origin...,£2.85,£2.85 each,,
National Trust CJ Wildlife Premium Sunflower Hearts Wild Bird Food,National Trust CJ Wildlife Premium Sunf...1.6kg,£7.50,£4.69 per kg,,
National Trust CJ Wildlife Sam Recycled Fat Ball Wild Bird Feeder,National Trust CJ Wildlife Sam Recycl...,£3,£3.00 each,,
National Trust CJ Wildlife Seed Peanut Cake ,National Trust CJ Wildlife Seed Peanut Cake ,£2.05,£2.05 each,,
National Trust CJ Wildlife Small Metal Peanut Feeder,National Trust CJ Wildlife Sm...,£10,£10.00 each,,
National Trust CJ Wildlife Vierno Drinker Water Dish for Wild Birds,National Trust CJ Wildlife Vierno Drink...,£8.99,£8.99 each,,
National Trust CJ Wildlife Whole Coconut for Wild Birds,National Trust CJ Wildlife Whol...,£4,£4.00 each,,
National Trust Green Metal Squirrel Feeder,National Trust Green Metal Squirrel Feeder,£19.99,£19.99 each,,
"Naturo Adult Dog Chicken, Lamb & Rice With Vegetables","Naturo Adult Dog Chicken, Lam...400g",£1.35,£3.38 per kg,,
Naturo Adult Dog Grain Free Chicken & Potato With Vegetables,Naturo Adult Dog Grain Free Chicken...400g,£1.35,£3.38 per kg,,
Naturo Adult Dog Grain Free Poultry Variety,Naturo Adult Dog Grain Free Poultry Variety6 x 400g,£7.50,31.3p per 100g,,
Naturo Adult Dog Variety,Naturo Adult Dog Variety6 x 400g,£7.50,£3.13 per kg,,
Naturo Grain Free Chicken & Potato With Vegetables Adult Dog,Naturo Grain Free Chicken & Potato...2kg,£7.99,40p per 100g,,
Naturo Grain Free Puppy Chicken And Potato With  Veg,Naturo Grain Free Puppy Chick...150g,90p,60p per 100g,,
Naturo Grain Free Turkey Adult Dog,Naturo Grain Free Turkey Adult Dog2kg,£7.99,40p per 100g,,
Peamutt Peanut Butter For Dogs,Peamutt Peanut Butter For Dogs340g,£2,58.8p per 100g,"Offer price £2, was £2.50",
Peckish Complete 6 Natural Balance Energy Balls,Peckish Complete 6 Natura...6 per pack,£1.50,25p each,,
Peckish Complete Seed & Nut Mix,Peckish Complete Seed & Nut Mix1kg,£3.10,£3.10 per kg,,
Peckish Complete Suet Bites,Peckish Complete Suet Bites1kg,£4.60,£4.60 per kg,,
Peckish Extra Goodness Suet Balls ,Peckish Extra Goodness Suet Balls 4 per pack,£1.75,43.8p each,,
Peckish No Grow Seed Mix,Peckish No Grow Seed Mix1.7kg,£4.99,29.4p per 100g,,
Peckish Winter Warmer Seed Mix,Peckish Winter Warmer Seed Mix1kg,£3,£3.00 per kg,,
Peckish Wintr Warmer Suet Cake,Peckish Wintr Warmer Suet Cake,£2,,,
Pedigree Adult Wet Dog Food Pouches Farmers Selection in Gravy,Pedigree Adult Wet Dog Food Pouches...40 x 100g,£14.50,£3.63 per kg,,
Pedigree Adult Wet Dog Food Pouches Mixed in Gravy ,Pedigree Adult Wet Dog Food P...12 x 100g,£4.99,£4.16 per kg,,
Pedigree Adult Wet Dog Food Pouches Mixed in Gravy,Pedigree Adult Wet Dog Food...12 x 100g,£4.99,£4.16 per kg,,
Pedigree Adult Wet Dog Food Pouches Mixed in Gravy Giant Pack,Pedigree Adult Wet Dog Food Pouches...80 x 100g,£28,35p per 100g,,
Pedigree Adult Wet Dog Food Pouches Mixed In Jelly ,Pedigree Adult Wet Dog Food P...12 x 100g,£4.99,£4.16 per kg,,
Pedigree  Adult Wet Dog Food Pouches Mixed Selection in Gravy ,Pedigree  Adult Wet Dog Food Pouche...12 x 100g,£4.99,£4.16 per kg,,
Pedigree Adult Wet Dog Food Pouches Mixed Selection in Gravy Mega Pack,Pedigree Adult Wet Dog Food P...40 x 100g,£14.50,36.3p per 100g,,
Pedigree Adult Wet Dog Food Tin Original in Loaf,Pedigree Adult Wet Dog Food Tin Original in Loaf400g,£2.10,£5.25 per kg,,
Pedigree Adult Wet Dog Food Tins Mixed in Gravy ,Pedigree Adult Wet Dog Food Tins Mixed in Gravy 12 x 400g,£13.75,£2.86 per kg,,
Pedigree Adult Wet Dog Food Tins Mixed in Gravy,Pedigree Adult Wet Dog Food Tins Mixed in Gravy6 x 400g,£7,£2.92 per kg,,
Pedigree Adult Wet Dog Food Tins Mixed in Jelly ,Pedigree Adult Wet Dog Food Tins Mixed in Jelly 6 x 400g,£7,£2.92 per kg,,
Pedigree Adult Wet Dog Food Tins Mixed in Jelly,Pedigree Adult Wet Dog Food Tins Mixed in Jelly6 x 385g,£7,£3.03 per kg,,
Pedigree Adult Wet Dog Food Tins Mixed in Jelly,Pedigree Adult Wet Dog Food Tins Mixed in Jelly12 x 385g,£13.75,£2.98 per kg,,
Pedigree Biscrok Gravy Bones Adult Dog Treats Original Biscuits,Pedigree Biscrok Gravy Bones Adult Do...400g,£1.50,£3.75 per kg,"Offer price £1.50, was £2.50",
Pedigree Biscrok Gravy Bones Biscuits Original Dog Treats,Pedigree Biscrok Gravy Bones Bisc...10 per pack,£3.90,39p each,,
"Pedigree Can Adult Dog Wet Chunks in loaf Original, Chicken & Lamb 12x400g",Pedigree Can Adult Dog Wet Chun...12 x 400g,£13.50,£2.81 per kg,,
Pedigree Dentastix Chewy Chunx Maxi Adult Dog Treats Chicken,Pedigree Dentastix Chewy Chunx Maxi...68g,£1.95,£2.87 per 100g,,
Pedigree Dentastix Chewy Chunx Mini Adult Small Dog Treat Beef ,Pedigree Dentastix Chewy Chunx Mini A...68g,£1.95,£2.87 per 100g,,
Pedigree Dentastix Chewy Chunx Mini Adult Small Dog Treats Chicken,Pedigree Dentastix Chewy Chunx Mini Adu...68g,£1.29,£1.90 per 100g,"Offer price £1.29, was £1.95",
Pedigree Dentastix Daily Adult Large Dog Treats 21 x Dental Sticks,Pedigree Dentastix Daily Adult Large Do...810g,£7,86.4p per 100g,,
Pedigree Dentastix Daily Adult Large Dog Treats 4 x Dental Sticks ,Pedigree Dentastix Daily Adult Large Do...154g,£1.95,£1.27 per 100g,Buy 2 for £2.50,
Pedigree Dentastix Daily Adult Medium Dog Treats 28 x Dental Sticks,Pedigree Dentastix Daily Adult Medium D...720g,£7,97.2p per 100g,,
Pedigree Dentastix Daily Adult Medium Dog Treats 56x Dental Sticks,Pedigree Dentastix Daily Adult Medium D...1.44kg,£15,£10.42 per kg,,
Pedigree Dentastix Daily Adult Medium Dog Treats 5 x Dental Sticks,Pedigree Dentastix Daily Adult Medium D...128g,£1.65,£1.29 per 100g,Buy 2 for £2.50,
Pedigree Dentastix Daily Adult Small Dog Treats 35 x Dental Sticks ,Pedigree Dentastix Daily Adult Small Do...550g,£7,£1.27 per 100g,,
Pedigree Dentastix Daily Adult Small Dog Treats 70 x Dental Sticks,Pedigree Dentastix Daily Adult Small Do...1.1kg,£13,£11.82 per kg,,
Pedigree Dentastix Daily Adult Small Dog Treats 7 x Dental Sticks,Pedigree Dentastix Daily Adult Small...110g,£1.95,£17.73 per kg,Buy 2 for £2.50,
Pedigree Dentastix Daily Oral Care Large Dogs,Pedigree Dentastix Daily Oral Care Large Dogs42 per pack,£10.99,26.2p each,,
Pedigree Dentastix Fresh Adult Large Dog Treats 21 x Dental Sticks,Pedigree Dentastix Fresh Adult Large Do...810g,£6.50,80.2p per 100g,,
Pedigree Dentastix Fresh Adult Large Dog Treats 4 x Dental Sticks,Pedigree Dentastix Fresh Adult Large...154g,£1.95,£1.27 per 100g,Buy 2 for £2.50,
Pedigree Dentastix Fresh Adult Medium Dog Treats 28 x Dental Sticks,Pedigree Dentastix Fresh Adult Medium D...4 x 180g,£9,£12.50 per kg,,
Pedigree Dentastix Fresh Adult Medium Dog Treats 5 x Dental Sticks ,Pedigree Dentastix Fresh Adult Medium D...128g,£1.65,£1.29 per 100g,Buy 2 for £2.50,
Pedigree Dentastix Fresh Adult Small Dog Treats 7 x Dental Sticks,Pedigree Dentastix Fresh Adult Small...110g,£1.95,£17.73 per kg,Buy 2 for £2.50,
Pedigree Denta Tubo Puppy Dog Dental Treats 3 Sticks,Pedigree Denta Tubo Puppy Dog...3 x 24g,£1.29,£17.92 per kg,,
Pedigree Dog Food In Jelly ,Pedigree Dog Food In Jelly 24 x 385g,£27,29.2p per 100g,,
Pedigree Dry Complete Adult Small Dog Chicken and Vegetables,Pedigree Dry Complete Adult Small D...3kg,£8.75,£2.92 per kg,,
Pedigree Dry Complete Puppy Chicken and Rice ,Pedigree Dry Complete Puppy Chicken and Rice 3kg,£8.75,£2.92 per kg,,
Pedigree Dry Mixer Adult Small Dog,Pedigree Dry Mixer Adult Small Dog2kg,£6,£3.00 per kg,,
Pedigree Jumbone Adult Medium Dog Treat Beef & Poultry 2 Chews,Pedigree Jumbone Adult Medium Dog T...2 x 180g,£1.95,54.2p per 100g,Buy 2 for £2.50,
Pedigree Jumbone Adult Medium Dog Treat Chicken & Lamb 2 Chews,Pedigree Jumbone Adult Medium Dog T...2 x 180g,£1.95,54.2p per 100g,Buy 2 for £2.50,
Pedigree Jumbone Mini Adult Small Dog Treats Beef & Poultry 4 Chews,Pedigree Jumbone Mini Adult Small Dog T...4 x 160g,£1.95,30.5p per 100g,Buy 2 for £2.50,
Pedigree Jumbone Mini Adult Small Dog Treats Chicken & Lamb 4 Chews,Pedigree Jumbone Mini Adult Small Dog T...4 x 160g,£1.95,30.5p per 100g,Buy 2 for £2.50,
Pedigree Markies Adult Dog Treats Marrowbone Biscuits,Pedigree Markies Adult Dog Tr...500g,£1.50,£3.00 per kg,"Offer price £1.50, was £2.50",
Pedigree Markies Biscuits Mini Dog Treats,Pedigree Markies Biscuits Mini Dog Treats12.5kg,£3.10,24.8p per kg,,
Pedigree Markies Mini Adult Dog Treats Marrowbone Biscuits ,Pedigree Markies Mini Adult Dog T...500g,£1.50,£3.00 per kg,,
Pedigree Mixer Original,Pedigree Mixer Original10kg,£1.60,16p per kg,,
Pedigree Puppy Wet Dog Food Pouches Mixed in Jelly,Pedigree Puppy Wet Dog Food...12 x 100g,£4.99,£4.16 per kg,,
Pedigree Puppy Wet Dog Food Tins Mixed In Jelly,Pedigree Puppy Wet Dog Food Tins Mixed In Jelly6 x 400g,£7,£2.92 per kg,,
Pedigree Ranchos Adult Dog Treats Beef 4 Slices,Pedigree Ranchos Adult Dog Treats Beef 4 Slices60g,£1.65,£27.50 per kg,Buy 2 for £2.50,
Pedigree Ranchos Twists Adult Dog Treats Chicken Sticks 40g,Pedigree Ranchos Twists Adult Dog...40g,£1.65,£41.25 per kg,Buy 2 for £2.50,
Pedigree Rodeo Adult Dog Treats Beef 7 Sticks,Pedigree Rodeo Adult Dog Treats Beef 7 Sticks7 x 123g,£1.95,22.6p per 100g,Buy 2 for £2.50,
Pedigree Rodeo Adult Dog Treats Chicken 7 Sticks,Pedigree Rodeo Adult Dog Treats Chicken 7 Sticks7 x 123g,£1.95,22.6p per 100g,Buy 2 for £2.50,
Pedigree Rodeo Duos & Jumbone Medium Dog Treats Mega Box 28 Chews ,Pedigree Rodeo Duos & Jumbo...780g,£6.50,83.3p per 100g,,
Pedigree Rodeo Duos Adult Dog Treats Beef & Cheese 7 Chews,Pedigree Rodeo Duos Adult Dog Tre...123g,£1.95,£1.59 per 100g,Buy 2 for £2.50,
Pedigree Rodeo Duos Adult Dog Treats Chicken & Bacon 7 Chews,Pedigree Rodeo Duos Adult Dog Treat...123g,£1.95,£1.59 per 100g,Buy 2 for £2.50,
Pedigree Schmackos Adult Dog Treats Fish Mix 20 Strips,Pedigree Schmackos Adult Dog Tr...20 x 144g,£1.95,6.8p per 100g,Buy 2 for £2.50,
Pedigree Schmackos Adult Dog Treats Meaty Multi Mix 110 Sticks ,Pedigree Schmackos Adult Dog Treats M...790g,£6.50,82.3p per 100g,,
Pedigree Schmackos Adult Dog Treats Meaty Multi Mix 20 Strips,Pedigree Schmackos Adult Dog Treats...144g,£1.95,£1.35 per 100g,Buy 2 for £2.50,
Pedigree Schmackos Adult Dog Treats Poultry Mix 20 Strips ,Pedigree Schmackos Adult Dog Trea...20 x 144g,£1.95,6.8p per 100g,Buy 2 for £2.50,
Pedigree Senior Wet Dog Food Tins Meat In Loaf,Pedigree Senior Wet Dog Food Tins Meat In Loaf6 x 400g,£7,£2.92 per kg,,
Pedigree Tasty Minis Adult Dog Treats Beef & Poultry Chewy Slices,Pedigree Tasty Minis Adult Dog Treats...155g,£1.29,£8.32 per kg,,
Pedigree Tasty Minis Adult Dog Treats Cheese & Beef Nibbles,Pedigree Tasty Minis Adult Dog Tr...140g,£1.29,£9.21 per kg,"Offer price £1.29, was £1.50",
Pedigree Tasty Minis Adult Dog Treats Chicken & Duck Chewy Cubes,Pedigree Tasty Minis Adult Dog Treats...130g,£1.29,£9.92 per kg,,
Pedigree Tasty Minis Puppy Dog Treats Chicken Chewy Cubes,Pedigree Tasty Minis Puppy Dog Tr...125g,£1.29,£1.03 per 100g,,
Pedigree Wet Dog Food Pouches Mixed Variety in Jelly,Pedigree Wet Dog Food Pouches...40 x 100g,£14.50,36.3p per 100g,,
Perfect Fit Advanced Nutrition Adult Complete Dry Cat Food Chicken,Perfect Fit Advanced Nutrition Adult Co...750g,£4,£5.33 per kg,,
Perfect Fit Advanced Nutrition Adult Complete Dry Cat Food Chicken,Perfect Fit Advanced Nutrition Adult Co...2.8kg,£12,£4.29 per kg,,
Perfect Fit Advanced Nutrition Adult Complete Dry Cat Food Salmon,Perfect Fit Advanced Nutrition Adult...750g,£4,£5.33 per kg,,
Perfect Fit Advanced Nutrition Adult Complete Dry Cat Food Salmon,Perfect Fit Advanced Nutrition Adult...2.8kg,£12,£4.29 per kg,,
Perfect Fit Advanced Nutrition Senior Complete Dry Cat Food Chicken,Perfect Fit Advanced Nutrition Senior C...750g,£4,£5.33 per kg,,
Perfect Fit Cat Complete Dry Adult 1+ With Chicken,Perfect Fit Cat Complete Dry Adult 1+ With Chicken7g,£3.40,£485.71 per kg,,
Petface 3 Pack Sponge Balls Dog Toy,Petface 3 Pack Sponge Balls Dog Toy,£3.50,£3.50 each,,
Petface Blue/Grey Dog Bowl 1.45 Litre,Petface Blue/Grey Dog Bowl 1.45 Litre,£2.50,,,
Petface Bone Pattern Cream & Green Dog Bowl 20cm,Petface Bone Pattern Cream...,£10.99,£10.99 each,,
Petface Buddies Caterpillar Dog Toy,Petface Buddies Caterpillar Dog Toy,£7.99,£7.99 each,,
Petface Buddies Sunflower Dog Toy,Petface Buddies Sunflower Dog Toy,£8.99,£8.99 each,,
Petface Cat Litter Tray Liners ,Petface Cat Litter Tray Liners 6 per pack,£1,16.7p each,,
Petface Catnip Teaser Spider Cat Toy,Petface Catnip Teaser Spider Cat Toy,£3.79,£3.79 each,,
Petface Ceramic Fish Bone Cat Bowl,Petface Ceramic Fish Bone Cat Bowl,£4.99,£4.99 each,,
Petface Ceramic Red Heart Cat Bowl Flared,Petface Ceramic Red Heart Cat Bowl Flared,£5.99,£5.99 each,,
Petface Compact Catnip Card Cat Scratcher,Petface Compact Catnip Card Cat Scratcher,£3.99,£3.99 each,,
Petface Degradable Poop Bags ,Petface Degradable Poop Bags 50 per pack,£1.99,4p each,,
Petface Deli Dog Bowl Grey Spots 17cm,Petface Deli Dog Bowl Grey Spots 17cm,£4.50,,,
Petface Deli Grey Spots Dog Bowl 14cm,Petface Deli Grey Spots Dog Bowl 14cm,£5,£5.00 each,,
Petface Dog Poop Bag Dispenser,Petface Dog Poop Bag Dispenser,£2.20,£2.20 each,,
Petface Dog Poop Bag Refills,Petface Dog Poop Bag Refills60 per pack,£2.20,3.7p each,,
Petface Dog Shaped Dog Toy,Petface Dog Shaped Dog Toy,£4,,,
Petface Drawstring Cat Litter Liners Medium 10 per pack,Petface Drawstring Cat Litter L...,£5,£5.00 each,,
Petface Farmyard Buddies Mouse Stick Dog Toy,Petface Farmyard Buddies Mouse Stick Dog Toy,£6,£6.00 each,,
"Petface Feather Tail Mice Cat Toy, 2pk","Petface Feather Tail Mice Cat Toy, 2pk",£3.80,£3.80 each,,
Petface Fish Super Cat Teaser,Petface Fish Super Cat Teaser,£7,£7.00 each,,
Petface Foodie Apple Shaped Dog Toy,Petface Foodie Apple Shaped Dog Toy,£3.50,,,
Petface Foodie Banana Dog Toy,Petface Foodie Banana Dog Toy,£3.50,,,
Petface Foodie Faces Blackberry Dog Toy,Petface Foodie Faces Blackberry Dog Toy,£3.50,,,
Petface Foodie Faces Fluffy Sprout Dog Toy,Petface Foodie Faces Fluffy Sprout Dog Toy,£3.50,,,
Petface Foodie Faces Pea Pod Dog Toy,Petface Foodie Faces Pea Pod Dog Toy,£3.50,,,
Petface Foodie Orange Shaped Dog Toy,Petface Foodie Orange Shaped Dog Toy,£3.50,,,
Petface Foodie Pear Dog Toy,Petface Foodie Pear Dog Toy,£3.50,,,
Petface Freddie Fox Cat Toy,Petface Freddie Fox Cat Toy,£3.29,£3.29 each,,
Petface Fur & Feather Super Cat Teaser,Petface Fur & Feather Super Cat Teaser,£7,£7.00 each,,
Petface Furry Carrot Dog Toy,Petface Furry Carrot Dog Toy,£2.95,£2.95 each,,
Petface Grey Check Igloo Cat Bed,Petface Grey Check Igloo Cat Bed,£28.99,£28.99 each,,
Petface Grey Tweed Oval Pet Bed Medium,Petface Grey Tweed Oval Pet Bed Medium,£39.99,£39.99 each,,
Petface Grey Window Pane Square Dog Bed Medium,Petface Grey Window Pane...,£31.99,£31.99 each,,
Petface Latex Onion Large Dog Toy,Petface Latex Onion Large Dog Toy,£4,£4.00 each,,
Petface Latex Pear Large Dog Toy,Petface Latex Pear Large Dog Toy,£4,£4.00 each,,
Petface Luxury Multi Squeak Duck Dog Toy,Petface Luxury Multi Squeak Duck Dog Toy,£6.50,£6.50 each,,
Petface Memory Foam MicroFibre Dog Crate Mat Small,Petface Memory Foam MicroFi...,£18.40,£18.40 each,,
Petface Mighty Dragon Dog Toy,Petface Mighty Dragon Dog Toy,£8.99,£8.99 each,,
Petface Mini Tennis Balls 5 Pack,Petface Mini Tennis Balls 5 Pack5 per pack,£4.50,90p each,,
Petface Oink Oink Latex Pig Dog Toy,Petface Oink Oink Latex Pig Dog Toy,£4.99,£4.99 each,,
Petface Orange Cat Toy,Petface Orange Cat Toy,£3,£3.00 each,,
Petface Peas In A Pod Cat/Kitten Toy,Petface Peas In A Pod Cat/Kitten Toy,£4,,,
Petface Peas in a Pod Cat Toy,Petface Peas in a Pod Cat Toy,£5,£5.00 each,,
Petface Planet Natural Rubber Treat Ball,Petface Planet Natural Rubber Treat Ball,£5.50,,,
Petface Planet Percy Parrot Dog Toy,Petface Planet Percy Parrot Dog Toy,£8,,,
Petface Planet Tree Frog Dog Toy,Petface Planet Tree Frog Dog Toy,£10,,,
Petface Plush Snake Dog Toy,Petface Plush Snake Dog Toy,£7,,,
Petface Reflective Face Blue Cat Collar,Petface Reflective Face Blue Cat Collar,£3,£3.00 each,,
Petface Seriously Strong Robot Dog Toy,Petface Seriously Strong Robot Dog Toy,£7,,,
Petface Snake Super Cat Teaser,Petface Snake Super Cat Teaser,£7,£7.00 each,,
Petface Sponge Balls Dog Toy,Petface Sponge Balls Dog Toy,£1,,,
Petface Squeaky Rugby Tennis Ball Dog Toy,Petface Squeaky Rugby Tennis Ball Dog Toy,£4,£4.00 each,,
Petface Stainless Steel Dog Dish Medium,Petface Stainless Steel Dog Dish Medium,£3.15,£3.15 each,,
Petface Stainless Steel Medium Non Slip Dog Bowl,Petface Stainless Steel Med...,£3,,,
Petface Stainless Steel Puppy Dish Dog Bowl,Petface Stainless Steel Puppy Dish Dog Bowl,£1.50,£1.50 each,,
Petface Strawberry Cat Toy,Petface Strawberry Cat Toy,£5.99,£5.99 each,,
Petface Tennis Balls Dog Toy,Petface Tennis Balls Dog Toy12 per pack,£8.95,74.6p each,,
Petface Tennis Balls Dog Toy,Petface Tennis Balls Dog Toy,£1,,,
Petface The Dog Deli Chicken Dog Treats,Petface The Dog Deli Chicken Dog Treats,£2.99,£2.99 each,,
Petface The Dog Deli Chicken Pop Corn Dog Treats,Petface The Dog Deli Chicke...,£3,£3.00 each,,
Petface The Dog Deli Chicken Rolled Sweet Potato Dog Treat,Petface The Dog Deli Chicken Roll...,£2.99,£2.99 each,,
Petface The Dog Deli Chicken Skewers Dog Treat,Petface The Dog Deli Chic...,£3.50,£3.50 each,,
Petface The Dog Deli Chicken Sweet Potato Sticks Dog Treats,Petface The Dog Deli Chicken Swee...,£3.50,£3.50 each,,
Petface The Dog Deli Chicken Wrap Calcium Bones Dog Treats,Petface The Dog Deli Chicken Wrap...,£2.99,£2.99 each,,
Petface The Dog Deli Chicken Wrap Nibbles Dog Treats,Petface The Dog Deli Chicken...,£2.99,£2.99 each,,
Petface The Dog Deli Chicken Wrapped Tie Bones Dog Treats,Petface The Dog Deli Chicken Wrap...,£2.99,£2.99 each,,
Petface The Dog Deli Duck Sausage Slices Dog Treats,Petface The Dog Deli Duck Sausage Slices Dog Treats,£2.99,£2.99 each,,
Petface The Dog Deli Duck Whirls Dog Treats,Petface The Dog Deli Duck Whirls Dog Treats,£2.99,£2.99 each,,
Petface The Doggie Bistro Chicken Dog Treat Sticks,Petface The Doggie Bistro Chicken Dog Treat Sticks100g,£3,£3.00 per 100g,,
Petface Toyz Woven Knotted Rope Bone Dog Toy,Petface Toyz Woven Knot...,£5,,,
Petface Toyz Woven Quad Rope Ball Dog Toy,Petface Toyz Woven Quad Rope Ball Dog Toy,£3.50,,,
Petface Toyz Woven Rope Ball Dog Toy,Petface Toyz Woven Rope Ball Dog Toy,£2.50,,,
Purina Dentalife Activfresh Dental Sticks For Large Dog Sticks,Purina Dentalife Activfresh Dental...4 per pack,£2,50p each,,
Purina Dentalife Activfresh Dental Sticks For Medium Dog Sticks,Purina Dentalife Activfresh Dental St...5 per pack,£2,40p each,,
Purina Dentalife Activfresh Dental Sticks For Small Dog Sticks,Purina Dentalife Activfresh Dental...7 per pack,£2,28.6p each,,
Purina Gourmet Gold Gravy Collection Chunks In Gravy,Purina Gourmet Gold Gravy Col...8 x 85g,£4.95,£7.28 per kg,,
Purina Gourmet Gold Savoury Cake Meat & Veg ,Purina Gourmet Gold Savoury Cake Meat & Veg 8 x 85g,£4.95,72.8p per 100g,,
Purina Gourmet Perle Connoisseurs Duo Cat Food Meat Mini Fillets in Gravy ,Purina Gourmet Perle Connoisseu...12 x 85g,£5.75,£5.64 per kg,,
Purina ONE 7+ Dry Cat Food Rich in Chicken 2.8kg,Purina ONE 7+ Dry Cat Food...2.8kg,£18.70,£6.68 per kg,,
Purina ONE 7+ Dry Cat Food Rich in Chicken 750g,Purina ONE 7+ Dry Cat Food Rich in Chicken 750g750g,£4.99,£6.66 per kg,"Offer price £4.99, was £7.40",
Purina One Adult Cat Food Mini Fillets In Gravy ,Purina One Adult Cat Food Mini Fillets In Gravy 40 x 85g,£13.60,£4.00 per kg,"Offer price £13.60, was £17.80",
"Purina ONE Adult Dry Cat Food Coat & Hairball, Rich in Chicken 750g",Purina ONE Adult Dry Cat Food Coat & Ha...750g,£4.99,£6.66 per kg,"Offer price £4.99, was £7.40",
Purina ONE Adult Dry Cat Food Rich In Chicken 200g,Purina ONE Adult Dry Cat Food Rich In Chicken 200g200g,£2,£10.00 per kg,,
Purina ONE Adult Dry Cat Food Rich in Chicken 3kg,Purina ONE Adult Dry Cat Food Rich in Chicken 3kg3kg,£18.70,£6.23 per kg,,
Purina ONE Adult Dry Cat Food Rich in Chicken 800g,Purina ONE Adult Dry Cat Food Rich in Chicken 800g800g,£4.99,£6.24 per kg,"Offer price £4.99, was £7.40",
Purina ONE Adult Dry Cat Food Rich in Salmon 200g,Purina ONE Adult Dry Cat Food Rich in Salmon 200g200g,£2,£10.00 per kg,,
Purina ONE Adult Dry Cat Food Rich in Salmon 3kg,Purina ONE Adult Dry Cat Food Rich in Salmon 3kg3kg,£18.70,£6.23 per kg,,
Purina ONE Adult Dry Cat Food Rich in Salmon 800g,Purina ONE Adult Dry Cat Food Rich in Salmon 800g800g,£4.99,£6.24 per kg,"Offer price £4.99, was £7.40",
Purina ONE Dry Kitten Food Rich in Chicken 750g,Purina ONE Dry Kitten Food Rich in Chicken 750g750g,£4.99,£6.66 per kg,"Offer price £4.99, was £7.40",
Purina ONE Indoor Cat Adult Dry Cat Food Rich In Turkey 750g,Purina ONE Indoor Cat Adult Dry Cat...750g,£4.99,£6.66 per kg,"Offer price £4.99, was £7.40",
Purina ONE Light Dry Cat Food Rich in Chicken 750g,Purina ONE Light Dry Cat Food Rich in Chicken 750g750g,£4.99,£6.66 per kg,"Offer price £4.99, was £7.40",
Purina One Selective Palate Cat Food in Sauce,Purina One Selective Palate Cat Food in Sauce8 x 85g,£4.80,70.6p per 100g,,
Purina ONE Senior 7+ Cat Food Chicken & Beef,Purina ONE Senior 7+ Cat Food Chicken & Beef8 x 85g,£4.80,£7.06 per kg,,
Purina ONE Sensitive Dry Cat Food Rich in Turkey 2.8kg,Purina ONE Sensitive Dry Cat Fo...2.8kg,£18.70,£6.68 per kg,,
Purina ONE Sensitive Dry Cat Food Rich in Turkey 750g,Purina ONE Sensitive Dry Cat...750g,£4.99,£6.66 per kg,"Offer price £4.99, was £7.40",
Raaw Complete Pet Food For Your Cat Chicken & Beef Adult Cats,Raaw Complete Pet Food For Your Cat...10 x 100g,£5.60,56p per 100g,,
Raaw Complete Pet Food For Your Cat Chicken & Lamb Adult Cats,Raaw Complete Pet Food For Your Cat...10 x 100g,£5.60,56p per 100g,,
Raaw Complete Pet Food For Your Dog Beef Adult Dogs,Raaw Complete Pet Food For Yo...6 x 200g,£6.10,50.8p per 100g,,
Raaw Complete Pet Food For Your Dog Chicken Adult Dog,Raaw Complete Pet Food For Yo...6 x 200g,£6.10,50.8p per 100g,,
Raaw Complete Pet Food For Your Dog Lamb Adult Dogs,Raaw Complete Pet Food For Yo...6 x 200g,£6.10,50.8p per 100g,,
Raaw Complete Pet Food For Your Dog Puppy,Raaw Complete Pet Food For Your Dog Puppy6 x 200g,£6.10,50.8p per 100g,,
Raaw Complete Working Dog Chicken,Raaw Complete Working Dog Chicken500g,£2.60,52p per 100g,,
Rosewood Chewy Twist ,Rosewood Chewy Twist 100g,£2.80,£2.80 per 100g,,
Rosewood Chicken & Cheese Bacon Dog Treat,Rosewood Chicken & Cheese Bacon Dog Treat70g,£1.99,£2.84 per 100g,,
Rosewood Chicken Coins Dog Treat,Rosewood Chicken Coins Dog Treat70g,£1.99,£2.84 per 100g,,
Rosewood Chicken Fillet Minis Training Treats,Rosewood Chicken Fillet Minis Training Treats80g,£2.50,31.3p per 10g,,
Rosewood Chicken Meat Balls Dog Treat,Rosewood Chicken Meat Balls Dog Treat70g,£1.99,£2.84 per 100g,,
Rosewood Chicken Wrapped Carrot Sticks Dog Treat,Rosewood Chicken Wrapped Ca...70g,£1.99,£2.84 per 100g,,
Rosewood Choc Drops For Dogs,Rosewood Choc Drops For Dogs200g,£2,£1.00 per 100g,,
Rosewood Hex A Bone Dog Treat,Rosewood Hex A Bone Dog Treat54g,99p,£1.83 per 100g,,
Rosewood Leaps & Bounds Crunchy Cheese Cushion Cat Treats,Rosewood Leaps & Bounds Crunchy C...60g,£1.50,£2.50 per 100g,,
Rosewood Magic Bone Filled Twists Chicken With Peanut Butter 6 Pack,Rosewood Magic Bone Filled Twists Chick...6 x 32.5g,£2.80,£1.44 per 100g,,
Rosewood Meaty Mix Up Dog Treat,Rosewood Meaty Mix Up Dog Treat70g,£1.99,£2.84 per 100g,,
Rosewood Natural Nippers Snuggle Heat Cushion Dog Toy,Rosewood Natural Nippers Snug...,£3.25,,,
Rosewood Naturals Alfalfa Ring,Rosewood Naturals Alfalfa Ring,£4.50,£4.50 each,,
Rosewood Naturals Apple & Pansy Nibble Hearts Small Animal Treat,Rosewood Naturals Apple & Pansy Nibbl...,£2.50,£2.50 each,,
Rosewood Naturals Soft 'N' Safe Bedding,Rosewood Naturals Soft 'N' Safe Bedding20g,£1.25,£62.50 per kg,,
Rosewood Pigs In Blankets Dog Treat,Rosewood Pigs In Blankets Dog Treat60g,£1.99,£3.32 per 100g,,
"Rosewood Reflective Swim-Easy Life Jacket, Large",Rosewood Reflective Swim-Ea...,£26,£26.00 each,,
Rosewood Toothbrush Dog Treat,Rosewood Toothbrush Dog Treat50g,99p,£1.98 per 100g,,
Rotastak Nature's Nibbles Carrot Nut Sticks,Rotastak Nature's Nibbles Carrot Nut Sticks,£1.50,,,
Rotastak Nature's Nibbles Honey Nut Sticks,Rotastak Nature's Nibbles Honey Nut Sticks3 per pack,£1.50,50p each,,
Sheba Classics Cat Food Tray Mixed Ocean Collection in Terrine,Sheba Classics Cat Food Tray Mixed...8 x 85g,£4.50,£6.62 per kg,,
Sheba Classics Soup Adult Wet Cat Food Pouches with Chicken Fillets,Sheba Classics Soup Adult Wet Cat Food...4 x 40g,£2,£12.50 per kg,,
Sheba Classics Soup Adult Wet Cat Food Pouches with Tuna Fillets,Sheba Classics Soup Adult Wet Cat Foo...4 x 40g,£2,£12.50 per kg,,
Sheba Classics Wet Cat Food Tray Chicken in Terrine,Sheba Classics Wet Cat Food T...85g,85p,£10.00 per kg,Buy 5 for £3,
Sheba Classics Wet Cat Food Tray Salmon in Terrine,Sheba Classics Wet Cat Food...85g,85p,£10.00 per kg,Buy 5 for £3,
Sheba Fine Flakes Cat Food Pouches Fish in Gravy,Sheba Fine Flakes Cat Food...12 x 85g,£5.50,53.9p per 100g,,
Sheba Fine Flakes Cat Food Pouches Fish In Jelly,Sheba Fine Flakes Cat Food Pouches Fish In Jelly12 x 85g,£5.50,£5.39 per kg,,
Sheba Fine Flakes Cat Food Pouches Fish In Jelly Mega Pack,Sheba Fine Flakes Cat Food Pouche...40 x 85g,£16.75,£4.93 per kg,,
Sheba Fine Flakes Cat Food Pouches Poultry in Gravy,Sheba Fine Flakes Cat Food Po...12 x 85g,£5.50,53.9p per 100g,,
Sheba Fine Flakes Cat Food Pouches Poultry In Jelly,Sheba Fine Flakes Cat Food Po...12 x 85g,£5.50,£5.39 per kg,,
Sheba Fine Flakes Cat Food Pouches Poultry in Jelly Giant Pack ,Sheba Fine Flakes Cat Food Pouches Po...80 x 85g,£35,51.5p per 100g,,
Sheba Fine Flakes Cat Food Pouches Poultry in Jelly Mega Pack,Sheba Fine Flakes Cat Food Pouches...40 x 85g,£16.75,£4.93 per kg,,
Sheba Fine Flakes Cat Food Pouches Succulent Selection in Gravy ,Sheba Fine Flakes Cat Food Pouches Su...12 x 85g,£5.50,53.9p per 100g,,
Sheba Fine Flakes Cat Food Pouches Succulent Selection in Jelly,Sheba Fine Flakes Cat Food Pouches Su...12 x 85g,£5.50,£5.39 per kg,,
Sheba Fine Flakes Cat Food Tray Salmon in Jelly,Sheba Fine Flakes Cat Food Tray Salmon in Jelly85g,85p,£10.00 per kg,Buy 5 for £3,
Sheba Fine Recipes Adult Wet Cat Food Tray Turkey In Gravy,Sheba Fine Recipes Adult Wet Cat...85g,85p,£10.00 per kg,Buy 5 for £3,
Sheba Fresh & Fine Wet Cat Food Pouches Beef & Chicken in Gravy,Sheba Fresh & Fine Wet Cat Food Pouch...6 x 50g,£2.30,£7.67 per kg,,
Sheba Fresh & Fine Wet Cat Food Pouches Fish in Gravy,Sheba Fresh & Fine Wet Cat Fo...15 x 50g,£5.50,£7.33 per kg,,
Sheba Fresh & Fine Wet Cat Food Pouches Poultry in Gravy,Sheba Fresh & Fine Wet Cat Food...15 x 50g,£5.50,£7.33 per kg,,
Sheba Fresh & Fine Wet Cat Food Pouches Salmon & Tuna in Gravy,Sheba Fresh & Fine Wet Cat Food Pou...6 x 50g,£2.30,£7.67 per kg,,
Sheba Fresh & Fine Wet Cat Food Pouches Tuna & Cod in Gravy,Sheba Fresh & Fine Wet Cat Food P...6 x 50g,£2.30,£7.67 per kg,,
Sheba Fresh & Fine Wet Cat Food Pouches Tuna & Salmon in Jelly,Sheba Fresh & Fine Wet Cat Food Pou...6 x 50g,£2.30,£7.67 per kg,,
Sheba Natures Collection Cat Food Tray Chicken & Red Pepper in Gravy,Sheba Natures Collection Cat Food Tray...85g,85p,£10.00 per kg,,
Sheba Natures Collection Cat Food Trays Mixed in Gravy,Sheba Natures Collection Cat Fo...8 x 85g,£4.50,£6.62 per kg,,
Sheba Perfect Portions Adult Wet Cat Food Tray Chicken In Pate,Sheba Perfect Portions Adult Wet Ca...6 x 37.5g,£2.25,£1.00 per 100g,,
Sheba Perfect Portions Adult Wet Cat Food Trays Salmon in Pate,Sheba Perfect Portions Adult Wet Ca...6 x 37.5g,£2.25,£1.00 per 100g,,
Sheba Perfect Portions Adult Wet Cat Food Trays Turkey in Gravy,Sheba Perfect Portions Adult Wet Cat...6 x 37.5g,£2.25,£10.00 per kg,,
Sheba Sauce Lover Adult Wet Cat Food Tray Tuna In Gravy,Sheba Sauce Lover Adult Wet Cat...85g,85p,£10.00 per kg,Buy 5 for £3,
Sheba Sauce Lover Cat Food Trays Mixed Collection in Gravy,Sheba Sauce Lover Cat Food Trays...8 x 85g,£4.50,£6.62 per kg,,
Sheba Select Slices Cat Food Pouches Fish In Gravy,Sheba Select Slices Cat Foo...12 x 85g,£5.50,£5.39 per kg,,
Sheba Select Slices Cat Food Pouches Poultry In Gravy,Sheba Select Slices Cat Food...12 x 85g,£5.50,£5.39 per kg,,
Sheba Select Slices Cat Food Pouches Poultry In Gravy Mega Pack,Sheba Select Slices Cat Food Pouches...40 x 85g,£16.75,4.9p per 10g,,
Sheba Select Slices Cat Food Tray Beef In Gravy,Sheba Select Slices Cat Food Tray Beef In Gravy85g,85p,£10.00 per kg,Buy 5 for £3,
Sheba Select Slices Cat Food Tray Mixed Poultry Collection in Gravy,Sheba Select Slices Cat Food Tray Mixed...8 x 85g,£4.50,£6.62 per kg,,
Sheba Select Slices Cat Food Tray With Chicken In Gravy,Sheba Select Slices Cat Food Tr...85g,85p,£10.00 per kg,Buy 5 for £3,
Simple Solution Dog Spring Breeze Stain & Odour Remover 750ml,Simple Solution Dog Spring Breeze S...,£9,£9.00 each,,
Simply Nibbles Dandelion & Carrot Sticks,Simply Nibbles Dandelion & Carrot Sticks2 x 60g,£2.25,£18.75 per kg,,
Simply Nibbles Dande Salad,Simply Nibbles Dande Salad100g,£2,£20.00 per kg,,
Simply Nibbles Garden Herbs & Apple Cushions,Simply Nibbles Garden Herbs & Apple Cushions50g,£1.25,£2.50 per 100g,,
Simply Nibbles Strawberry & Apple Sticks ,Simply Nibbles Strawberry & Apple Sticks 120g,£2,£1.67 per 100g,,
Smart Litter Wood Pellet Litter,Smart Litter Wood Pellet Litter10L,£5.45,54.5p per litre,,
Smart Pet Small Animal Wood Shavings Bale ,Smart Pet Small Animal Wood Shavings Bale 1kg,£1,£1.00 per kg,,
Soopa Banana & Peanut Butter Dental Stick Dog Treat,Soopa Banana & Peanut Butter...100g,£4,£4.00 per 100g,,
Soopa Coconut & Chia Seed Dental Stick Dog Treat,Soopa Coconut & Chia Seed D...100g,£4,£4.00 per 100g,,
Soopa Coconut Healthy Dog Treat,Soopa Coconut Healthy Dog Treat100g,£4.55,£4.55 per 100g,,
Soopa Cranberry & Sweet Potato Dental Sticks Dog Treats,Soopa Cranberry & Sweet Potato...100g,£4,£4.00 per 100g,,
Soopa Cranberry & Sweet Potato Healthy Dog Treat Bites,Soopa Cranberry & Sweet Potato...50g,£3,£6.00 per 100g,,
Soopa Kale & Apple Dental Sticks Dog Treats,Soopa Kale & Apple Dental Sticks Dog Treats100g,£4,£4.00 per 100g,,
Soopa Kale & Apple Healthy Dog Treat Bites ,Soopa Kale & Apple Healthy Dog Treat Bites 50g,£3,£6.00 per 100g,,
Soopa Pumpkin & Carrot Dental Sticks Dog Treats,Soopa Pumpkin & Carrot Dental Sticks Dog Treats100g,£4,£4.00 per 100g,,
Soopa Pumpkin & Carrot Healthy Dog Treat Bites,Soopa Pumpkin & Carrot Healthy Dog Treat Bites50g,£3,£6.00 per 100g,,
Soopa Sweet Potato Healthy Dog Treat,Soopa Sweet Potato Healthy Dog Treat100g,£4.55,£4.55 per 100g,,
The Company of Animals Hands Free Collar,The Company of Animals Hands Free Collar,£14.99,£14.99 each,,
Toplife Formula Dog Milk,Toplife Formula Dog Milk200ml,£1.10,£5.50 per litre,,
Toplife Kitten Milk,Toplife Kitten Milk200ml,£1.10,£5.50 per litre,,
"Toyz Space Ball Dog Toy, Large","Toyz Space Ball Dog Toy, Large",£4.99,£4.99 each,,
Uni-ball UMN-S-05 One - Ambition PFP OP,Uni-ball UMN-S-05 One - Ambition PFP OP,£6.55,£6.55 each,,
Wagg Active Goodness Complete Rich in Chicken & Veg Dry Adult Dog Food ,Wagg Active Goodness Complete Rich in Chi...5kg,£6,£1.20 per kg,,
Wagg Active Goodness Complete Rich in Chicken & Veg Dry Adult Dog Food,Wagg Active Goodness Complete Rich in Chi...1kg,£1.89,£1.89 per kg,,
Wagg Active Goodness Complete Rich in Chicken & Veg Dry Adult Dog Food,Wagg Active Goodness Complete Rich in Chi...12kg,£13.50,£1.13 per kg,,
Wagg Bacon Roll Dog Treats ,Wagg Bacon Roll Dog Treats 125g,£1.30,£10.40 per kg,Buy 3 for £3,
Wagg BBQ Bangers Dog Treats,Wagg BBQ Bangers Dog Treats125g,£1.30,£1.04 per 100g,Buy 3 for £3,
"Wagg Beef, Chicken & Lamb Training Dog Treats ","Wagg Beef, Chicken & Lamb Training Dog Treats 125g",£1.30,£10.40 per kg,Buy 3 for £3,
Wagg Chicken & Liver Tasty Bones Dog Treats,Wagg Chicken & Liver Tasty Bones Dog Treats125g,£1.30,£1.04 per 100g,Buy 3 for £3,
Wagg Complete Rich in Chicken with Gravy Dry Puppy Food,Wagg Complete Rich in Chicken w...2kg,£4.50,£2.25 per kg,,
Wagg Ham & Cheese Toastie Dog Treats,Wagg Ham & Cheese Toastie Dog Treats125g,£1.30,£10.40 per kg,Buy 3 for £3,
Wagg Meaty Goodness Complete Rich in Beef & Veg Dry Adult Dog Food ,Wagg Meaty Goodness Complete Rich in Be...12kg,£15,£1.25 per kg,,
Wagg Meaty Goodness Complete Rich in Beef & Veg Dry Adult Dog Food,Wagg Meaty Goodness Complete Rich in Be...2kg,£3.75,£1.88 per kg,,
Wagg Meaty Goodness Complete Rich in Chicken & Veg Dry Adult Dog Food,Wagg Meaty Goodness Complete Rich in Chic...12kg,£15,£1.25 per kg,,
Wagg Meaty Goodness Complete Rich in Chicken & Veg Dry Adult Dog Food,Wagg Meaty Goodness Complete Rich in Chic...2kg,£3.75,£1.88 per kg,,
Wagg Moist Meaty Chunks Beef Dry Adult Dog Food,Wagg Moist Meaty Chunks B...2.5kg,£5.69,22.8p per 100g,,
Wagg Moist Meaty Chunks Chicken Dry Adult Dog Food ,Wagg Moist Meaty Chunks Chick...2.5kg,£5.69,22.8p per 100g,,
Wagg Sausage & Mash Dog Treats,Wagg Sausage & Mash Dog Treats125g,£1.30,£10.40 per kg,Buy 3 for £3,
Wagg Snack Shots Dog Treats ,Wagg Snack Shots Dog Treats 12 x 25g,£4.50,£15.00 per kg,,
Wagg Steak & Chips Dog Treats ,Wagg Steak & Chips Dog Treats 125g,£1.30,£10.40 per kg,Buy 3 for £3,
Wagg Turkey Low Fat Dog Treats ,Wagg Turkey Low Fat Dog Treats 125g,£1.30,£10.40 per kg,Buy 3 for £3,
Wagg Wheat Free Complete Rich in Chicken & Rice Dry Dog Food,Wagg Wheat Free Complete Rich in Ch...2kg,£4.50,22.5p per 100g,,
Webbox 8 Hot Dog Sausages        ,Webbox 8 Hot Dog Sausages        360g,£4,£11.11 per kg,,
Webbox Adult Complete Beef and Vegetables ,Webbox Adult Complete Beef and Vegetables 2.5kg,£2.75,£1.10 per kg,,
Webbox Adult Complete Chicken and Vegetables ,Webbox Adult Complete Chicken and Vegetables 2.5kg,£2.75,£1.10 per kg,,
Webbox Beef Chub Roll,Webbox Beef Chub Roll720g,85p,11.8p per 100g,Buy Any 3 Webbox Chub Rolls For £2,
Webbox Cat Easter Egg,Webbox Cat Easter Egg50g,£3,£6.00 per 100g,,
Webbox Cat Laser Toy,Webbox Cat Laser Toy,£2.50,,,
Webbox Cats Delight 6 Tasty Sticks with Salmon & Trout,Webbox Cats Delight 6 Tasty Sti...6 per pack,£1.20,20p each,,
Webbox Cats Delight Chicken & Liver Tasty Sticks,Webbox Cats Delight Chicken...30g,£1.20,40p per 10g,,
Webbox Cats Delight Lick-E-Lix with Chicken Tasty Yoghurty Treat Sachets ,Webbox Cats Delight Lick-E-Lix with Chicken...5 x 15g,£1.15,£15.33 per kg,,
Webbox Cats Delight Lick-e-Lix with Salmon Tasty Yoghurty Treat Sachets,Webbox Cats Delight Lick-e-Lix with Salmo...5 x 15g,£1.15,£15.33 per kg,,
Webbox Cats Delight Tasty Sticks With Cod 6 Sticks,Webbox Cats Delight Tasty S...30g,£1.20,£4.00 per 100g,,
Webbox Cats Delight Tasty Sticks With Duck 6 Sticks,Webbox Cats Delight Tasty Sti...30g,£1.20,£4.00 per 100g,,
Webbox Cat Tasty Cheese Sticks ,Webbox Cat Tasty Cheese Sticks 30g,£1.20,£40.00 per kg,,
Webbox Cat Tasty Salami Sticks ,Webbox Cat Tasty Salami Sticks 30g,£1.20,£40.00 per kg,,
Webbox Cat Tasty Sticks Chicken,Webbox Cat Tasty Sticks Chicken14 per pack,£2.40,17.1p each,,
Webbox Cat Tasty Sticks Salmon,Webbox Cat Tasty Sticks Salmon14 per pack,£2.40,17.1p each,,
Webbox Cat Tasty Tid Bits Chicken,Webbox Cat Tasty Tid Bits Chicken,£1.25,,"Offer price £1.25, was £1.50",
Webbox Cat Tasty Tid Bits Salmon,Webbox Cat Tasty Tid Bits Salmon,£1.25,,"Offer price £1.25, was £1.50",
Webbox Cat Treat Beef & Rabbit,Webbox Cat Treat Beef & Rabbit6 per pack,£1.20,20p each,,
Webbox Cat Treat Turkey & Lamb,Webbox Cat Treat Turkey & Lamb6 per pack,£1.20,20p each,,
Webbox Character Dog Toy,Webbox Character Dog Toy,£6,,,
Webbox Chicken Chips,Webbox Chicken Chips40g,£1.25,£31.25 per kg,,
Webbox Chicken Chub Roll,Webbox Chicken Chub Roll720g,85p,£1.18 per kg,Buy Any 3 Webbox Chub Rolls For £2,
Webbox Chicken Dog Sticks ,Webbox Chicken Dog Sticks 55g,£1.20,£21.82 per kg,,
Webbox Chicken Fillets  ,Webbox Chicken Fillets  100g,£2,£20.00 per kg,,
Webbox Chomping Chews Beef,Webbox Chomping Chews Beef200g,£1.20,60p per 100g,,
Webbox Chomping Chews Chicken,Webbox Chomping Chews Chicken200g,£1.20,60p per 100g,,
Webbox Dog-E-Lix Chicken & Peanut Butter ,Webbox Dog-E-Lix Chicken & Peanut Butter 60g,£2.25,£37.50 per kg,,
Webbox Dog-E-Lix Ham & Cheese ,Webbox Dog-E-Lix Ham & Cheese 60g,£2.25,£37.50 per kg,,
Webbox Dog Easter Egg,Webbox Dog Easter Egg60g,£3,£5.00 per 100g,,
Webbox Dogs Delight Sticks,Webbox Dogs Delight Sticks6 per pack,£1.20,20p each,,
Webbox Dogs Delight Tasty Sticks With Chicken,Webbox Dogs Delight Tasty Sticks With Chicken,£1.20,,,
Webbox Dog Squeaky Toy,Webbox Dog Squeaky Toy,£2.25,,,
Webbox Dog Sticks Beef,Webbox Dog Sticks Beef55g,£1.20,£2.18 per 100g,,
Webbox Dog Tasty Cheese Sticks,Webbox Dog Tasty Cheese Sticks30g,£1.20,£40.00 per kg,,
Webbox Dog Tasty Turkey Sticks ,Webbox Dog Tasty Turkey Sticks 30g,£1.20,£40.00 per kg,,
Webbox Dog Tug Rope,Webbox Dog Tug Rope,£2,,,
Webbox Hedgehog Food,Webbox Hedgehog Food400g,£3,75p per 100g,,
Webbox Lamb Chub Roll,Webbox Lamb Chub Roll720g,85p,11.8p per 100g,Buy Any 3 Webbox Chub Rolls For £2,
Webbox Lick-E-Lix Yoghurt With Cheese & Taurine,Webbox Lick-E-Lix Yoghurt...5 x 15g,£1.15,£1.53 per 100g,,
Webbox Lick-E-Lix Yoghurt With Liver Sausage & Cat Grass,Webbox Lick-E-Lix Yoghurt With...5 x 15g,£1.15,£1.53 per 100g,,
Webbox Mega Meaty Ham Bones,Webbox Mega Meaty Ham Bones580g,£2.25,£3.88 per kg,,
Webbox Multi Dog Toy,Webbox Multi Dog Toy,£3.50,,,
Webbox Natural Cat Chicken Mousse ,Webbox Natural Cat Chicken Mousse 85g,75p,£8.82 per kg,,
Webbox Natural Cat Salmon Mousse,Webbox Natural Cat Salmon Mousse85g,75p,£8.82 per kg,,
Webbox Natural Cat Tuna Mousse  ,Webbox Natural Cat Tuna Mousse  85g,75p,£8.82 per kg,,
Webbox Natural Complete Meat Selection In Jelly ,Webbox Natural Complete Meat Selection In Jelly 12 x 100g,£3.75,£3.12 per kg,"Offer price £3.75, was £4",
Webbox Natural Complete Mixed Selection In Gravy ,Webbox Natural Complete Mixed Selection In Gravy 12 x 100g,£3.75,£3.12 per kg,"Offer price £3.75, was £4",
Webbox Natural Dog Chicken In Gravy,Webbox Natural Dog Chicken In Gravy150g,75p,50p per 100g,,
Webbox Natural Dog Salmon,Webbox Natural Dog Salmon150g,75p,50p per 100g,,
"Webbox Natural Puppy Pate With Chicken, Liver & Vegetables",Webbox Natural Puppy Pate With Ch...150g,75p,50p per 100g,,
Webbox Naturals Cat Mousse With Turkey,Webbox Naturals Cat Mousse With Turkey85g,75p,£8.82 per kg,,
Webbox Natural Senior 7+ Selection In Jelly,Webbox Natural Senior 7+ Selection In Jelly12 x 100g,£3.75,£3.13 per kg,,
Webbox Natural Senior Pate with Chicken & Potato,Webbox Natural Senior Pate...150g,75p,50p per 100g,,
Webbox Naturals Senior Mousse with Chicken,Webbox Naturals Senior Mousse with Chicken85g,70p,£8.24 per kg,,
Webbox Plush Comfort Dog Toy,Webbox Plush Comfort Dog Toy,£4.50,,,
Webbox Plush Cuddle Dog Toy,Webbox Plush Cuddle Dog Toy,£4.50,,,
Webbox Plush Fun Dog Toy,Webbox Plush Fun Dog Toy,£3.50,,,
Webbox Plush Soft Dog Toy,Webbox Plush Soft Dog Toy,£4.50,,,
Webbox Premium Natural Kitten Pouch Selection In Jelly,Webbox Premium Natural Kitten P...12 x 100g,£3.75,£3.13 per kg,,
Webbox Premium Natural Sausage With Turkey & Chicken,Webbox Premium Natural Sausag...650g,£1.80,27.7p per 100g,,
Webbox Puppy Toy,Webbox Puppy Toy,£2,,,
Webbox Squeaky Ball Dog Toy,Webbox Squeaky Ball Dog Toy,£1.50,,,
Webbox Squeaky Character Dog Toy,Webbox Squeaky Character Dog Toy,£4.50,,,
Webbox Squeaky Fun Dog Toy,Webbox Squeaky Fun Dog Toy,£2.50,,,
Webbox Stuffed Pork Rolls ,Webbox Stuffed Pork Rolls 3 per pack,£1,33.3p each,,
Webbox Tough And Plush Dog Toy,Webbox Tough And Plush Dog Toy,£6,,,
Webbox Tough Ball Dog Toy,Webbox Tough Ball Dog Toy,£3.25,,,
Webbox Tough Rope Dog Toy,Webbox Tough Rope Dog Toy,£4,,,
Whiskas+ Chicken Dry Cat Food 1.9kg,Whiskas+ Chicken Dry Cat Food 1.9kg1.9kg,£6,£3.16 per kg,,
Whiskas 1+ Catch of the Day Mix Adult Wet Cat Food Pouches in Gravy ,Whiskas 1+ Catch of the Day Mix Adult W...12 x 85g,£4.50,44.1p per 100g,,
Whiskas 1+ Chef's Choice Mix Adult Wet Cat Food Pouches in Gravy,Whiskas 1+ Chef's Choice Mix Adult We...12 x 85g,£4.50,44.1p per 100g,,
Whiskas 1+ Chef's Choice Mix Adult Wet Cat Food Pouches in Gravy,Whiskas 1+ Chef's Choice Mix Adult We...40 x 85g,£13.70,40.3p per 100g,,
Whiskas 1+ Chicken Adult Dry Cat Food,Whiskas 1+ Chicken Adult Dry Cat Food300g,£1.45,48.3p per 100g,,
Whiskas 1+ Chicken Adult Dry Cat Food,Whiskas 1+ Chicken Adult Dry Cat Food800g,£3.30,41.3p per 100g,,
Whiskas 1+ Chicken Adult Dry Cat Food,Whiskas 1+ Chicken Adult Dry Cat Food1.9kg,£6,31.6p per 100g,,
Whiskas 1+ Country Collection Mix Adult Wet Cat Food Pouch in Gravy,Whiskas 1+ Country Collection Mix Adult...12 x 85g,£4.50,44.1p per 100g,,
Whiskas 1+ Duo Meaty Combos Adult Wet Cat Food Pouches in Jelly,Whiskas 1+ Duo Meaty Combos Adult Wet...12 x 85g,£4.50,44.1p per 100g,,
Whiskas 1+ Duo Ocean Delights Adult Wet Cat Food Pouches in Jelly,Whiskas 1+ Duo Ocean Delights Adult W...12 x 85g,£4.50,44.1p per 100g,,
Whiskas 1+ Duo Surf and Turf Adult Wet Cat Food Pouches in Jelly ,Whiskas 1+ Duo Surf and Turf Adult We...12 x 85g,£4.50,44.1p per 100g,,
Whiskas 1+ Duo Surf and Turf Adult Wet Cat Food Pouches in Jelly,Whiskas 1+ Duo Surf and Turf Adult We...40 x 85g,£13.70,40.3p per 100g,,
Whiskas 1+ Fish Favourites Adult Wet Cat Food Pouches in Jelly ,Whiskas 1+ Fish Favourites Adult Wet...12 x 85g,£4.50,44.1p per 100g,,
Whiskas 1+ Fish Favourites Adult Wet Cat Food Pouches in Jelly,Whiskas 1+ Fish Favourites Adult We...40 x 85g,£13.70,40.3p per 100g,,
Whiskas 1+ Lamb Adult Dry Cat Food,Whiskas 1+ Lamb Adult Dry Cat Food800g,£3.30,41.3p per 100g,,
Whiskas 1+ Lamb Adult Dry Cat Food,Whiskas 1+ Lamb Adult Dry Cat Food1.9kg,£6,31.6p per 100g,,
Whiskas 1+ Meaty Meals Adult Wet Cat Food Pouches in Gravy,Whiskas 1+ Meaty Meals Adult Wet...12 x 85g,£4.50,44.1p per 100g,,
Whiskas 1+ Meaty Meals Adult Wet Cat Food Pouches in Gravy ,Whiskas 1+ Meaty Meals Adult Wet...80 x 85g,£26,38.2p per 100g,,
Whiskas 1+ Meaty Meals Adult Wet Cat Food Pouches in Jelly,Whiskas 1+ Meaty Meals Adult Wet...12 x 85g,£4.50,44.1p per 100g,,
Whiskas 1+ Mixed Menu Adult Wet Cat Food Pouches in Jelly,Whiskas 1+ Mixed Menu Adult Wet C...12 x 85g,£4.50,44.1p per 100g,,
Whiskas 1+ Mixed Menu Adult Wet Cat Food Pouches in Jelly,Whiskas 1+ Mixed Menu Adult Wet C...40 x 85g,£13.70,40.3p per 100g,,
Whiskas 1+ Poultry Feasts Adult Wet Cat Food Pouches in Gravy,Whiskas 1+ Poultry Feasts Adult Wet...12 x 85g,£4.50,44.1p per 100g,,
Whiskas 1+ Poultry Feasts Adult Wet Cat Food Pouches in Jelly,Whiskas 1+ Poultry Feasts Adult Wet...12 x 85g,£4.50,44.1p per 100g,,
Whiskas 1+ Poultry Feasts Adult Wet Cat Food Pouches in Jelly,Whiskas 1+ Poultry Feasts Adult Wet...40 x 85g,£13.70,40.3p per 100g,,
Whiskas 1+ Poultry Feasts Adult Wet Cat Food Pouches in Jelly,Whiskas 1+ Poultry Feasts Adult Wet...80 x 85g,£26,38.2p per 100g,,
Whiskas 1+ Salmon Adult Dry Cat Food,Whiskas 1+ Salmon Adult Dry Cat Food800g,£3.30,41.3p per 100g,,
Whiskas 1+ Tuna Adult Dry Cat Food,Whiskas 1+ Tuna Adult Dry Cat Food300g,£1.45,48.3p per 100g,,
Whiskas 1+ Tuna Adult Dry Cat Food,Whiskas 1+ Tuna Adult Dry Cat Food800g,£3.30,41.3p per 100g,,
Whiskas 1+ Tuna Adult Dry Cat Food,Whiskas 1+ Tuna Adult Dry Cat Food1.9kg,£6,31.6p per 100g,,
Whiskas 11+ Fish Favourites Senior Wet Cat Food Pouches in Jelly,Whiskas 11+ Fish Favourites Senior We...12 x 85g,£4.50,44.1p per 100g,,
Whiskas 11+ Poultry Feasts Senior Wet Cat Food Pouches in Jelly,Whiskas 11+ Poultry Feasts Senior Wet...12 x 85g,£4.50,44.1p per 100g,,
Whiskas 7+ Chicken Adult Dry Cat Food,Whiskas 7+ Chicken Adult Dry Cat Food800g,£3.30,41.3p per 100g,,
Whiskas 7+ Fish Favourites Senior Wet Cat Food Pouches in Jelly,Whiskas 7+ Fish Favourites Senior Wet...12 x 85g,£4.50,44.1p per 100g,,
Whiskas 7+ Mixed Menu Senior Wet Cat Food Pouches in Gravy,Whiskas 7+ Mixed Menu Senior Wet...12 x 85g,£4.50,44.1p per 100g,,
Whiskas 7+ Poultry Feasts Senior Wet Cat Food Pouches in Gravy,Whiskas 7+ Poultry Feasts Senior We...12 x 85g,£4.50,44.1p per 100g,,
Whiskas 7+ Poultry Feasts Senior Wet Cat Food Pouches in Jelly ,Whiskas 7+ Poultry Feasts Senior Wet...12 x 85g,£4.50,44.1p per 100g,,
Whiskas 7+ Poultry Feasts Senior Wet Cat Food Pouches in Jelly,Whiskas 7+ Poultry Feasts Senior We...40 x 85g,£13.70,40.3p per 100g,,
Whiskas 7+ Poultry Feasts Senior Wet Cat Food Pouches in Jelly,Whiskas 7+ Poultry Feasts Senior We...80 x 85g,£26,38.2p per 100g,,
Whiskas Adult Complete Dry Cat Food Biscuits Salmon,Whiskas Adult Complete Dry Ca...1.9kg,£6,£3.16 per kg,,
Whiskas Adult Wet Cat Food Chicken in Jelly Tin,Whiskas Adult Wet Cat Food Chicken in Jelly Tin400g,£1.55,38.8p per 100g,,
Whiskas Adult Wet Cat Food Pouches Poultry In Jelly Mega Pack,Whiskas Adult Wet Cat Food Pouches...40 x 100g,£13.70,£3.43 per kg,,
Whiskas Dentabites Adult Cat Treats with Chicken,Whiskas Dentabites Adult Cat Treats with Chicken50g,£1.10,£2.20 per 100g,,
Whiskas Farm Menu Adult Wet Cat Food in Jelly Tin,Whiskas Farm Menu Adult Wet Cat Food in Jelly Tin6 x 400g,£7.75,32.3p per 100g,,
Whiskas Kitten Cat Milk Bottle,Whiskas Kitten Cat Milk Bottle3 x 200ml,£3.75,£6.25 per litre,,
Whiskas Kitten Chicken Dry Cat Food,Whiskas Kitten Chicken Dry Cat Food300g,£1.45,48.3p per 100g,,
Whiskas Kitten Chicken Dry Cat Food,Whiskas Kitten Chicken Dry Cat Food800g,£3.30,41.3p per 100g,,
Whiskas Kitten Chicken Dry Cat Food 1.9kg,Whiskas Kitten Chicken Dry Cat Food 1.9kg1.9kg,£6,31.6p per 100g,,
Whiskas Kitten Fish Favourites Wet Cat Food Pouches in Jelly,Whiskas Kitten Fish Favourites Wet...12 x 85g,£4.50,44.1p per 100g,,
Whiskas Kitten Mixed Menu Wet Cat Food Pouches in Jelly,Whiskas Kitten Mixed Menu Wet C...12 x 85g,£4.50,44.1p per 100g,,
Whiskas Kitten Poultry Feasts Wet Cat Food Pouches in Jelly,Whiskas Kitten Poultry Feasts Wet...12 x 85g,£4.50,44.1p per 100g,,
Whiskas Pure Delight Cat Food Pouches Poultry in Jelly Mega Pack,Whiskas Pure Delight Cat Food Pouches...40 x 85g,£14.99,44.1p per 100g,,
Wild Bird Coconut Fat Feast,Wild Bird Coconut Fat Feast,£1.20,,,
Wild Bird High Energy Seed Mix 1.5Kg,Wild Bird High Energy Seed Mix 1.5Kg1.5kg,£3.25,£2.17 per kg,,
Wild Bird Insect Fat Feast,Wild Bird Insect Fat Feast,£1.20,,,
Wild Bird No Mess Mix 2Kg,Wild Bird No Mess Mix 2Kg2kg,£3.60,£1.80 per kg,,
Winalot Dog Food Pouches Mixed in Gravy,Winalot Dog Food Pouches Mixed in Gravy12 x 100g,£4.65,£3.88 per kg,,
Winalot Dog Food Pouches Mixed in Gravy ,Winalot Dog Food Pouches Mixed in Gravy 24 x 100g,£9.25,£3.85 per kg,,
Winalot Dog Food Pouches Mixed in Gravy,Winalot Dog Food Pouches Mixed in Gravy40 x 100g,£13.50,£3.38 per kg,,
Winalot Dog Sunday Dinner Dog Pouches in Gravy,Winalot Dog Sunday Dinner...12 x 100g,£4.65,38.8p per 100g,,
Winalot Hearty Duos Duck & Chicken,Winalot Hearty Duos Duck & Chicken24 x 400g,£22.50,£2.34 per kg,,
Winalot Hearty Duo Tinned Dog Food Mixed in Jelly,Winalot Hearty Duo Tinned D...6 x 400g,£8,£3.33 per kg,,
Winalot Meaty Chunks In Jelly,Winalot Meaty Chunks In Jelly40 x 100g,£13.50,£3.38 per kg,,
Winalot Pouches Mixed In Jelly,Winalot Pouches Mixed In Jelly12 x 100g,£4.65,£3.88 per kg,,
Winalot Pouches Sunday Dinner Mixed In Gravy,Winalot Pouches Sunday Dinner Mixed In Gravy40 x 100g,£13.50,£3.38 per kg,,
Winalot Pouch Senior Chicken & Beef Mixed,Winalot Pouch Senior Chicken & Beef Mixed12 x 100g,£4.65,£3.88 per kg,,
Winalot Puppy Beef & Carrot Pouch,Winalot Puppy Beef & Carrot Pouch12 x 100g,£4.65,£3.88 per kg,,
Winalot Shapes Dog Treat Biscuits,Winalot Shapes Dog Treat Biscuits800g,£2.20,£2.75 per kg,,
Winalot Small Dog Classic Meals In Gravy ,Winalot Small Dog Classic Meals In Gravy 12 x 100g,£4.55,£3.79 per kg,"Offer price £4.55, was £5.20",
Winalot Small Dog Classic Meals In Gravy ,Winalot Small Dog Classic Meals In Gravy 40 x 100g,£16,£4.00 per kg,,
Winalot Small Dog Food Pouches Mixed In Jelly,Winalot Small Dog Food Pouches Mixed In Jelly12 x 100g,£4.55,£3.79 per kg,"Offer price £4.55, was £5.20",
Yeowww Blue Cigar Cat Toy,Yeowww Blue Cigar Cat Toy,£6.49,£6.49 each,,
Yeowww Catnip Bananas Cat Toy,Yeowww Catnip Bananas Cat Toy,£6.20,£6.20 each,,
Yeowww Catnip Cigar Pink Cat Toy,Yeowww Catnip Cigar Pink Cat Toy,£5.70,£5.70 each,,
Yeowww Catnip Crayons Cat Toy,Yeowww Catnip Crayons Cat Toy,£10,£10.00 each,,
Yeowww Catnip Hearrrt Attack Cat Toy,Yeowww Catnip Hearrrt Attack Cat Toy,£7.50,£7.50 each,,
Yeowww Catnip Rainbow Cat Toy,Yeowww Catnip Rainbow Cat Toy,£7.65,£7.65 each,,
Yeowww Catnip Stinkies Sardine Tin Cat Toy,Yeowww Catnip Stinkies Sardine Tin Cat Toy,£9,£9.00 each,,
"Zeus Better Bones, Rawhide Alternative, Chicken 7.5cm","Zeus Better Bones, Rawhide Al...",£3.50,£3.50 each,,
"Zeus Better Bones, Rawhide Alternative, Chicken Twist 7.5cm","Zeus Better Bones, Rawhide Altern...",£4.55,£4.55 each,,
"Zeus Better Bones, Rawhide Alternative, Duck & Canberry Stick","Zeus Better Bones, Rawhide Alternat...",£4.55,£4.55 each,,
"Zeus Better Bones, Rawhide Alternative, Duck & Cranberry 7.5cm","Zeus Better Bones, Rawhide Alternat...",£3.50,£3.50 each,,
"Zeus Better Bones, Rawhide Alternative, Duck & Cranberry Twist","Zeus Better Bones, Rawhide Alternat...",£4.55,£4.55 each,,
"Zeus Better Bones, Rawhide Alternative, Lamb & Mint Sticks","Zeus Better Bones, Rawhide Altern...",£4.55,£4.55 each,,
"Zeus Better Bones, Rawhide Alternative, Lamb with Mint 7.5cm","Zeus Better Bones, Rawhide Alternat...",£3.50,£3.50 each,,
"Zeus Better Bones, Rawhide Alternative, Lamb with Mint Twists","Zeus Better Bones, Rawhide Alternat...",£4.55,£4.55 each,,
"Zeus Better Bones, Rawhide Alternative, Wrapped Chicken 7.5cm","Zeus Better Bones, Rawhide Alternat...",£4.55,£4.55 each,,
Zeus K9 Fitness Ball Double Tug,Zeus K9 Fitness Ball Double Tug,£6,£6.00 each,,
Zeus K9 Fitness Ball Tug Dog Toy,Zeus K9 Fitness Ball Tug Dog Toy,£5.95,£5.95 each,,
Zeus K9 Fitness Rope & TPR Ball Tug Dog Toy,Zeus K9 Fitness Rope & TPR Ball Tug Dog Toy,£6.50,£6.50 each,,
Zeus K9 Fitness Tough Nylon Tri Bone,Zeus K9 Fitness Tough Nylon Tri Bone,£8.50,£8.50 each,,
Zeus K9 Fitness XL Ballastic Twist & Rope Dog Toy,Zeus K9 Fitness XL Ballasti...,£8,£8.00 each,,
"Zeus Nosh Flexible Chew Bone, Chicken, Medium","Zeus Nosh Flexible Chew Bone, Chicken, Medium",£5.50,£5.50 each,,
"Zeus Nosh Strong Chew Bone, Bacon Flavour, Wishbone, Large Dog Toy","Zeus Nosh Strong Chew Bone, Bacon Flavo...",£9.85,£9.85 each,,
"Zeus Nosh Strong Chew Bone, Bacon Flavour, Wishbone, Medium","Zeus Nosh Strong Chew Bone, Bacon...",£6.50,£6.50 each,,
"Zeus Nosh Strong Chew Bone, Chicken Flavour","Zeus Nosh Strong Chew Bone, Chicken Flavour",£4,£4.00 each,,
Jungle Formula Maximum Insect Repellent Pump with DEET,Jungle Formul...90ml,£10.00,£111.11 per litre,,toiletries-beauty
Radox Feel Ready Shower Gel,Radox Feel Re...250ml,£1.00,40p per 100ml,,toiletries-beauty
Listerine Fresh Burst Mouthwash,Listerine Fresh...500ml,£2.00,40p per 100ml,"Offer price £2, was £3.35",toiletries-beauty
Radox Revive Shower Gel,Radox Revive Shower Gel250ml,£1.00,40p per 100ml,,toiletries-beauty
Corsodyl Mild Mint Complete Protection Mouthwash,Corsodyl Mild Mint...500ml,£3.00,60p per 100ml,"Offer price £3, was £5",toiletries-beauty
Lynx Africa Body Spray Deodorant Aerosol,Lynx Africa Bod...150ml,£2.50,£1.67 per 100ml,,toiletries-beauty
Sensodyne Daily Care Soft Bristle Sensitive Toothbrush,Sensodyne Daily...,£2.50,,,toiletries-beauty
New Radox Shower Therapy Active Gel ,New Radox Sho...250ml,£1.00,40p per 100ml,,toiletries-beauty
Sensodyne Repair & Protect Deep Repair Sensitive Toothpaste,Sensodyne Rep...75ml,£3.75,£5.00 per 100ml,"Offer price £3.75, was £5.75",toiletries-beauty
Jungle Formula Insect Repellent Maximum Aerosol,Jungle Formul...125ml,£10.00,£8.00 per 100ml,,toiletries-beauty
Dove Gradual Self Tan Mousse Medium To Dark,Dove Gradua...150ml,£5.50,£3.67 per 100ml,"Offer price £5.50, was £10",toiletries-beauty
Lynx Africa Shower Gel,Lynx Africa Shower Gel500ml,£2.75,55p per 100ml,,toiletries-beauty
Sensodyne Sensitive Teeth Toothpaste Sensitivity & Gum Whitening,Sensodyne Sensi...75ml,£3.50,£4.67 per 100ml,"Offer price £3.50, was £5",toiletries-beauty
Tresemme Salon Styling Extra Hold Hair Spray,Tresemme Salon St...400ml,£4.00,£1.00 per 100ml,"Offer price £4, was £5",toiletries-beauty
Lynx Epic Fresh Grapefruit & Tropical Pineapple ,Lynx Epic Fresh Gra...150ml,£2.50,£1.67 per 100ml,,toiletries-beauty
Dove Gradual Self Tan Body Mousse Fair To Medium ,Dove Gradual Self T...150ml,£5.50,£3.67 per 100ml,"Offer price £5.50, was £10",toiletries-beauty
Tresemme Freeze Hold Hairspray,Tresemme Freeze...250ml,£3.00,£1.20 per 100ml,,toiletries-beauty
Simple Soothing Facial Toner ,Simple Soothi...200ml,£3.00,£1.50 per 100ml,Buy 2 for £5,toiletries-beauty
Morrisons Multi Vitamins    ,Morrisons Multi Vitamins    60 per pack,£1.00,1.7p each,,toiletries-beauty
Morrisons Junior Paracetamol Suspension,Morrisons Jun...100ml,£2.15,£2.15 per 100ml,,toiletries-beauty
Morrisons Long Lasting Pain Relief Ibuprofen Capsules,Morrisons Long...8 per pack,£2.00,25p each,,toiletries-beauty
Sensodyne Daily Care Gentle Whitening Sensitive Teeth Toothpaste,Sensodyne Daily Care Gentle...75ml,£2.50,£3.33 per 100ml,,toiletries-beauty
Sensodyne Sensitive Teeth Toothpaste Sensitivity & Gum Original,Sensodyne Sensitive Teeth...75ml,£3.50,£4.67 per 100ml,"Offer price £3.50, was £5",toiletries-beauty
Lynx Epic Fresh Grapefruit & Pineapple Scent Body Spray For Men ,Lynx Epic Fresh Grapefruit...150ml,£2.50,£1.67 per 100ml,,toiletries-beauty
Simple Triple Protect Moisturiser Spf 30 Protect 'N' Glow,Simple Triple Protect Moisturiser...40ml,£7.00,£17.50 per 100ml,,toiletries-beauty
Neutrogena Norwegian Formula Hand Cream 50ml,Neutrogena Norwegian Fo...50ml,£2.75,£5.50 per 100ml,"Offer price £2.75, was £3.75",toiletries-beauty
Dove Liquid Beauty Cream Wash Hand Wash,Dove Liquid Beauty Cr...250ml,£1.25,50p per 100ml,,toiletries-beauty
Radox Bath Muscle Soak ,Radox Bath Muscle Soak 500ml,£1.50,30p per 100ml,,toiletries-beauty
Radox  Feel Awake for Men Shower Gel,Radox  Feel Awake for Men Shower Gel250ml,£1,40p per 100ml,,toiletries-beauty
Radox Feel Refreshed Shower Gel,Radox Feel Refreshed Shower Gel250ml,£1,40p per 100ml,,toiletries-beauty
Radox Shower Gel Uplifting ,Radox Shower Gel Uplifting 250ml,£1,40p per 100ml,,toiletries-beauty
Sensodyne Daily Care Deep Clean Gel Sensitive Toothpaste,Sensodyne Daily Care Deep Clean...75ml,£2.50,£3.33 per 100ml,,toiletries-beauty
Sensodyne Repair & Protect Deep Repair Whitening Sensitive Toothpaste,Sensodyne Repair & Protect De...75ml,£3.75,£5.00 per 100ml,"Offer price £3.75, was £5.75",toiletries-beauty
7th Heaven Charcoal + Black Clay Peel - Off,7th Heaven Charcoal + Black Clay Peel - Off,£2,,,toiletries-beauty
7th Heaven Cucumber Peel Off Mask ,7th Heaven Cucumber Peel Off Mask 10ml,£1,£10.00 per 100ml,,toiletries-beauty
7th Heaven Dead Sea Mud Mask ,7th Heaven Dead Sea Mud Mask 20g,£1,£5.00 per 100g,,toiletries-beauty
7Th Heaven Pink Oxygen Bubble Face Mask,7Th Heaven Pink Oxygen Bubble Face Mask,£2,,,toiletries-beauty
7th Heaven Renew You Collagen Wrinkle Filler,7th Heaven Renew You Collagen Wrinkle Filler,£3,,,toiletries-beauty
7th Heaven Renew You Detox & Replenish Hydrogel Mask,7th Heaven Renew You Detox &...,£5,,,toiletries-beauty
7th Heaven Super Food 24Hr Hydration Sheet Mask Acai,7th Heaven Super Food 24Hr Hy...13g,£2.50,£19.23 per 100g,,toiletries-beauty
7th Heaven Super Food 24Hr Hydration Sheet Mask Avocado Oil ,7th Heaven Super Food 24Hr Hydratio...13g,£2.50,£19.23 per 100g,,toiletries-beauty
7th Heaven Super Food 24Hr Hydration Sheet Mask Tumeric ,7th Heaven Super Food 24Hr Hydr...13g,£2.50,£19.23 per 100g,,toiletries-beauty
7th Heaven Tea Tree Peel - Off Face Mask,7th Heaven Tea Tree Peel - Off Face Mask,£1,,,toiletries-beauty
7Th Heaven Wild Animals Elephant Face Mask Ginkgo And Lotus Blossom,7Th Heaven Wild Animals Ele...27g,£3,£11.11 per 100g,,toiletries-beauty
7Th Heaven Wild Animals Giraffe Face Mask Aloe And Cucumber,7Th Heaven Wild Animals Giraffe F...27g,£3,£11.11 per 100g,,toiletries-beauty
7Th Heaven Wild Animals Orangutan Face Mask Banana And Coconut,7Th Heaven Wild Animals Orangutan F...27g,£3,£11.11 per 100g,,toiletries-beauty
Acnecide Face 5% W/W Gel,Acnecide Face 5% W/W Gel15g,£5.33,£35.54 per 100g,"Offer price £5.33, was £8",toiletries-beauty
Acnecide Face Wash 5% W/W Gel,Acnecide Face Wash 5% W/W Gel50g,£6.66,£13.32 per 100g,"Offer price £6.66, was £10",toiletries-beauty
Alberto Balsam Coconut & Lychee Conditioner ,Alberto Balsam Coconut & Lychee Conditioner 350ml,£1,28.6p per 100ml,Buy 2 for £1.80,toiletries-beauty
Alberto Balsam Coconut & Lychee Nourishing Shampoo,Alberto Balsam Coconut & Ly...350ml,£1,28.6p per 100ml,Buy 2 for £1.80,toiletries-beauty
Alberto Balsam Coconut & Lychee Shampoo Bar,Alberto Balsam Coconut & Lychee Shampoo Bar75g,£2.50,£3.33 per 100g,,toiletries-beauty
Alberto Balsam Juicy Green Apple Conditioner ,Alberto Balsam Juicy Green Apple Conditioner 350ml,£1,28.6p per 100ml,Buy 2 for £1.80,toiletries-beauty
Alberto Balsam Juicy Green Apple Shampoo ,Alberto Balsam Juicy Green Apple Shampoo 350ml,£1,28.6p per 100ml,Buy 2 for £1.80,toiletries-beauty
Alberto Balsam Raspberry Conditioner,Alberto Balsam Raspberry Conditioner350ml,£1,28.6p per 100ml,Buy 2 for £1.80,toiletries-beauty
Alberto Balsam Raspberry Shampoo,Alberto Balsam Raspberry Shampoo350ml,£1,28.6p per 100ml,Buy 2 for £1.80,toiletries-beauty
Alberto Balsam Tea Tree Tingle Conditioner ,Alberto Balsam Tea Tree Tingle Conditioner 350ml,£1,28.6p per 100ml,Buy 2 for £1.80,toiletries-beauty
Alberto Balsam Tea Tree Tingle Shampoo ,Alberto Balsam Tea Tree Tingle Shampoo 350ml,£1,28.6p per 100ml,Buy 2 for £1.80,toiletries-beauty
Alberto Balsam Ultra Strong Gel ,Alberto Balsam Ultra Strong Gel 200ml,£1,50p per 100ml,,toiletries-beauty
Alpecin C1 Caffeine Shampoo,Alpecin C1 Caffeine Shampoo250ml,£6.50,£2.60 per 100ml,,toiletries-beauty
Alpecin C1 Caffeine Shampoo ,Alpecin C1 Caffeine Shampoo 375ml,£8.60,£2.29 per 100ml,,toiletries-beauty
Always Dailies Extra Protect Panty Liners Long Plus 24 liners,Always Dailies Extra Protect Panty...24 per pack,£1.90,7.9p each,Buy 2 for £3.50,toiletries-beauty
Always Dailies Fresh and Protect Panty Liners Normal,Always Dailies Fresh and Prot...32 per pack,£2,6.3p each,Buy 2 for £3.50,toiletries-beauty
Always Dailies Large Profresh Panty Liners,Always Dailies Large Profresh Panty Liners40 per pack,£3.40,8.5p each,Buy 2 for £5.50,toiletries-beauty
Always Dailies Panty Liners Long Plus,Always Dailies Panty Liners Long Plus48 per pack,£3.40,7.1p each,Buy 2 for £5.50,toiletries-beauty
Always Dailies Panty Liners Long Unscented,Always Dailies Panty Liners Long Unscented58 per pack,£3.40,5.9p each,Buy 2 for £5.50,toiletries-beauty
Always Dailies Panty Liners Normal Unscented,Always Dailies Panty Liners Normal Unscented68 per pack,£3.40,5p each,Buy 2 for £5.50,toiletries-beauty
Always Dailies Singles Panty Liners Fresh 20 liners,Always Dailies Singles Panty...20 per pack,£1.20,6p each,,toiletries-beauty
Always Discreet Boutique Incontinence Pants Medium,Always Discreet Boutique In...9 per pack,£8,88.9p each,"Offer price £8, was £9",toiletries-beauty
Always Discreet Boutique Incontinence Pants Plus Large Black 8 pack,Always Discreet Boutique Incontinence P...8 per pack,£8,£1.00 each,"Offer price £8, was £9",toiletries-beauty
Always Discreet Boutique Incontinence Pants Plus Medium Peach 9 pack,Always Discreet Boutique Incontinence P...9 per pack,£8,88.9p each,"Offer price £8, was £9",toiletries-beauty
Always Discreet For Sensitive Bladder Long Plus Pads Value Pack,Always Discreet For Sensitive Bladder...16 per pack,£4.70,29.4p each,Buy 2 for £9,toiletries-beauty
Always Discreet Incontinence Liners Long For Sensitive Bladder 20 pack,Always Discreet Incontinence...20 per pack,£2.25,11.3p each,Buy 2 for £4,toiletries-beauty
Always Discreet Incontinence Liners Normal For Sensitive Bladder 24 pack,Always Discreet Incontinence Li...24 per pack,£2.25,9.4p each,Buy 2 for £4,toiletries-beauty
Always Discreet Incontinence Pads+ Long for Sensitive Bladder 10 pack,Always Discreet Incontinence...10 per pack,£2.75,27.5p each,Buy 2 for £5,toiletries-beauty
Always Discreet Incontinence Pads+ Long For Sensitive Bladder 20 pack,Always Discreet Incontinence...20 per pack,£4.70,23.5p each,Buy 2 for £9,toiletries-beauty
Always Discreet Incontinence Pads+ Long Plus Sensitive Bladder 8 pack,Always Discreet Incontinence...8 per pack,£2.75,34.4p each,Buy 2 for £5,toiletries-beauty
Always Discreet Incontinence Pads Normal for Sensitive Bladder 12 pack,Always Discreet Incontinence...12 per pack,£2.75,22.9p each,Buy 2 for £5,toiletries-beauty
Always Discreet Incontinence Pads Normal For Sensitive Bladder 24 pack,Always Discreet Incontinence...24 per pack,£4.70,19.6p each,Buy 2 for £9,toiletries-beauty
Always Discreet Incontinence Pads Small for Sensitive Bladder 20 pack,Always Discreet Incontinence...20 per pack,£2.75,13.8p each,Buy 2 for £5,toiletries-beauty
Always Discreet Incontinence Pants Plus Black,Always Discreet Incontine...9 per pack,£8,88.9p each,"Offer price £8, was £8.75",toiletries-beauty
Always Discreet Pads Ultimate Day,Always Discreet Pads Ultimate Day12 per pack,£4.70,39.2p each,Buy 2 for £9,toiletries-beauty
Always Discreet Pads Ultimate Night,Always Discreet Pads Ultimate Night12 per pack,£4.70,39.2p each,Buy 2 for £9,toiletries-beauty
Always Discreet Underwear Boutique Incontinence Pants Plus Large 8 pack,Always Discreet Underwear Bou...8 per pack,£8,£1.00 each,"Offer price £8, was £9",toiletries-beauty
Always Discreet Underwear Incontinence Pants Normal Large 10 pack,Always Discreet Underwear I...10 per pack,£9,90p each,,toiletries-beauty
Always Discreet Underwear Incontinence Pants Normal Medium 12 pack,Always Discreet Underwear I...12 per pack,£9,75p each,,toiletries-beauty
Always Discreet Underwear Incontinence Pants Plus Large 8 pack,Always Discreet Underwear Incontine...8 per pack,£9,£1.13 each,,toiletries-beauty
Always Discreet Underwear Incontinence Pants Plus M 9 pack,Always Discreet Underwear Inconti...9 per pack,£9,£1.00 each,,toiletries-beauty
Always Discreet Underwear Incontinence Pants Plus XL 7 pack,Always Discreet Underwear Inconti...7 per pack,£9,£1.29 each,,toiletries-beauty
Always Maxi Long (Size2) Sanitary Towels Wings 12 pads,Always Maxi Long (Size2) Sanita...12 per pack,£2.49,20.8p each,,toiletries-beauty
Always Maxi Long Plus,Always Maxi Long Plus12 per pack,£2.25,18.8p each,Buy 2 for £3.50,toiletries-beauty
Always Maxi Profresh Night Sanitary Towels Without Wings 9 Pads,Always Maxi Profresh Night Sanitary T...9 per pack,£2,22.2p each,,toiletries-beauty
Always Platinum Long Plus (Size 2) Sanitary Towels Wings 10 pads,Always Platinum Long Plus (Size 2) Sa...10 per pack,£2.25,22.5p each,Buy 2 for £3.50,toiletries-beauty
Always Platinum Long Plus (Size 2) Sanitary Towels Wings 20 pads,Always Platinum Long Plus (Size 2) Sa...20 per pack,£3.40,17p each,Buy 2 for £5.50,toiletries-beauty
Always Platinum Night (Size 3) Sanitary Towels Wings 16 pads,Always Platinum Night (Size 3) Sani...16 per pack,£3.40,21.3p each,Buy 2 for £5.50,toiletries-beauty
Always Platinum Night (Size 3) Sanitary Towels Wings 8 pads,Always Platinum Night (Size 3) Sa...8 per pack,£2.25,28.1p each,Buy 2 for £3.50,toiletries-beauty
Always Platinum Night (Size 4),Always Platinum Night (Size 4)14 per pack,£3.40,24.3p each,Buy 2 for £5.50,toiletries-beauty
Always Platinum Normal (Size1) Sanitary Towels Wings 12 pads,Always Platinum Normal (Size1) Sani...12 per pack,£2.25,18.8p each,Buy 2 for £3.50,toiletries-beauty
Always Platinum Normal (Size1) Sanitary Towels Wings 24 pads,Always Platinum Normal (Size1) Sani...24 per pack,£3.40,14.2p each,Buy 2 for £5.50,toiletries-beauty
Always Sensitive Long Ultra (Size 2) Sanitary Towels Wings 12 pads,Always Sensitive Long Ultra (Size 2) Sa...12 per pack,£1,8.3p each,,toiletries-beauty
Always Sensitive Night Ultra (Size 3) Sanitary Towels  Wings,Always Sensitive Night Ultra (Size...10 per pack,£1,10p each,,toiletries-beauty
Always Sensitive Normal Ultra (Size 1) Sanitary Towels Wings 14 pads,Always Sensitive Normal Ultra (Size 1)...14 per pack,£1,7.1p each,,toiletries-beauty
Always Ultra Day  Night With Wings Size 3,Always Ultra Day  Night With Wings Size 39 per pack,£2.25,25p each,Buy 2 for £3.50,toiletries-beauty
Always Ultra Long Sanitary Towels Long With Wings (Size 2),Always Ultra Long Sanitary Towels...20 per pack,£3.40,17p each,Buy 2 for £5.50,toiletries-beauty
Always Ultra Long With Wings Size 2,Always Ultra Long With Wings Size 211 per pack,£2.25,20.5p each,Buy 2 for £3.50,toiletries-beauty
Always Ultra Night With Wings Size 4,Always Ultra Night With Wings Size 48 per pack,£2.25,28.1p each,Buy 2 for £3.50,toiletries-beauty
Always Ultra Normal (Size 1) Sanitary Towels Wings 26 pads,Always Ultra Normal (Size 1) Sani...2 x 13 per pack,£3.40,13.1p each,Buy 2 for £5.50,toiletries-beauty
Always Ultra Pads Secure Night Extra (Size 5),Always Ultra Pads Secure Night Extra (Size 5)8 per pack,£2.25,28.1p each,Buy 2 for £3.50,toiletries-beauty
Always Ultra Sanitary Towels Day & Night With Wings (Size 3),Always Ultra Sanitary Towels Day &...18 per pack,£3.40,18.9p each,Buy 2 for £5.50,toiletries-beauty
Always Ultra Sanitary Towels Normal Without Wings (Size 1),Always Ultra Sanitary Towels Norm...28 per pack,£3.40,12.1p each,Buy 2 for £5.50,toiletries-beauty
Always Ultra Sanitary Towels Secure Night Ex With Wings (Size 5),Always Ultra Sanitary Towels Secure N...14 per pack,£3.40,24.3p each,Buy 2 for £5.50,toiletries-beauty
Always Ultra Sanitary Towels Secure Night Size 4 With Wings,Always Ultra Sanitary Towels Secu...16 per pack,£3.40,21.3p each,Buy 2 for £5.50,toiletries-beauty
Always Ultra Zzz Menstrual Pant Small / Medium,Always Ultra Zzz Menstrua...3 per pack,£2.99,99.7p each,Buy 2 for £5.50,toiletries-beauty
Ambre Solaire After Sun Spray ,Ambre Solaire After Sun Spray 200ml,£10,£5.00 per 100ml,,toiletries-beauty
Ambre Solaire Clear Protect Sun Cream Spray SPF30 ,Ambre Solaire Clear Protect...200ml,£14,£7.00 per 100ml,,toiletries-beauty
Ambre Solaire Dry Mist SPF,Ambre Solaire Dry Mist SPF200ml,£14,£7.00 per 100ml,,toiletries-beauty
Ambre Solaire Hydra 24 SPF 20 Lotion,Ambre Solaire Hydra 24 SPF 20 Lotion200ml,£10,£5.00 per 100ml,,toiletries-beauty
Ambre Solaire Hydra 24 SPF 30 Spray,Ambre Solaire Hydra 24 SPF 30 Spray200ml,£10,£5.00 per 100ml,,toiletries-beauty
Ambre Solaire Kids Anti Sand Mist SPF,Ambre Solaire Kids Anti Sand Mist SPF150ml,£16,£10.67 per 100ml,,toiletries-beauty
Ambre Solaire Kids Sensitive Sun Cream SPF50+ ,Ambre Solaire Kids Sensit...200ml,£8,£4.00 per 100ml,,toiletries-beauty
Ambre Solaire Kids Sensitive Sun Cream Spray SPF50+ ,Ambre Solaire Kids Sensitive...200ml,£16,£8.00 per 100ml,,toiletries-beauty
Ambre Solaire Ultra-hydrating Sun Cream SPF30 ,Ambre Solaire Ultra-hydra...200ml,£10,£5.00 per 100ml,,toiletries-beauty
Anusol Wipes ,Anusol Wipes 30 per pack,£5.50,18.3p each,,toiletries-beauty
"Aquafresh Baby Toothpaste Milk Teeth 0-2 Years,",Aquafresh Baby Toothpaste...50ml,£1.70,£3.40 per 100ml,,toiletries-beauty
Aquafresh Fresh and Minty Toothpaste,Aquafresh Fresh and Minty Toothpaste75ml,£1,£1.33 per 100ml,,toiletries-beauty
Aquafresh Kids Big Teeth Mouthwash Fruity Flavour 6-8 Years,Aquafresh Kids Big Teeth Mouthwas...300ml,£1.20,40p per 100ml,"Offer price £1.20, was £2",toiletries-beauty
Aquafresh Kids Big Teeth Toothbrush 6-8 Years,Aquafresh Kids Big Teeth Toothbrush 6-8 Years,£1.50,,"Offer price £1.50, was £2",toiletries-beauty
Aquafresh Kids Toothbrush 0-7 years Soft bristles 3 pack,Aquafresh Kids Toothbrush 0-7 y...3 per pack,£2,66.7p each,,toiletries-beauty
Aquafresh Kids Toothpaste Advance 9-12 Years,Aquafresh Kids Toothpas...75ml,£1.65,£2.20 per 100ml,"Offer price £1.65, was £2.50",toiletries-beauty
Aquafresh Kids Toothpaste Big Teeth 6-8 Years,Aquafresh Kids Toothpaste...75ml,£1.65,£2.20 per 100ml,"Offer price £1.65, was £2.20",toiletries-beauty
Aquafresh Kids Toothpaste Little Teeth 3-5 Years,Aquafresh Kids Toothpaste L...75ml,£1.65,£2.20 per 100ml,"Offer price £1.65, was £2.20",toiletries-beauty
Aquafresh Kids Toothpaste Splash 3-8 Years,Aquafresh Kids Toothpas...75ml,£1.65,£2.20 per 100ml,"Offer price £1.65, was £2.20",toiletries-beauty
Aquafresh Little Teeth 3-5 years Soft Bristles Kids Toothbrush,Aquafresh Little Teeth 3-5 years So...,£1.50,,"Offer price £1.50, was £2",toiletries-beauty
Aquafresh Milk Teeth 0-2 Years Soft Bristles Baby Toothbrush,Aquafresh Milk Teeth 0-2 Years Soft...,£1.50,,"Offer price £1.50, was £2",toiletries-beauty
Aquafresh Naturals Mint Clean Toothpaste,Aquafresh Naturals Mint Clean Toothpaste75ml,£1.50,£2.00 per 100ml,,toiletries-beauty
"Aquafresh Senses Energising Grapefruit, Lemon & Mint Toothpaste",Aquafresh Senses Energising Grapefrui...75ml,£2,£2.67 per 100ml,,toiletries-beauty
"Aquafresh Senses Watermelon, Cucumber & Mint Toothpaste","Aquafresh Senses Watermelon, Cu...75ml",£2,£2.67 per 100ml,,toiletries-beauty
Aquafresh Toothpaste Complete Care Extra Fresh,Aquafresh Toothpaste Complete Care Extra Fresh100ml,£2,£2.00 per 100ml,,toiletries-beauty
Arm & Hammer Advance White Pro Toothpaste ,Arm & Hammer Advance White Pro Toothpaste 75ml,£2.33,£3.11 per 100ml,"Offer price £2.33, was £3.50",toiletries-beauty
Arm & Hammer Charcoal White Toothpaste Peppermint,Arm & Hammer Charcoal White...75ml,£2,£2.67 per 100ml,"Offer price £2, was £3",toiletries-beauty
Astonish Protect + Care Anti-Bacterial Handwash Vitamin E,Astonish Protect + Care Anti-Bact...600ml,£1,16.7p per 100ml,,toiletries-beauty
Astonish Protect + Care Anti-Bacterial Peony Bloom Hand Wash,Astonish Protect + Care Anti-Bacter...600ml,£1,16.7p per 100ml,,toiletries-beauty
Atrixo Enriched Moisturising Cream,Atrixo Enriched Moisturising Cream100ml,£3.80,£3.80 per 100ml,,toiletries-beauty
Aussie 3 Minute Miracle Colour Mate ,Aussie 3 Minute Miracle Colour Mate 225ml,£5,£2.22 per 100ml,Buy 3 for £10,toiletries-beauty
Aussie 3 Minute Miracle Deep Moisture Conditioner 225ml,Aussie 3 Minute Miracle Deep Mo...225ml,£6,£2.67 per 100ml,Buy 3 for £10,toiletries-beauty
Aussie 3 Minute Miracle Hemp,Aussie 3 Minute Miracle Hemp225ml,£5,£2.22 per 100ml,Buy 3 for £10,toiletries-beauty
Aussie 3 Minute Miracle Moist,Aussie 3 Minute Miracle Moist225ml,£5,£2.22 per 100ml,Buy 3 for £10,toiletries-beauty
Aussie 3 Minute Miracle Reconstructor Hair Mask,Aussie 3 Minute Miracle Reconstructor Hair Mask20ml,£1,£5.00 per 100ml,,toiletries-beauty
Aussie 3 Minute Miracle Repair,Aussie 3 Minute Miracle Repair225ml,£5,£2.22 per 100ml,Buy 3 for £10,toiletries-beauty
Aussie 3 Minute Miracle Shine 225ml,Aussie 3 Minute Miracle Shine 225ml225ml,£5,£2.22 per 100ml,Buy 3 for £10,toiletries-beauty
Aussie 3 Miracle Hair Oil Smooth ,Aussie 3 Miracle Hair Oil Smooth 100ml,£6.66,£6.66 per 100ml,"Offer price £6.66, was £10",toiletries-beauty
Aussie Aussome Volume Conditioner,Aussie Aussome Volume Conditioner200ml,£4.50,£2.25 per 100ml,Buy 3 for £10,toiletries-beauty
"Aussie Aussome Volume Shampoo For Fine, Flat Hair",Aussie Aussome Volume Shamp...300ml,£4.50,£1.50 per 100ml,Buy 3 for £10,toiletries-beauty
Aussie Blonde Hydration Conditioner,Aussie Blonde Hydration Conditioner200ml,£4,£2.00 per 100ml,"Offer price £4, was £6",toiletries-beauty
Aussie Blonde Hydration Purple Shampoo,Aussie Blonde Hydration Purple Shampoo290ml,£4,£1.38 per 100ml,"Offer price £4, was £6",toiletries-beauty
Aussie Calm The Frizz Conditioner,Aussie Calm The Frizz Conditioner200ml,£4.50,£2.25 per 100ml,Buy 3 for £10,toiletries-beauty
 Aussie Calm The Frizz Shampoo, Aussie Calm The Frizz Shampoo300ml,£4.50,£1.50 per 100ml,Buy 3 for £10,toiletries-beauty
Aussie Colour Mate Conditioner,Aussie Colour Mate Conditioner200ml,£4.50,£2.25 per 100ml,Buy 3 for £10,toiletries-beauty
"Aussie Colour Mate Shampoo For Vibrant, Coloured Hair",Aussie Colour Mate Shampoo Fo...300ml,£4.50,£1.50 per 100ml,Buy 3 for £10,toiletries-beauty
Aussie Conditioner SOS Save My Lengths,Aussie Conditioner SOS Save My Lengths200ml,£4,£2.00 per 100ml,"Offer price £4, was £6",toiletries-beauty
Aussie Deep Moisture Hair Conditioner ,Aussie Deep Moisture Hair Conditioner 200ml,£4.50,£2.25 per 100ml,Buy 3 for £10,toiletries-beauty
Aussie Deep Moisture Mask,Aussie Deep Moisture Mask450ml,£6.67,£1.48 per 100ml,"Offer price £6.67, was £10",toiletries-beauty
Aussie Deep Treatment 3 Minute Miracle Moist Hair Mask ,Aussie Deep Treatment 3 Minute...75ml,£2,£2.67 per 100ml,,toiletries-beauty
Aussie Deep Treatment 3 Minute Miracle Reconstructor Hair Mask,Aussie Deep Treatment 3 Minute Mira...75ml,£2,£2.67 per 100ml,,toiletries-beauty
Aussie Hair Mask 3 Minute Miracle SOS Deep Treatment,Aussie Hair Mask 3 Minute Mir...225ml,£4.67,£2.07 per 100ml,"Offer price £4.67, was £7",toiletries-beauty
Aussie Hair SOS Heat Saviour Hair Spray,Aussie Hair SOS Heat Saviour Hair Spray100ml,£4.67,£4.67 per 100ml,"Offer price £4.67, was £7",toiletries-beauty
Aussie Mega Conditioner,Aussie Mega Conditioner200ml,£4.50,£2.25 per 100ml,Buy 3 for £10,toiletries-beauty
Aussie Mega Shampoo For That Mega Clean Feeling Every Day,Aussie Mega Shampoo For That Mega...300ml,£4.50,£1.50 per 100ml,Buy 3 for £10,toiletries-beauty
Aussie Miracle Moist Conditioner,Aussie Miracle Moist Conditioner200ml,£4.50,£2.25 per 100ml,Buy 3 for £10,toiletries-beauty
Aussie Miracle Moist Hair Conditioner,Aussie Miracle Moist Hair Conditioner250ml,£5,£2.00 per 100ml,Buy 3 for £10,toiletries-beauty
Aussie Miracle Moist Hair Conditioner,Aussie Miracle Moist Hair Conditioner350ml,£6,£1.71 per 100ml,,toiletries-beauty
Aussie Miracle Moist Shampoo,Aussie Miracle Moist Shampoo500ml,£6,£1.20 per 100ml,,toiletries-beauty
"Aussie Miracle Moist Shampoo For Dry, Really Thirsty Hair",Aussie Miracle Moist Shampoo For...90ml,£2.50,£2.78 per 100ml,,toiletries-beauty
"Aussie Miracle Moist Shampoo For Dry, Really Thirsty Hair",Aussie Miracle Moist Shampoo For...90ml,£2.50,£2.78 per 100ml,,toiletries-beauty
Aussie Miracle Shine Shampoo With Ginseng extract & Pearl powder,Aussie Miracle Shine Shampoo With Gin...300ml,£4.50,£1.50 per 100ml,Buy 3 for £10,toiletries-beauty
Aussie Save My Lengths! 3 Minute Miracle Hair Mask,Aussie Save My Lengths! 3 Minute Miracle Hair Mask225ml,£4.67,£2.07 per 100ml,"Offer price £4.67, was £7",toiletries-beauty
Aussie Shampoo Miracle Moist ,Aussie Shampoo Miracle Moist 300ml,£4.50,£1.50 per 100ml,Buy 3 for £10,toiletries-beauty
Aussie Shampoo SOS Save My Lengths,Aussie Shampoo SOS Save My Lengths290ml,£4,£1.38 per 100ml,"Offer price £4, was £6",toiletries-beauty
Aussie Shine Miracle Conditioner,Aussie Shine Miracle Conditioner200ml,£4.50,£2.25 per 100ml,Buy 3 for £10,toiletries-beauty
Aussie SOS 3MM Blonde Hair Mask,Aussie SOS 3MM Blonde Hair Mask225ml,£4.67,£2.07 per 100ml,"Offer price £4.67, was £7",toiletries-beauty
Aussie Sos Kiss Of Life Shampoo,Aussie Sos Kiss Of Life Shampoo290ml,£4,£1.38 per 100ml,"Offer price £4, was £6",toiletries-beauty
Aussie SOS Repair Vegan Hair Mask,Aussie SOS Repair Vegan Hair Mask450ml,£6.67,£1.48 per 100ml,"Offer price £6.67, was £10",toiletries-beauty
Aussie Sos Revive Hair Mask & Cap,Aussie Sos Revive Hair Mask & Cap,£8,,,toiletries-beauty
 Aussie SOS Save My Lengths Conditioner, Aussie SOS Save My Lengths Conditioner200ml,£4,£2.00 per 100ml,"Offer price £4, was £6",toiletries-beauty
Aussie Spray Miracle Hair Insurance,Aussie Spray Miracle Hair Insurance250ml,£5,£2.00 per 100ml,Buy 3 for £10,toiletries-beauty
Aussie Staycation Hair Mask & Cap Calm the Frizz ,Aussie Staycation Hair Mask...20ml,£4.67,£23.35 per 100ml,"Offer price £4.67, was £7",toiletries-beauty
Aussie Staycation Hair Mask & Cap Moisture Paradise ,Aussie Staycation Hair Mask &...20ml,£4.67,£23.35 per 100ml,"Offer price £4.67, was £7",toiletries-beauty
Aussie Work That Curl Hair Serum,Aussie Work That Curl Hair Serum90ml,£6.66,£7.40 per 100ml,"Offer price £6.66, was £10",toiletries-beauty
Aveeno Blackberry & Quinoa Conditioner ,Aveeno Blackberry & Quinoa Conditioner 354ml,£9,£2.54 per 100ml,,toiletries-beauty
Aveeno Blackberry & Quinoa Shampoo ,Aveeno Blackberry & Quinoa Shampoo 354ml,£9,£2.54 per 100ml,,toiletries-beauty
Aveeno Calm & Restore Cleanser,Aveeno Calm & Restore Cleanser200ml,£8,£4.00 per 100ml,,toiletries-beauty
Aveeno Calm & Restore Gel Moisturiser,Aveeno Calm & Restore Gel Moisturiser50ml,£11,£22.00 per 100ml,,toiletries-beauty
Aveeno Calm & Restore Oat Toning Lotion,Aveeno Calm & Restore Oat Toning Lotion200ml,£8,£4.00 per 100ml,,toiletries-beauty
Aveeno Cream,Aveeno Cream500ml,£15,£3.00 per 100ml,,toiletries-beauty
Aveeno Daily Care Spray,Aveeno Daily Care Spray200ml,£7.75,£3.88 per 100ml,,toiletries-beauty
Aveeno Daily Moisturising Body Wash,Aveeno Daily Moisturising Body Wash300ml,£7,£2.33 per 100ml,,toiletries-beauty
Aveeno Daily Moisturising Creamy Oil ,Aveeno Daily Moisturising Creamy Oil 300ml,£8,£2.67 per 100ml,,toiletries-beauty
Aveeno Daily Moisturising Lotion ,Aveeno Daily Moisturising Lotion 200ml,£6,£3.00 per 100ml,,toiletries-beauty
Aveeno Daily Moisturising Lotion ,Aveeno Daily Moisturising Lotion 300ml,£8.50,£2.83 per 100ml,,toiletries-beauty
Aveeno Daily Moisturising Yogurt Body Cream Vanilla & Oat Scent ,Aveeno Daily Moisturising Yogurt Body...300ml,£7.75,£2.58 per 100ml,,toiletries-beauty
Aveeno Fresh Greens Conditioner ,Aveeno Fresh Greens Conditioner 354ml,£9,£2.54 per 100ml,,toiletries-beauty
Aveeno Fresh Greens Shampoo ,Aveeno Fresh Greens Shampoo 354ml,£9,£2.54 per 100ml,,toiletries-beauty
Aveeno Hand Cream,Aveeno Hand Cream75ml,£5,£6.67 per 100ml,,toiletries-beauty
Aveeno Kids Bubble Bath & Wash ,Aveeno Kids Bubble Bath & Wash 250ml,£4.30,£1.72 per 100ml,,toiletries-beauty
Aveeno Kids Conditioner,Aveeno Kids Conditioner250ml,£4.30,£1.72 per 100ml,,toiletries-beauty
Aveeno Kids Shampoo ,Aveeno Kids Shampoo 250ml,£4.30,£1.72 per 100ml,,toiletries-beauty
Aveeno Oat Milk Conditioner ,Aveeno Oat Milk Conditioner 354ml,£9,£2.54 per 100ml,,toiletries-beauty
Aveeno Oat Milk Shampoo ,Aveeno Oat Milk Shampoo 354ml,£8.99,£2.54 per 100ml,,toiletries-beauty
Aveeno Skin Relief Lotion ,Aveeno Skin Relief Lotion 200ml,£6.25,£3.13 per 100ml,,toiletries-beauty
Aveeno Skin Relief Moisturising Body Wash,Aveeno Skin Relief Moisturising Body Wash300ml,£8,£2.67 per 100ml,,toiletries-beauty
Aveeno Skin Relief Moisturising Hand Cream ,Aveeno Skin Relief Moisturising Hand Cream 75ml,£6,£8.00 per 100ml,,toiletries-beauty
Aveeno Skin Relief Moisturising Lotion Very Dry Skin ,Aveeno Skin Relief Moisturisi...300ml,£9.50,£3.17 per 100ml,,toiletries-beauty
Aveeno Skin Relief Nourish & Repair Cica Balm,Aveeno Skin Relief Nouris...50ml,£7,£14.00 per 100ml,,toiletries-beauty
Badedas Original Bath Gelee,Badedas Original Bath Gelee750ml,£12,£1.60 per 100ml,,toiletries-beauty
"Badedas Revitalising Shower Gel, Shampoo & Conditioner ",Badedas Revitalising Shower Gel...200ml,£2.50,£1.25 per 100ml,,toiletries-beauty
Bare In Mind Bamboo Facecloth,Bare In Mind Bamboo Facecloth,£3,,,toiletries-beauty
Bare In Mind Bamboo Reusable Cleansing Pads,Bare In Mind Bamboo Reusable Cleansing Pads4 per pack,£4,£1.00 each,,toiletries-beauty
Batiste Blush Dry Shampoo,Batiste Blush Dry Shampoo350ml,£5,£1.43 per 100ml,,toiletries-beauty
Batiste Coconut & Exotic Tropical Dry Shampoo ,Batiste Coconut & Exotic Tropical Dry Shampoo 200ml,£3.25,£1.63 per 100ml,,toiletries-beauty
Batiste Conditioning Foam Blush,Batiste Conditioning Foam Blush100ml,£3.06,£3.06 per 100ml,"Offer price £3.06, was £4.20",toiletries-beauty
Batiste Conditioning Foam Original,Batiste Conditioning Foam Original100ml,£3,£3.00 per 100ml,"Offer price £3, was £4.50",toiletries-beauty
Batiste Dry Blush Shampoo ,Batiste Dry Blush Shampoo 200ml,£3.25,£1.63 per 100ml,,toiletries-beauty
Batiste Dry Cherry Shampoo ,Batiste Dry Cherry Shampoo 200ml,£3.25,£1.63 per 100ml,,toiletries-beauty
Batiste Dry Shampoo Dark & Deep Brown,Batiste Dry Shampoo Dark & Deep Brown200ml,£2.84,£1.42 per 100ml,"Offer price £2.84, was £4.25",toiletries-beauty
Batiste Naturally Green Tea Chamomile Dry Shampoo,Batiste Naturally Green Tea...200ml,£2.84,£1.42 per 100ml,"Offer price £2.84, was £4.25",toiletries-beauty
Batiste Original Dry Shampoo,Batiste Original Dry Shampoo200ml,£3.25,£1.63 per 100ml,,toiletries-beauty
Batiste Original Dry Shampoo,Batiste Original Dry Shampoo350ml,£5,£1.43 per 100ml,,toiletries-beauty
 Batiste Tropical Dry Shampoo, Batiste Tropical Dry Shampoo350ml,£5,£1.43 per 100ml,,toiletries-beauty
Baylis & Harding Antibacterial Hand Wash Jasmine & Apple Blossom,Baylis & Harding Antibacterial Hand W...500ml,£2.25,45p per 100ml,,toiletries-beauty
Baylis & Harding Elements Hand Wash White Tea & Neroli,Baylis & Harding Elements Hand...500ml,£1.85,37p per 100ml,"Offer price £1.85, was £2.50",toiletries-beauty
Baylis & Harding Goodness Kids Strawberry Swirl Body Wash,Baylis & Harding Goodness Kids St...500ml,£4,80p per 100ml,,toiletries-beauty
Baylis & Harding Goodness Natural Lavender & Bergamot Bath Soak,Baylis & Harding Goodness...500ml,£5,£1.00 per 100ml,,toiletries-beauty
Baylis & Harding Goodness Natural Lavender & Bergamot Body Wash,Baylis & Harding Goodness...500ml,£5,£1.00 per 100ml,,toiletries-beauty
"Baylis & Harding Goodness Oud, Cedar & Amber Bath Soak",Baylis & Harding Goodness Oud...500ml,£4,80p per 100ml,,toiletries-beauty
"Baylis & Harding Goodness Oud, Cedar & Amber Body Wash ",Baylis & Harding Goodness Oud...500ml,£4,80p per 100ml,,toiletries-beauty
"Baylis & Harding Goodness Oud, Cedar & Amber Natural Hand Wash",Baylis & Harding Goodness...500ml,£4,80p per 100ml,,toiletries-beauty
Baylis & Harding Goodness Rose & Geranium Bath Soak ,Baylis & Harding Goodness Ros...500ml,£4,80p per 100ml,,toiletries-beauty
Baylis & Harding Goodness Rose & Geranium Body Wash ,Baylis & Harding Goodness Ros...500ml,£4,80p per 100ml,,toiletries-beauty
Baylis & Harding Goodness Rose & Geranium Natural Hand Wash,Baylis & Harding Goodne...500ml,£4,80p per 100ml,,toiletries-beauty
Baylis & Harding Hand Wash Limited Edition,Baylis & Harding Hand Wash Limited Edition500ml,£2.25,45p per 100ml,,toiletries-beauty
Baylis & Harding Jasmine & Apple Blossom Antibac Hand Wash Refill,Baylis & Harding Jasmine & Apple Blos...1L,£3,30p per 100ml,,toiletries-beauty
"Baylis & Harding Jojoba, Vanilla & Almond Oil Hand Wash","Baylis & Harding Jojoba, Vanill...500ml",£2.25,45p per 100ml,,toiletries-beauty
Baylis & Harding Sea Salt & Wild Mint Hand Wash,Baylis & Harding Sea Salt & Wild Mint Hand Wash500ml,£2.25,45p per 100ml,,toiletries-beauty
Baylis & Harding Signature Collection Mini Stack Gift Set ,Baylis & Harding Signature Collec...,£12,,,toiletries-beauty
Baylis & Harding Sweet Mandarin & Grapefruit Hand Wash,Baylis & Harding Sweet Mandarin...500ml,£2.25,45p per 100ml,,toiletries-beauty
Baylis & Harding Wild Fig & Pomegranate Wash Bag,Baylis & Harding Wild Fig & Pomegranate Wash Bag,£30,,,toiletries-beauty
Baylis & Harding Wild Rhubarb & Pink Pepper  Luxury Hand Wash ,Baylis & Harding Wild Rhubarb & Pin...500ml,£2.25,45p per 100ml,,toiletries-beauty
B Blonde High Lift Powder Bleach          ,B Blonde High Lift Powder Bleach          ,£4,,,toiletries-beauty
B Blonde Maximum Lift Cream Peroxide,B Blonde Maximum Lift Cream Peroxide75ml,£2,26.7p per 10ml,,toiletries-beauty
Belle Color Natural Dark Ash Blonde 7.1,Belle Color Natural Dark Ash Blonde 7.1,£5,,,toiletries-beauty
Belle Color Natural Dark Blonde 7,Belle Color Natural Dark Blonde 7,£5,,,toiletries-beauty
Belle Color Natural Dark Golden Blonde 7.3,Belle Color Natural Dark Golden Blonde 7.3,£5,,,toiletries-beauty
Belle Color Natural Light Brown 6,Belle Color Natural Light Brown 6,£5,,,toiletries-beauty
Belle Color Natural Light Honey Blonde 9.3,Belle Color Natural Light Honey Blonde 9.3,£5,,,toiletries-beauty
Belle Color Ultra Light Natural Blonde 110,Belle Color Ultra Light Natural Blonde 110,£5,,,toiletries-beauty
BetterYou Immune Health Daily Oral Spray,BetterYou Immune Health Daily Oral Spray50ml,£12.50,£25.00 per 100ml,,toiletries-beauty
BetterYou Magnesium Muscle Flakes ,BetterYou Magnesium Muscle Flakes 1kg,£9.95,99.5p per 100g,,toiletries-beauty
BetterYou Magnesium Sleep Flakes ,BetterYou Magnesium Sleep Flakes 1kg,£9.95,99.5p per 100g,,toiletries-beauty
BetterYou Vegan Vitamin Health Daily Oral Spray  ,BetterYou Vegan Vitamin Health Daily Oral Spray  25ml,£14.95,£5.98 per 10ml,,toiletries-beauty
BIC 1 Sensitive Shaver,BIC 1 Sensitive Shaver10 per pack,£1.65,16.5p each,,toiletries-beauty
BIC 2 Sensitive Shaver Pack,BIC 2 Sensitive Shaver Pack10 per pack,£2.10,21p each,,toiletries-beauty
Bic Flex 3 Comfort Shaver,Bic Flex 3 Comfort Shaver4 per pack,£3.49,87.3p each,,toiletries-beauty
Bic Miss Soleil 3 Blade Shaver ,Bic Miss Soleil 3 Blade Shaver 4 per pack,£3,75p each,,toiletries-beauty
Bic Soleil Scent 3 Blade Shaver ,Bic Soleil Scent 3 Blade Shaver 4 per pack,£4,£1.00 each,,toiletries-beauty
Bic Twin Lady Razors Pouch ,Bic Twin Lady Razors Pouch 5 per pack,£2,40p each,,toiletries-beauty
Bigen Dark Chestnut 48,Bigen Dark Chestnut 48,£3.50,,,toiletries-beauty
Bigen For Men Natural Brown 104,Bigen For Men Natural Brown 104,£6.50,,,toiletries-beauty
Bio-Oil Skincare Oil  Helps Improve the Appearance of Scars & Stretch Marks,Bio-Oil Skincare Oil  Helps Improve the Appea...60ml,£10,£16.67 per 100ml,,toiletries-beauty
Bionsen The Original Mineral Protective Deodorant,Bionsen The Original Minera...150ml,£2.60,£1.73 per 100ml,"Offer price £2.60, was £3.30",toiletries-beauty
Bionsen The Original Mineral Protective Deodorant,Bionsen The Original Minera...50ml,£1.75,£3.50 per 100ml,"Offer price £1.75, was £2.40",toiletries-beauty
Biore Charcoal Pore Strips 6Pk,Biore Charcoal Pore Strips 6Pk92ml,£9,£9.78 per 100ml,,toiletries-beauty
Biore Clear & Bright Jelly Cleanser,Biore Clear & Bright Jelly Cleanser110ml,£7,£6.36 per 100ml,,toiletries-beauty
Biore Clear & Bright Resurfacing Scrub,Biore Clear & Bright Resurfacing Scrub100ml,£7,£7.00 per 100ml,,toiletries-beauty
Biore Ultra Deep Cleansing Pore Strips ,Biore Ultra Deep Cleansing Pore Strips 6 per pack,£8,£1.33 each,,toiletries-beauty
Blistex Lipcare Intensive Moisuriser ,Blistex Lipcare Intensive Moisuriser 5g,£2.50,£50.00 per 100g,,toiletries-beauty
Blistex Lip Infusions Hydration Spf 15,Blistex Lip Infusions Hydration Spf 153.7g,£3,£81.08 per 100g,,toiletries-beauty
Blistex Relief Cream     ,Blistex Relief Cream     5g,£3.20,£64.00 per 100g,,toiletries-beauty
Bodyform Cour-V Ultra Long Sanitary Towels,Bodyform Cour-V Ultra Long Sanitary Towels12 per pack,£1,8.3p each,,toiletries-beauty
Bodyform Cour-V Ultra Night Sanitary Towels Wings,Bodyform Cour-V Ultra Night...18 per pack,£2,11.1p each,,toiletries-beauty
Bodyform Cour-V Ultra Night Sanitary Towels Wings,Bodyform Cour-V Ultra Night...8 per pack,£1,12.5p each,,toiletries-beauty
Bodyform Cour-V Ultra Towel,Bodyform Cour-V Ultra Towel10 per pack,£1,10p each,,toiletries-beauty
Bodyform Cour V Ultra Normal Sanitary Towels Wings,Bodyform Cour V Ultra Norma...12 per pack,£1,8.3p each,,toiletries-beauty
Bodyform Cour V Ultra Normal Sanitary Towels Wings,Bodyform Cour V Ultra Norma...24 per pack,£2,8.3p each,,toiletries-beauty
Bodyform Dailies All Fluid XL Panty Liners,Bodyform Dailies All Fluid XL Panty Liners20 per pack,£1.25,6.3p each,,toiletries-beauty
Bodyform Dailies Extra Protection 22 Extra Long Liners,Bodyform Dailies Extra Protecti...,£1.25,,"Offer price £1.25, was £2",toiletries-beauty
Bodyform Dailies Extra Protection Long Liners,Bodyform Dailies Extra Protection Long Liners24 per pack,£1.25,5.2p each,"Offer price £1.25, was £2",toiletries-beauty
Bodyform Dailies Long Panty Liners,Bodyform Dailies Long Panty Liners64 per pack,£2.49,3.9p each,,toiletries-beauty
Bodyform Dailies Long Panty Liners,Bodyform Dailies Long Panty Liners58 per pack,£2.49,4.3p each,,toiletries-beauty
Bodyform Dailies So Slim Panty Liners,Bodyform Dailies So Slim Panty Liners30 per pack,£1,3.3p each,,toiletries-beauty
Bodyform Intimawear Cotton Hipster Underwear Black Size S,Bodyform Intimawear Cotton Hipste...,£19.99,,,toiletries-beauty
Bodyform Intimawear Period Pants Washable Underwear Black Size M,Bodyform Intimawear Period Pants Wash...,£19.99,,,toiletries-beauty
Bodyform Intimawear Washable Cotton Period Pants Underwear Size L,Bodyform Intimawear Washable Cotton P...,£19.99,,,toiletries-beauty
Bodyform Multistyle Normal Panty Liners,Bodyform Multistyle Normal Panty Liners30 per pack,£1.55,5.2p each,,toiletries-beauty
Bodyform So Slim Panty Liners,Bodyform So Slim Panty Liners34 per pack,£1.55,4.6p each,,toiletries-beauty
Bodyform Ultra Long Sanitary Towels with wings,Bodyform Ultra Long Sanit...12 per pack,£1,8.3p each,"Offer price £1, was £1.55",toiletries-beauty
Bodyform Ultra Night XL Sanitary Towels with wings,Bodyform Ultra Night XL San...9 per pack,£1,11.1p each,"Offer price £1, was £1.55",toiletries-beauty
Bodyform Ultra Normal Sanitary Towels with wings,Bodyform Ultra Normal Sanit...14 per pack,£1,7.2p each,"Offer price £1, was £1.55",toiletries-beauty
Bondi Sands Everyday Gradual Tanning Milk ,Bondi Sands Everyday Gradual Tanning Milk 375ml,£12.99,£3.46 per 100ml,,toiletries-beauty
Bondi Sands Reusable Self - Tan Application Mitt,Bondi Sands Reusable Self - Tan Application Mitt,£5,,,toiletries-beauty
Braun Beard and Hair Trimmer,Braun Beard and Hair Trimmer,£30,,,toiletries-beauty
Braun Series 3 Electric Shaver,Braun Series 3 Electric Shaver,£30,,,toiletries-beauty
Britney Spears Curious EDP Spray,Britney Spears Curious EDP Spray30ml,£10,£33.33 per 100ml,,toiletries-beauty
Brush-Baby Applemint Teething Toothpaste 0-3 Years ,Brush-Baby Applemint Teething...50ml,£2.35,£4.70 per 100ml,,toiletries-beauty
Brush-Baby Baby Sonic Electric Toothbrush 0-3 Years,Brush-Baby Baby Sonic Electri...,£10,,,toiletries-beauty
Brush-Baby My First Brush And Teether Set 0-18 Months,Brush-Baby My First Brush And...,£6.75,,,toiletries-beauty
Brush-Baby Soft Chewable Toothbrush 10-36 Months,Brush-Baby Soft Chewable To...,£5.50,,,toiletries-beauty
Brush-Baby Teething Toothpaste Applemint 0-2 Years,Brush-Baby Teething Toothpa...50ml,£2.35,£4.70 per 100ml,,toiletries-beauty
Brut After Shave,Brut After Shave100ml,£7,£7.00 per 100ml,,toiletries-beauty
Brut Anti-Perspirant Spray,Brut Anti-Perspirant Spray200ml,£2,£1.00 per 100ml,,toiletries-beauty
Brut Deodorant Spray,Brut Deodorant Spray200ml,£2,£1.00 per 100ml,,toiletries-beauty
Brut Splash On Lotion,Brut Splash On Lotion200ml,£4,£2.00 per 100ml,,toiletries-beauty
Brylcreem  Protein Enriche Hair Cream,Brylcreem  Protein Enriche Hair Cream250ml,£4.25,£1.70 per 100ml,,toiletries-beauty
Bulldog Anti-ageing Moisturiser,Bulldog Anti-ageing Moisturiser100ml,£5.60,£5.60 per 100ml,"Offer price £5.60, was £8.25",toiletries-beauty
Bulldog Original Face Wash,Bulldog Original Face Wash150ml,£3.20,£2.14 per 100ml,"Offer price £3.20, was £4.75",toiletries-beauty
Bulldog Original Moisturiser      ,Bulldog Original Moisturiser      100ml,£4.20,£4.20 per 100ml,"Offer price £4.20, was £6.25",toiletries-beauty
Bulldog Protective Moisturiser,Bulldog Protective Moisturiser100ml,£5.60,£5.60 per 100ml,"Offer price £5.60, was £8.25",toiletries-beauty
Bulldog Sensitive Face Wash,Bulldog Sensitive Face Wash150ml,£3.20,£2.14 per 100ml,"Offer price £3.20, was £4.75",toiletries-beauty
Bulldog Sensitive Moisturiser      ,Bulldog Sensitive Moisturiser      100ml,£4.20,£4.20 per 100ml,"Offer price £4.20, was £6.25",toiletries-beauty
Bulldog Skincare For Men Original Bamboo Razor,Bulldog Skincare For Men Original Bamboo Razor,£8,,"Offer price £8, was £12",toiletries-beauty
Bull Dog Skincare For Men Original Beard Balm,Bull Dog Skincare For Men Original Beard Balm75ml,£5.50,£7.34 per 100ml,"Offer price £5.50, was £8",toiletries-beauty
Bulldog Skincare For Men Original Beard Oil ,Bulldog Skincare For Men Original Beard Oil 30ml,£3.50,£11.66 per 100ml,"Offer price £3.50, was £5.50",toiletries-beauty
Bull Dog Skincare For Men Original Beard Shampoo & Conditioner,Bull Dog Skincare For Men Original...200ml,£4,£2.00 per 100ml,"Offer price £4, was £6",toiletries-beauty
Bulldog Skincare For Men Original Face Scrub,Bulldog Skincare For Men Original Face Scrub125ml,£3.50,£2.80 per 100ml,"Offer price £3.50, was £5.25",toiletries-beauty
Bulldog Skincare For Men Original Shave Gel,Bulldog Skincare For Men Original Shave Gel175ml,£2.50,£1.43 per 100ml,"Offer price £2.50, was £3.75",toiletries-beauty
Bulldog Skincare For Men Original Steel Blades,Bulldog Skincare For Men Original Steel Blades4 per pack,£6,£1.50 each,"Offer price £6, was £8",toiletries-beauty
Bulldog Skincare Lemon & Bergamot Shower Gel,Bulldog Skincare Lemon & Bergamot Shower Gel500ml,£3,60p per 100ml,"Offer price £3, was £4.50",toiletries-beauty
Bulldog Skincare Original Shower Gel,Bulldog Skincare Original Shower Gel500ml,£3,60p per 100ml,"Offer price £3, was £4.50",toiletries-beauty
Bulldog Skincare Peppermint & Eucalyptus Shower Gel,Bulldog Skincare Peppermint &...500ml,£3,60p per 100ml,"Offer price £3, was £4.50",toiletries-beauty
Burberry Mr. Eau De Toilette Spray For Men,Burberry Mr. Eau De Toilette Spray For Men50ml,£33,£66.00 per 100ml,,toiletries-beauty
Burberry My Eau De Toilette Spray For Women ,Burberry My Eau De Toilette Spray For Women 50ml,£37.50,£75.00 per 100ml,,toiletries-beauty
Burberry Touch For Men Eau De Toilette Spray,Burberry Touch For Men Eau De Toilette Spray30ml,£21,£70.00 per 100ml,,toiletries-beauty
Burberry Touch For Women Edp,Burberry Touch For Women Edp30ml,£22.50,£75.00 per 100ml,,toiletries-beauty
Burt's Bees Advanced Relief Unscented Lip Balm ,Burt's Bees Advanced Relief Unscented Lip Balm 4.2g,£5,£119.05 per 100g,,toiletries-beauty
Burt's Bees Beeswax & Vanilla 2 Pack Lip Balm ,Burt's Bees Beeswax & Vanilla 2 Pack Lip Balm 2 x 8.5g,£6,£35.29 per 100g,,toiletries-beauty
Burt's Bees Beeswax Lip Balm,Burt's Bees Beeswax Lip Balm4.25g,£4,£9.41 per 10g,,toiletries-beauty
Burt's Bees Orange Blossom & Pistachio Hand Cream,Burt's Bees Orange Blossom...28.3g,£7,£2.47 per 10g,,toiletries-beauty
Burt's Bees Ultra Conditioning Lip Balm,Burt's Bees Ultra Conditioning Lip Balm4.25g,£3.50,£8.24 per 10g,,toiletries-beauty
Calvin Klein Ck In2U Him,Calvin Klein Ck In2U Him100ml,£19.95,£19.95 per 100ml,,toiletries-beauty
Calvin Klein Reveal Men Eau De Toilette Spray,Calvin Klein Reveal Men Eau De Toilette Spray30ml,£16,£53.33 per 100ml,,toiletries-beauty
Calypso After Sun Aloe Vera Gel 250Ml,Calypso After Sun Aloe Vera Gel 250Ml250ml,£4.50,£1.80 per 100ml,,toiletries-beauty
Calypso Dry Oil Clear Protection SPF 30,Calypso Dry Oil Clear Protection SPF 30200ml,£5,£2.50 per 100ml,,toiletries-beauty
Calypso Once A Day Sun Protection SPF 20,Calypso Once A Day Sun Protection SPF 20200ml,£6,£3.00 per 100ml,,toiletries-beauty
Calypso Once A Day Sun Protection SPF 30,Calypso Once A Day Sun Protection SPF 30200ml,£6,£3.00 per 100ml,,toiletries-beauty
Calypso Sun Protection Deep Tanning Oil Spray 15 Medium 200Ml,Calypso Sun Protection Deep Tanning...200ml,£5,£2.50 per 100ml,,toiletries-beauty
Calypso Sun Protection Scalp Protection Spf30,Calypso Sun Protection Scalp Protection Spf3050ml,£3.50,£7.00 per 100ml,,toiletries-beauty
Carefree Breathable Pantyliners with Aloe,Carefree Breathable Pantyliners with Aloe20 per pack,85p,4.3p each,,toiletries-beauty
Carefree Cotton Breathable Pantyliners,Carefree Cotton Breathable Pantyliners20 per pack,85p,4.3p each,,toiletries-beauty
Carefree Cotton Fresh Scented Breathable Pantyliners,Carefree Cotton Fresh Scented...20 per pack,85p,4.3p each,,toiletries-beauty
Carefree Cotton Fresh Scent Pantyliners,Carefree Cotton Fresh Scent Pantyliners56 per pack,£2.85,5.1p each,,toiletries-beauty
Carex Advanced Liquid Soap Macadamia,Carex Advanced Liquid Soap Macadamia250ml,£1.20,48p per 100ml,"Offer price £1.20, was £1.80",toiletries-beauty
Carex Advanced Liquid Soap Marine,Carex Advanced Liquid Soap Marine250ml,£1.20,48p per 100ml,"Offer price £1.20, was £1.80",toiletries-beauty
Carex Advanced Liquid Soap Moisture,Carex Advanced Liquid Soap Moisture250ml,£1.20,48p per 100ml,"Offer price £1.20, was £1.80",toiletries-beauty
Carex Advanced Macadamia Hand Wash,Carex Advanced Macadamia Hand Wash500ml,£2.50,50p per 100ml,,toiletries-beauty
Carex Advanced Moisture Hand Wash 500Ml,Carex Advanced Moisture Hand Wash 500Ml500ml,£2.50,50p per 100ml,,toiletries-beauty
Carex Antibacterial Aloe Vera Handwash,Carex Antibacterial Aloe Vera Handwash250ml,£1.20,48p per 100ml,,toiletries-beauty
Carex Antibacterial Biodegradeable Hand Wipes,Carex Antibacterial Biode...15 per pack,£1.50,10p each,,toiletries-beauty
Carex Antibacterial Hand Gel Aloe Vera,Carex Antibacterial Hand Gel Aloe Vera50ml,£1,£2.00 per 100ml,"Offer price £1, was £1.25",toiletries-beauty
Carex Antibacterial Handwash Original,Carex Antibacterial Handwash Original250ml,£1.20,48p per 100ml,,toiletries-beauty
Carex Antibacterial Love Hearts Hand Gel,Carex Antibacterial Love Hearts Hand Gel50ml,£1,£2.00 per 100ml,"Offer price £1, was £1.25",toiletries-beauty
Carex Antibacterial Moisture Plus Handwash,Carex Antibacterial Moisture Plus Handwash250ml,£1.20,48p per 100ml,,toiletries-beauty
Carex Antibacterial Sensitive Handwash,Carex Antibacterial Sensitive Handwash250ml,£1.20,48p per 100ml,,toiletries-beauty
Carex Fun Edition Hand Wash Lovehearts Refill,Carex Fun Edition Hand Wash Lovehearts Refill500ml,£1.90,38p per 100ml,,toiletries-beauty
Carex Fun Edition Love Heart Liquid Soap,Carex Fun Edition Love Heart Liquid Soap250ml,£1.20,48p per 100ml,,toiletries-beauty
Carex Fun Edition Tropical Twist Hand Wash,Carex Fun Edition Tropical Twist Hand Wash250ml,£1.20,48p per 100ml,,toiletries-beauty
Carex Hand Gel Aloe Vera,Carex Hand Gel Aloe Vera300ml,£3.50,£1.17 per 100ml,,toiletries-beauty
Carex Moisture Handwash Refill Pack ,Carex Moisture Handwash Refill Pack 1000ml,£3.45,34.5p per 100ml,,toiletries-beauty
Carex Original Antibacterial Soap,Carex Original Antibacterial Soap100g,95p,95p per 100g,,toiletries-beauty
Carex Original Hand Gel,Carex Original Hand Gel50ml,£1.25,£2.50 per 100ml,,toiletries-beauty
Carex Original Hand Wash Eco Refill,Carex Original Hand Wash Eco Refill500ml,£1.90,38p per 100ml,Carex Refil - 2 for £3.50,toiletries-beauty
Carmex Cherry Tube,Carmex Cherry Tube10g,£2.75,£27.50 per 100g,,toiletries-beauty
Carmex Classic Moisturising Lip Balm,Carmex Classic Moisturising Lip Balm10g,£2.75,£27.50 per 100g,,toiletries-beauty
Carmex Moisturising Lip Balm Strawberry Spf 15,Carmex Moisturising Lip Balm Strawberry Spf 1510g,£3,£30.00 per 100g,,toiletries-beauty
Carmex Naturally Intensely Hydrating Lip Balm Watermelon ,Carmex Naturally Intensely Hydrat...4.2ml,£4,£95.24 per 100ml,,toiletries-beauty
Carolina Herrera 212 Mens Edition Spray,Carolina Herrera 212 Mens Edition Spray30ml,£22,£73.33 per 100ml,,toiletries-beauty
Casting Creme Gloss Mahogany 550    ,Casting Creme Gloss Mahogany 550    ,£10,,Buy 2 for £14,toiletries-beauty
Casting Creme Iced Brown 415,Casting Creme Iced Brown 415,£10,,Buy 2 for £14,toiletries-beauty
Casting Creme Iced Chocolate 515,Casting Creme Iced Chocolate 515,£10,,Buy 2 for £14,toiletries-beauty
Cerruti Image Femme Spray,Cerruti Image Femme Spray75ml,£19.95,£26.60 per 100ml,,toiletries-beauty
Cerruti Pur Homme Spray ,Cerruti Pur Homme Spray 100ml,£18,£18.00 per 100ml,,toiletries-beauty
Cetaphil Daily Defence Moisturiser Spf 50+ Uva,Cetaphil Daily Defence Moisturiser Spf 50+ Uva50g,£9.67,£19.34 per 100g,"Offer price £9.67, was £13",toiletries-beauty
Cetaphil Daily Hydrating Moisturiser ,Cetaphil Daily Hydrating Moisturiser 88ml,£9.67,£10.99 per 100ml,"Offer price £9.67, was £13",toiletries-beauty
Cetaphil Gentle Exfoliating Cleanser,Cetaphil Gentle Exfoliating Cleanser178ml,£7.99,£4.49 per 100ml,"Offer price £7.99, was £12",toiletries-beauty
Cetaphil Gentle Skin Cleanser,Cetaphil Gentle Skin Cleanser236ml,£6.67,£2.83 per 100ml,"Offer price £6.67, was £10",toiletries-beauty
Cetaphil Moisturising Lotion,Cetaphil Moisturising Lotion236ml,£6.67,£2.82 per 100ml,"Offer price £6.67, was £9.99",toiletries-beauty
Cetaphil Oily Skin Cleanser ,Cetaphil Oily Skin Cleanser 236ml,£6.67,£2.83 per 100ml,"Offer price £6.67, was £10",toiletries-beauty
Charlie Pink Body Spray,Charlie Pink Body Spray75ml,£1,£1.33 per 100ml,,toiletries-beauty
Charlie Red Body Spray,Charlie Red Body Spray75ml,£1,£1.33 per 100ml,,toiletries-beauty
Charlie Red EDT Natural Spray,Charlie Red EDT Natural Spray100ml,£4.95,£4.95 per 100ml,,toiletries-beauty
 Childs Farm 50SPF Sunscreen Cream, Childs Farm 50SPF Sunscreen Cream125ml,£12,£9.60 per 100ml,,toiletries-beauty
 Childs Farm 50SPF Sunscreen Spray, Childs Farm 50SPF Sunscreen Spray125ml,£12,£9.60 per 100ml,,toiletries-beauty
Childs Farm Fig Conditioner,Childs Farm Fig Conditioner250ml,£4.25,£1.70 per 100ml,,toiletries-beauty
Childs Farm Organic Fig Shampoo,Childs Farm Organic Fig Shampoo250ml,£4.25,£1.70 per 100ml,,toiletries-beauty
Ck In2U Eau De Toilette,Ck In2U Eau De Toilette100ml,£19.95,£19.95 per 100ml,,toiletries-beauty
Clairol Blonde It Up Permanent Hair Dye Platinum Blonde,Clairol Blonde It Up Permanent...,£9,,,toiletries-beauty
Clairol Blonde It Up Permanent Hair Dye Platinum Blonde,Clairol Blonde It Up Permanent...,£9,,,toiletries-beauty
Clairol Colour Gloss Up ,Clairol Colour Gloss Up 130ml,£6,£4.61 per 100ml,"Offer price £6, was £9",toiletries-beauty
Clairol Gloss Up Blonde,Clairol Gloss Up Blonde130ml,£6,£4.61 per 100ml,"Offer price £6, was £9",toiletries-beauty
Clairol Gloss Up Copper,Clairol Gloss Up Copper130ml,£6,£4.61 per 100ml,"Offer price £6, was £9",toiletries-beauty
Clairol Gloss Up Espresso,Clairol Gloss Up Espresso130ml,£6,£4.61 per 100ml,"Offer price £6, was £9",toiletries-beauty
Clairol Natural Instincts 3 Brown Black,Clairol Natural Instincts 3 Brown Black,£5.50,,"Offer price £5.50, was £7",toiletries-beauty
Clairol Natural Instincts 4 Dark Brown,Clairol Natural Instincts 4 Dark Brown,£5.50,,"Offer price £5.50, was £7",toiletries-beauty
Clairol Natural Instincts 4Rv Dark Burgundy,Clairol Natural Instincts 4Rv Dark Burgundy,£5.50,,"Offer price £5.50, was £7",toiletries-beauty
Clairol Natural Instincts 5 Medium Brown,Clairol Natural Instincts 5 Medium Brown,£5.50,,"Offer price £5.50, was £7",toiletries-beauty
Clairol Natural Instincts 6A Light Cool Brown,Clairol Natural Instincts 6A Light Cool Brown,£5.50,,"Offer price £5.50, was £7",toiletries-beauty
Clairol Natural Instincts 6G Light Gold Brown,Clairol Natural Instincts 6G Light Gold Brown,£5.50,,"Offer price £5.50, was £7",toiletries-beauty
Clairol Natural Instincts 6 Light Brown,Clairol Natural Instincts 6 Light Brown,£5.50,,"Offer price £5.50, was £7",toiletries-beauty
Clairol Natural Instincts 6Rr Light Red,Clairol Natural Instincts 6Rr Light Red,£5.50,,"Offer price £5.50, was £7",toiletries-beauty
Clairol Natural Instincts 7 Dark Blonde,Clairol Natural Instincts 7 Dark Blonde,£5.50,,"Offer price £5.50, was £7",toiletries-beauty
Clairol Natural Instincts 7Rg Dark Gold Blonde,Clairol Natural Instincts 7Rg Dark Gold Blonde,£5.50,,"Offer price £5.50, was £7",toiletries-beauty
Clairol Natural Instincts 8A Medium Cool Blonde,Clairol Natural Instincts 8A Medium Cool Blonde,£5.50,,"Offer price £5.50, was £7",toiletries-beauty
Clairol Natural Instincts 9 Light Blonde,Clairol Natural Instincts 9 Light Blonde,£5.50,,"Offer price £5.50, was £7",toiletries-beauty
Clairol Nice'N Easy Creme 1 Blackest Black,Clairol Nice'N Easy Creme 1 Blackest Black,£6.50,,Buy 2 for £10.50,toiletries-beauty
Clairol Nice'N Easy Creme 6Rr Ruby Red,Clairol Nice'N Easy Creme 6Rr Ruby Red,£6.50,,Buy 2 for £10.50,toiletries-beauty
Clairol Root Touch-Up 4R Reddish Brown,Clairol Root Touch-Up 4R Reddish Brown,£6,,,toiletries-beauty
Clairol Root Touch Up Black 2,Clairol Root Touch Up Black 2,£6.50,,Buy 2 for £10,toiletries-beauty
Clairol Root Touch Up Brown 5,Clairol Root Touch Up Brown 5,£6,,Buy 2 for £10,toiletries-beauty
Clairol Root Touch Up Dark Blonde 7,Clairol Root Touch Up Dark Blonde 7,£6,,Buy 2 for £10,toiletries-beauty
Clairol Root Touch Up Dark Brown 4,Clairol Root Touch Up Dark Brown 4,£6,,Buy 2 for £10,toiletries-beauty
Clairol Root Touch Up Light Blonde 9,Clairol Root Touch Up Light Blonde 9,£6,,Buy 2 for £10,toiletries-beauty
Clairol Root Touch Up Light Brown 6,Clairol Root Touch Up Light Brown 6,£6,,Buy 2 for £10,toiletries-beauty
Clairol Root Touch Up Medium Blonde 8,Clairol Root Touch Up Medium Blonde 8,£6.50,,Buy 2 for £10,toiletries-beauty
Clairol Root Touch Up Medium Golden Brown 5G,Clairol Root Touch Up Medium Golden Brown 5G,£6,,Buy 2 for £10,toiletries-beauty
Clean & Clear Advantage Rapid Gel,Clean & Clear Advantage Rapid Gel15ml,£3,£20.00 per 100ml,"Offer price £3, was £4.50",toiletries-beauty
Clean & Clear Blackhead Clearing Daily Scrub,Clean & Clear Blackhead Clearing Daily Scrub150ml,£3,£2.00 per 100ml,"Offer price £3, was £4.50",toiletries-beauty
Clean & Clear Deep Action Cream Wash,Clean & Clear Deep Action Cream Wash150ml,£2.33,£1.56 per 100ml,"Offer price £2.33, was £3.49",toiletries-beauty
Clean & Clear Deep Cleansing Lotion,Clean & Clear Deep Cleansing Lotion200ml,£2.33,£1.17 per 100ml,"Offer price £2.33, was £3.49",toiletries-beauty
Clean & Clear Dual Action Moisturiser,Clean & Clear Dual Action Moisturiser100ml,£2.33,£2.33 per 100ml,"Offer price £2.33, was £3.49",toiletries-beauty
Clean & Clear Exfoliating Daily Wash,Clean & Clear Exfoliating Daily Wash150ml,£2.33,£1.56 per 100ml,"Offer price £2.33, was £3.49",toiletries-beauty
Clean & Clear Morning Energy Scrub,Clean & Clear Morning Energy Scrub150ml,£3,£2.00 per 100ml,"Offer price £3, was £4",toiletries-beauty
Clean & Clear Soap Bar ,Clean & Clear Soap Bar 75g,£2.33,£3.11 per 100g,"Offer price £2.33, was £3.50",toiletries-beauty
Clearasil Gentle Gel Wash ,Clearasil Gentle Gel Wash 150ml,£2,£1.33 per 100ml,"Offer price £2, was £3",toiletries-beauty
Clearasil Gentle Skin Perfecting Sensitive Wash ,Clearasil Gentle Skin Perfecting Sensitive Wash 150ml,£2,£1.33 per 100ml,"Offer price £2, was £3",toiletries-beauty
Clearasil Multi Action 5in1 Exfoliating Scrub ,Clearasil Multi Action 5in1 Exfoliating Scrub 150ml,£6,£4.00 per 100ml,,toiletries-beauty
Clearasil Ultra Dual Action Pads,Clearasil Ultra Dual Action Pads65 per pack,£4,6.2p each,"Offer price £4, was £6.50",toiletries-beauty
Clearasil Ultra Dual Action Treatment Cream,Clearasil Ultra Dual Action Treatment Cream25ml,£4,£16.00 per 100ml,"Offer price £4, was £6.50",toiletries-beauty
Clearasil Ultra Rapid Action Gel Wash,Clearasil Ultra Rapid Action Gel Wash150ml,£4,£2.66 per 100ml,"Offer price £4, was £6.50",toiletries-beauty
Clearasil Ultra Rapid Action Treatment Cream ,Clearasil Ultra Rapid Action Treatment Cream 125ml,£4,£3.20 per 100ml,,toiletries-beauty
Coconut Oil Infused Paddle Brush,Coconut Oil Infused Paddle Brush,£8,,,toiletries-beauty
Coconut Oil Infused Shower Comb,Coconut Oil Infused Shower Comb,£3.50,,,toiletries-beauty
Colgate 360 Degree Toothbrush Charcoal Medium Toothbrush,Colgate 360 Degree Toothbrush C...,£5,,,toiletries-beauty
Colgate 360 Max White One Toothbrush,Colgate 360 Max White One Toothbrush,£2.50,,"Offer price £2.50, was £5",toiletries-beauty
Colgate Advanced White Charcoal Whitening Toothpaste ,Colgate Advanced White Charco...75ml,£2,£2.67 per 100ml,,toiletries-beauty
Colgate Advanced White Medium Toothbrush,Colgate Advanced White Medium Toothbrush,£1.50,,,toiletries-beauty
Colgate Advanced White Toothpaste,Colgate Advanced White Toothpaste125ml,£5,£4.00 per 100ml,,toiletries-beauty
Colgate Advanced White Toothpaste,Colgate Advanced White Toothpaste75ml,£2,£2.66 per 100ml,"Offer price £2, was £2.50",toiletries-beauty
Colgate Advance White Toothpaste Pump ,Colgate Advance White Toothpaste Pump 100ml,£3.50,£3.50 per 100ml,,toiletries-beauty
Colgate Bamboo Charcoal Soft Toothbrush,Colgate Bamboo Charcoal Soft Toothbrush,£3,,"Offer price £3, was £4",toiletries-beauty
Colgate Bamboo Charcoal Soft Toothbrushes,Colgate Bamboo Charcoal Soft Toothbrushes2 per pack,£6,£3.00 each,,toiletries-beauty
Colgate Cavity Protection Toothpaste,Colgate Cavity Protection Toothpaste75ml,£1.50,£2.00 per 100ml,,toiletries-beauty
Colgate Cavity Protection Toothpaste Pump ,Colgate Cavity Protection Toothpaste Pump 100ml,£2,£2.00 per 100ml,,toiletries-beauty
Colgate Cool Stripe Toothpaste,Colgate Cool Stripe Toothpaste75ml,£1,£1.33 per 100ml,,toiletries-beauty
Colgate Deep Clean Whitening Toothpaste ,Colgate Deep Clean Whitening Toothpaste 75ml,£2,£2.67 per 100ml,,toiletries-beauty
Colgate FluoriGard Daily Rinse Mouthwash,Colgate FluoriGard Daily Rinse Mouthwash400ml,£6,£1.50 per 100ml,,toiletries-beauty
Colgate Kids 0-3 Years Extra Soft Toothbrush,Colgate Kids 0-3 Years Extra Soft Toothbrush,£1.25,,,toiletries-beauty
Colgate Kids Barbie Extra Soft Battery Toothbrush 3+ Years,Colgate Kids Barbie Extra Soft Ba...,£4,,"Offer price £4, was £8",toiletries-beauty
Colgate Kids Batman Battery Toothbrush 3+ Years,Colgate Kids Batman Batte...,£4,,"Offer price £4, was £8",toiletries-beauty
Colgate Kids Minions Extra Soft Battery Toothbrush 3+ Years ,Colgate Kids Minions Extra Soft Bat...,£4,,"Offer price £4, was £8",toiletries-beauty
Colgate Link Whitening Medium Brush Heads,Colgate Link Whitening Medium Brush Heads2 per pack,£6,£3.00 each,,toiletries-beauty
Colgate Link Whitening Toothbrush Handle With Replaceable Heads,Colgate Link Whitening Toothbrush Han...2 per pack,£10,£5.00 each,,toiletries-beauty
Colgate Max Fresh Cooling Crystals Flouride Toothpaste,Colgate Max Fresh Cooling Cryst...75ml,£2,£2.66 per 100ml,"Offer price £2, was £2.25",toiletries-beauty
Colgate Max Fresh Cooling Crystals Toothpaste,Colgate Max Fresh Cooling...125ml,£4,£3.20 per 100ml,,toiletries-beauty
Colgate Maximum Cavity Protection Kids Toothpaste 3+ Years ,Colgate Maximum Cavity Protection...50ml,£2,£4.00 per 100ml,,toiletries-beauty
Colgate Max White Crystal Fluoride Toothpaste ,Colgate Max White Crystal...125ml,£5,£4.00 per 100ml,,toiletries-beauty
Colgate Max White Expert +  Anti-Stain Toothpaste ,Colgate Max White Expert +  Anti-Stain Toothpaste 75ml,£12,£16.00 per 100ml,,toiletries-beauty
Colgate Max White Expert Whitening Sonic Power Toothbrush,Colgate Max White Expert Whitenin...,£7,,,toiletries-beauty
Colgate Max White Luminous Sparkling Mint Whitening Toothpaste,Colgate Max White Luminous Sparklin...75ml,£2.50,£3.34 per 100ml,"Offer price £2.50, was £5",toiletries-beauty
Colgate Max White Medium Toothbrush ,Colgate Max White Medium Toothbrush ,£2.15,,,toiletries-beauty
Colgate Max White Medium Toothbrushes,Colgate Max White Medium Toothbrushes3 per pack,£3.50,£1.17 each,"Offer price £3.50, was £5",toiletries-beauty
Colgate Max White Mouthwash,Colgate Max White Mouthwash500ml,£2.50,50p per 100ml,"Offer price £2.50, was £5",toiletries-beauty
Colgate Max White Optic Whitening Toothpaste,Colgate Max White Optic Whitening Toothpaste75ml,£2.50,£3.34 per 100ml,"Offer price £2.50, was £5",toiletries-beauty
Colgate Max White Overnight Whitening Pen,Colgate Max White Overnight Whitening Pen,£20,,,toiletries-beauty
Colgate Max White Purple Reveal Teeth Whitening Toothpaste,Colgate Max White Purple Reveal T...75ml,£2.50,£3.34 per 100ml,"Offer price £2.50, was £5",toiletries-beauty
Colgate Max White Sparkle Diamonds Toothpaste,Colgate Max White Sparkle...75ml,£2,£2.66 per 100ml,"Offer price £2, was £2.50",toiletries-beauty
Colgate Max White Ultimate Catalyst Whitening Toothpaste,Colgate Max White Ultimate Cata...75ml,£12,£16.00 per 100ml,"Offer price £12, was £20",toiletries-beauty
Colgate Max White Ultra Active Foam Whitening Toothpaste 75ml,Colgate Max White Ultra Active Foam...75ml,£8,£10.67 per 100ml,,toiletries-beauty
Colgate Max White Ultra Fresh Pearls Whitening Toothpaste 75ml,Colgate Max White Ultra Fresh Pearl...75ml,£8,£10.67 per 100ml,,toiletries-beauty
Colgate Periogard Gum Protection Sensitive Toothpaste 75ml,Colgate Periogard Gum Protection...75ml,£2.50,£3.34 per 100ml,"Offer price £2.50, was £5",toiletries-beauty
Colgate Periogard Gum Protection Toothpaste 75ml,Colgate Periogard Gum Prote...75ml,£2.50,£3.34 per 100ml,"Offer price £2.50, was £5",toiletries-beauty
Colgate Periogard Gum Protect Mouthwash 400ml,Colgate Periogard Gum Protect Mouthwash 400ml400ml,£2.50,62.5p per 100ml,"Offer price £2.50, was £5",toiletries-beauty
Colgate Plax Cool Mint Mouthwash ,Colgate Plax Cool Mint Mouthwash 500ml,£2.25,45p per 100ml,"Offer price £2.25, was £3.50",toiletries-beauty
Colgate Plax Cool Mint Mouthwash,Colgate Plax Cool Mint Mouthwash250ml,£1.25,50p per 100ml,,toiletries-beauty
Colgate Plax Soft Mint Mouthwash ,Colgate Plax Soft Mint Mouthwash 500ml,£2.25,45p per 100ml,"Offer price £2.25, was £3.50",toiletries-beauty
Colgate Plax Soft Mint Mouthwash with CPC,Colgate Plax Soft Mint Mouthwash with CPC250ml,£1.25,50p per 100ml,,toiletries-beauty
Colgate Recyclean Medium Toothbrush,Colgate Recyclean Medium Toothbrush,£4,,,toiletries-beauty
Colgate Sensitive Instant Relief Enamel Repair Toothpaste,Colgate Sensitive Instant Relief...75ml,£2.50,£3.33 per 100ml,,toiletries-beauty
Colgate Sensitive Instant Relief Multi Protection Toothpaste,Colgate Sensitive Instant Relief Mu...75ml,£2.50,£3.33 per 100ml,,toiletries-beauty
Colgate Sensitive Instant Relief Repair & Prevent Toothpaste,Colgate Sensitive Instant Relief Re...75ml,£2.50,£3.33 per 100ml,,toiletries-beauty
Colgate Sensitive Instant Relief Whitening Toothpaste,Colgate Sensitive Instant Rel...75ml,£2.50,£3.33 per 100ml,,toiletries-beauty
Colgate Sensitive Multi Protection Toothpaste ,Colgate Sensitive Multi Protection Toothpaste 75ml,£2,£2.67 per 100ml,,toiletries-beauty
Colgate Sensitive with Sensifoam Whitening Toothpaste,Colgate Sensitive with Sensif...75ml,£2,£2.67 per 100ml,,toiletries-beauty
Colgate Slim Soft Advanced Toothbrush,Colgate Slim Soft Advanced Toothbrush,£4,,,toiletries-beauty
Colgate Total 24 Hour Protection Peppermint Blast Mouthwash ,Colgate Total 24 Hour Protection Pe...500ml,£5,£1.00 per 100ml,,toiletries-beauty
Colgate Total Active Fresh Toothpaste 125ml ,Colgate Total Active Fresh Toothpaste 125ml 125ml,£3,£2.40 per 100ml,"Offer price £3, was £4",toiletries-beauty
Colgate Total Advanced Deep Clean Toothpaste,Colgate Total Advanced Deep Clean Toothpaste75ml,£5,£6.67 per 100ml,,toiletries-beauty
Colgate Total Advanced Enamel Strength Toothpaste,Colgate Total Advanced Enam...75ml,£5,£6.67 per 100ml,,toiletries-beauty
Colgate Total Advanced Sensitive Care Toothpaste,Colgate Total Advanced Sensitive Care Toothpaste75ml,£5,£6.67 per 100ml,,toiletries-beauty
Colgate Total Advanced Whitening Toothpaste Pump ,Colgate Total Advanced Whit...100ml,£3,£3.00 per 100ml,"Offer price £3, was £3.50",toiletries-beauty
Colgate Total Advance Whitening Toothpaste ,Colgate Total Advance Whitening Toothpaste 75ml,£2,£2.66 per 100ml,"Offer price £2, was £2.50",toiletries-beauty
Colgate Total Advance Whitening Toothpaste,Colgate Total Advance Whitening Toothpaste125ml,£3,£2.40 per 100ml,"Offer price £3, was £4",toiletries-beauty
Colgate Total Kids Toothpaste 7-12 Years ,Colgate Total Kids Toothpaste 7-12 Years 50ml,£2,£4.00 per 100ml,,toiletries-beauty
Colgate Total Original Care Toothpaste,Colgate Total Original Care Toothpaste125ml,£3,£2.40 per 100ml,"Offer price £3, was £4",toiletries-beauty
Colgate Total Original Toothpaste,Colgate Total Original Toothpaste75ml,£2,£2.66 per 100ml,"Offer price £2, was £2.50",toiletries-beauty
Colgate Total Original Toothpaste ,Colgate Total Original Toothpaste 20ml,£1,50p per 10ml,,toiletries-beauty
Colgate Total Spearmint Burst Mouthwash,Colgate Total Spearmint Burst Mouthwash500ml,£5,£1.00 per 100ml,,toiletries-beauty
Colgate Triple Action Extra White Toothpaste,Colgate Triple Action Extra White Toothpaste75ml,£1.50,£2.00 per 100ml,,toiletries-beauty
Colgate Triple Action Mouthwash,Colgate Triple Action Mouthwash500ml,£1.75,35p per 100ml,,toiletries-beauty
Colgate Triple Action Toothpaste,Colgate Triple Action Toothpaste75ml,£1,£1.33 per 100ml,,toiletries-beauty
Colgate White Teeth Toothpaste,Colgate White Teeth Toothpaste75ml,£1,£1.33 per 100ml,,toiletries-beauty
Colgate ZigZag Charcoal Medium Toothbrushes,Colgate ZigZag Charcoal Medium Toothbrushes3 per pack,£3,£1.00 each,"Offer price £3, was £4",toiletries-beauty
Colgate Zig Zag Firm Toothbrush ,Colgate Zig Zag Firm Toothbrush ,£3,,,toiletries-beauty
Colgate Zig Zag Flexible Medium Toothbrush With Compact Head,Colgate Zig Zag Flexible Medium Too...,£1.50,,"Offer price £1.50, was £3",toiletries-beauty
Collection Glam Crystals Face & Body Glitter Royal Diva,Collection Glam Crystals Face &...,£2.50,,,toiletries-beauty
Collection Glam Crystals Face & Body Glitter Splash,Collection Glam Crystals Face & Body Glitter Splash,£2.50,,,toiletries-beauty
Collection Glam Crystals Face & Body Glitter Temptation,Collection Glam Crystals Face &...,£2.50,,,toiletries-beauty
Colourless Max Condition Hair Colour Remover,Colourless Max Condition Hair Colour Remover341g,£10,£2.93 per 100g,,toiletries-beauty
Colourless Max Effect Colour Remover,Colourless Max Effect Colour Remover235g,£10,£4.26 per 100g,,toiletries-beauty
Corsodyl Complete Protection Gum Care Mouthwash Extra Fresh,Corsodyl Complete Protection Gum...500ml,£3,60p per 100ml,"Offer price £3, was £5",toiletries-beauty
Corsodyl Complete Protection Gum Care Toothpaste Extra Fresh,Corsodyl Complete Protection Gum Ca...75ml,£3,£4.00 per 100ml,"Offer price £3, was £4.50",toiletries-beauty
Corsodyl Complete Protection Gum Care Toothpaste Whitening,Corsodyl Complete Protection Gum...75ml,£3,£4.00 per 100ml,"Offer price £3, was £4.50",toiletries-beauty
Corsodyl Cool Mint Daily Mouthwash ,Corsodyl Cool Mint Daily Mouthwash 500ml,£5,£1.00 per 100ml,Corsodyl Daily - Buy Any 3 for £9,toiletries-beauty
Corsodyl Daily Gum Care Mouthwash Alcohol Free Fresh Mint,Corsodyl Daily Gum Care Mouthwash...500ml,£5,£1.00 per 100ml,Corsodyl Daily - Buy Any 3 for £9,toiletries-beauty
Corsodyl Gum + Breath & Sensitivity Whitening Toothpaste 75ml,Corsodyl Gum + Breath & Sensitivity...75ml,£5.50,£7.33 per 100ml,,toiletries-beauty
Corsodyl Gum Breath & Sensitivity Toothpaste ,Corsodyl Gum Breath & Sensitivity Toothpaste 75ml,£5.50,£7.33 per 100ml,,toiletries-beauty
Corsodyl Gum Care Toothpaste Daily Fluoride Original,Corsodyl Gum Care Toothpaste...75ml,£4,£5.33 per 100ml,,toiletries-beauty
"Corsodyl Gum Disease & Bleeding Gum Treatment Mouthwash, Freshmint, 0.2%,",Corsodyl Gum Disease & Bleeding...300ml,£5,£1.67 per 100ml,,toiletries-beauty
Corsodyl Gum Disease & Bleeding Gum Treatment Original Mouthwash,Corsodyl Gum Disease & Bleeding Gum T...300ml,£5,£1.67 per 100ml,,toiletries-beauty
Corsodyl Medicated Alcohol Free Mint Mouthwash,Corsodyl Medicated Alcoho...300ml,£5,£1.67 per 100ml,,toiletries-beauty
Corsodyl Mild Mint Complete Protection Mouthwash,Corsodyl Mild Mint Complete...500ml,£3,60p per 100ml,"Offer price £3, was £5",toiletries-beauty
Corsodyl Ultra Clean Daily Gum Care Fluoride Toothpaste,Corsodyl Ultra Clean Daily Gum...75ml,£4,£5.33 per 100ml,,toiletries-beauty
Creightons Argan Conditioner,Creightons Argan Conditioner250ml,£1.09,43.6p per 100ml,,toiletries-beauty
Creightons Argan Shampoo,Creightons Argan Shampoo250ml,£1.09,43.6p per 100ml,,toiletries-beauty
Creightons Argan Smooth Miracle Hair Oil ,Creightons Argan Smooth Miracle Hair Oil 50ml,£2.50,£5.00 per 100ml,,toiletries-beauty
Creightons Argan Smooth Soothing Deep Treatment Masque,Creightons Argan Smooth Soothin...100ml,£1.50,£1.50 per 100ml,,toiletries-beauty
Creightons Frizz No More Instant Curls Revitalising Spray ,Creightons Frizz No More Instant...150ml,£2,£1.33 per 100ml,,toiletries-beauty
Creightons Frizz No More Sleek & Shine Miracle Serum ,Creightons Frizz No More Slee...50ml,£2,£4.00 per 100ml,,toiletries-beauty
Creightons Frizz No More Smooth & Shine Blow Dry Cream ,Creightons Frizz No More Smooth...100ml,£1.50,£1.50 per 100ml,,toiletries-beauty
 Creightons Pro Keratin Conditioner, Creightons Pro Keratin Conditioner250ml,£1.09,43.6p per 100ml,,toiletries-beauty
Creightons Pro Keratin Repairing Deep Treatment Masque ,Creightons Pro Keratin Repairin...100ml,£1.50,£1.50 per 100ml,,toiletries-beauty
Creightons Pro Keratin Rescue & Repair 2 Minute Treatment ,Creightons Pro Keratin Rescue & R...125ml,£1.50,£1.20 per 100ml,,toiletries-beauty
 Creightons Pro Keratin Shampoo, Creightons Pro Keratin Shampoo250ml,£1.09,43.6p per 100ml,,toiletries-beauty
Creightons Salicylic Acid Exfoliating Tonic,Creightons Salicylic Acid Exfoliating Tonic200ml,£3,£1.50 per 100ml,,toiletries-beauty
Creightons Salicylic Acid Foaming Clay Cleanser ,Creightons Salicylic Acid Foaming Clay Cleanser 125ml,£2,£1.60 per 100ml,,toiletries-beauty
Creightons Salicylic Acid Intense Serum 2% Salicylic,Creightons Salicylic Acid Intense Serum 2% Salicylic30ml,£3,£10.00 per 100ml,,toiletries-beauty
Creightons Salicylic Acid Soothing Gel Lotion,Creightons Salicylic Acid Soothing Gel Lotion75ml,£2,£2.67 per 100ml,,toiletries-beauty
Creightons Sunshine Blonde Silver Brightening Treatment Masque,Creightons Sunshine Blonde Silver B...100ml,£1.50,£1.50 per 100ml,,toiletries-beauty
 Creightons Sunshine Blonde Silver Conditioner, Creightons Sunshine Blonde Silver Conditioner200ml,£1.09,54.5p per 100ml,,toiletries-beauty
 Creightons Sunshine Blonde Silver Shampoo, Creightons Sunshine Blonde Silver Shampoo200ml,£1.09,54.5p per 100ml,,toiletries-beauty
Creightons Vitamin C Superfruits 2% Bright Eye Serum,Creightons Vitamin C Superfru...15ml,£3,£20.00 per 100ml,,toiletries-beauty
Creightons Vitamin C Superfruits 2% Ultra Glow Serum,Creightons Vitamin C Superfru...30ml,£3,£10.00 per 100ml,,toiletries-beauty
Creightons Vitamin C Superfruits Daily Brightening Wash,Creightons Vitamin C Superfruit...150ml,£2,£1.33 per 100ml,,toiletries-beauty
Creightons Vitamin C Superfruits Glow Enzyme Scrub,Creightons Vitamin C Superf...150ml,£2,£1.33 per 100ml,,toiletries-beauty
Creightons Vitamin C Superfruits Skin Radiance Gel Moisturiser ,Creightons Vitamin C Superfruits Skin...75ml,£2,£2.67 per 100ml,,toiletries-beauty
Cussons Antibacterial Carex Protects Moisture Plus Hand Gel,Cussons Antibacterial Carex Prote...50ml,£1,£2.00 per 100ml,"Offer price £1, was £1.25",toiletries-beauty
Cussons Creations Marshmallow Skies Bath Soak,Cussons Creations Marshma...500ml,£1,20p per 100ml,,toiletries-beauty
Cussons Creations Marshmallow Skies Hand Wash,Cussons Creations Marshma...500ml,£1,20p per 100ml,,toiletries-beauty
Cussons Creations Marshmallow Skies Shower Gel,Cussons Creations Marshma...250ml,£1,40p per 100ml,,toiletries-beauty
Cussons Creations To The Moon & Back Bath Soak,Cussons Creations To The Moon & Back Bath Soak500ml,£1,20p per 100ml,,toiletries-beauty
Cussons Creations To The Moon And Back Hand Wash,Cussons Creations To The Mo...500ml,£1,20p per 100ml,,toiletries-beauty
Cussons Creations To The Moon And Back Shower Gel,Cussons Creations To The Mo...250ml,£1,40p per 100ml,,toiletries-beauty
Cutex All-In-One Strengthener,Cutex All-In-One Strengthener13.6ml,£5,£36.77 per 100ml,"Offer price £5, was £6",toiletries-beauty
Cutex Care Ultra-Powerful Nail Polish Remover,Cutex Care Ultra-Powerful Nail Polish Remover200ml,£3,£1.50 per 100ml,,toiletries-beauty
Cutex Twist & Scrub Sponge Nail Polish Remover Jar,Cutex Twist & Scrub Sponge...59ml,£4,£6.78 per 100ml,,toiletries-beauty
Cuticura Cucumber Hand Gel,Cuticura Cucumber Hand Gel100ml,£1,£1.00 per 100ml,"Offer price £1, was £2",toiletries-beauty
David Beckham Homme Deodorant Spray,David Beckham Homme Deodorant Spray150ml,£3,£2.00 per 100ml,,toiletries-beauty
David Beckham Instinct Sport Body Spray ,David Beckham Instinct Sport Body Spray 150ml,£3,£2.00 per 100ml,,toiletries-beauty
Deep Heat Well Patch       ,Deep Heat Well Patch       4 per pack,£6,£1.50 each,,toiletries-beauty
Dentyl Dual Action Fresh Clove Mouthwash,Dentyl Dual Action Fresh Clove Mouthwash500ml,£3.75,75p per 100ml,,toiletries-beauty
Dentyl Dual Action Smooth Mint Mouthwash,Dentyl Dual Action Smooth Mint Mouthwash500ml,£3.75,75p per 100ml,,toiletries-beauty
Dettol Antibacterial Bar Soap Original with Moisturising Agents,Dettol Antibacterial Bar Soap Origina...2 x 100g,£1.30,65p per 100g,,toiletries-beauty
Donate £10 To Support A Food Bank With Morrisons,Donate £10 To Support A Food Bank With Morrisons,£10,,,toiletries-beauty
Donate £1 To Support A Food Bank With Morrisons ,Donate £1 To Support A Food Bank With Morrisons ,£1,,,toiletries-beauty
Donate £3 To Support A Food Bank With Morrisons,Donate £3 To Support A Food Bank With Morrisons,£3,,,toiletries-beauty
Donate £5 To Support A Food Bank With Morrisons,Donate £5 To Support A Food Bank With Morrisons,£5,,,toiletries-beauty
Dove Advanced Antiperspirant Deodorant Original Aerosol,Dove Advanced Antiperspirant De...200ml,£4,£2.00 per 100ml,,toiletries-beauty
Dove Advanced Antiperspirant Deodorant Passion Fruit Aerosol ,Dove Advanced Antiperspirant Deodor...200ml,£4,£2.00 per 100ml,,toiletries-beauty
Dove Advanced Antiperspirant Deodorant Pear & Aloe Vera Aerosol ,Dove Advanced Antiperspirant Deodoran...200ml,£4,£2.00 per 100ml,,toiletries-beauty
Dove Advanced Antiperspirant Deodorant Pomegranate Aerosol,Dove Advanced Antiperspirant Deod...200ml,£4,£2.00 per 100ml,,toiletries-beauty
Dove Anti Stress Body Wash Shower Gel ,Dove Anti Stress Body Wash Shower Gel 450ml,£3,66.7p per 100ml,,toiletries-beauty
Dove Bath Soak Restoring,Dove Bath Soak Restoring450ml,£3,66.7p per 100ml,"Offer price £3, was £4.50",toiletries-beauty
Dove Beauty Cream Soap Bars,Dove Beauty Cream Soap Bars6 x 90g,£3.50,64.8p per 100g,,toiletries-beauty
Dove Care & Protect Hand Cream Spf15,Dove Care & Protect Hand Cream Spf1575ml,£5,£6.67 per 100ml,,toiletries-beauty
Dove Care And Protect Body Wash Shower Gel,Dove Care And Protect Body Wash Shower Gel450ml,£3,66.7p per 100ml,,toiletries-beauty
Dove Caring Bath Almond Cream,Dove Caring Bath Almond Cream450ml,£3,66.7p per 100ml,,toiletries-beauty
Dove Caring Bath Indulging Cream,Dove Caring Bath Indulging Cream450ml,£3,66.7p per 100ml,,toiletries-beauty
Dove Caring Bath Shea Butter,Dove Caring Bath Shea Butter450ml,£3,66.7p per 100ml,,toiletries-beauty
 Dove Colour Care Conditioner, Dove Colour Care Conditioner350ml,£2,57.1p per 100ml,,toiletries-beauty
Dove Colour Care Shampoo,Dove Colour Care Shampoo400ml,£2,50p per 100ml,,toiletries-beauty
Dove Cream Bar,Dove Cream Bar2 x 90g,£1.50,83.3p per 100g,,toiletries-beauty
Dove Daily Moisture Conditioner ,Dove Daily Moisture Conditioner 350ml,£2,57.1p per 100ml,,toiletries-beauty
Dove Daily Moisture Light Shampoo ,Dove Daily Moisture Light Shampoo 400ml,£2,50p per 100ml,,toiletries-beauty
Dove Daily Moisture Shampoo ,Dove Daily Moisture Shampoo 400ml,£2,50p per 100ml,,toiletries-beauty
Dove Daily Moisturiser Light Conditioner ,Dove Daily Moisturiser Light Conditioner 350ml,£2,57.1p per 100ml,,toiletries-beauty
Dove Deeply Nourishing Body Wash Shower Gel ,Dove Deeply Nourishing Body Wash Shower Gel 450ml,£3,66.7p per 100ml,,toiletries-beauty
Dove Derma Lotion Summer Rev Dark,Dove Derma Lotion Summer Rev Dark200ml,£4,£2.00 per 100ml,"Offer price £4, was £6",toiletries-beauty
Dove Derma Lotion Summer Rev Fair,Dove Derma Lotion Summer Rev Fair200ml,£4,£2.00 per 100ml,"Offer price £4, was £6",toiletries-beauty
Dove DermaSpa Summer Revived Fair to Medium Gradual Self Tan,Dove DermaSpa Summer Revived Fair t...200ml,£3.50,£1.75 per 100ml,,toiletries-beauty
Dove Essential Nourish Hand Cream,Dove Essential Nourish Hand Cream75ml,£4,£5.33 per 100ml,,toiletries-beauty
Dove Essential Nourishing Body Lotion,Dove Essential Nourishing Body Lotion400ml,£5,£1.25 per 100ml,,toiletries-beauty
Dove Glow & Go Gradual Self Tan Gift Set,Dove Glow & Go Gradual Self Tan Gift Set,£8,,,toiletries-beauty
Dove Go Fresh Pear & Aloe Vera Roll On Deodorant,Dove Go Fresh Pear & Aloe V...50ml,£1.50,£3.00 per 100ml,"Offer price £1.50, was £2.40",toiletries-beauty
Dove Gradual Self Tan Body Mousse Fair To Medium ,Dove Gradual Self Tan Body...150ml,£5.50,£3.67 per 100ml,"Offer price £5.50, was £10",toiletries-beauty
Dove Gradual Self Tan Mousse Medium To Dark,Dove Gradual Self Tan Mousse Medium To Dark150ml,£5.50,£3.67 per 100ml,"Offer price £5.50, was £10",toiletries-beauty
Dove Intense Repair Conditioner  ,Dove Intense Repair Conditioner  350ml,£2,56.9p per 100ml,"Offer price £2, was £3.97",toiletries-beauty
Dove Intensive Repair Shampoo ,Dove Intensive Repair Shampoo 400ml,£2,50p per 100ml,"Offer price £2, was £3.97",toiletries-beauty
Dove  Invisible Dry Antiperspirant Deodorant Stick,Dove  Invisible Dry Antiper...40ml,£2,£5.00 per 100ml,,toiletries-beauty
Dove Liquid Beauty Cream Wash Hand Wash,Dove Liquid Beauty Cream Wash Hand Wash250ml,£1.25,50p per 100ml,,toiletries-beauty
Dove Liquid Hand Wash Cream Refill Pouch,Dove Liquid Hand Wash Cream Refill Pouch500ml,£1.80,36p per 100ml,,toiletries-beauty
Dove Men+Care Advanced Antiperspirant Deodorant Clean Comfort,Dove Men+Care Advanced Antiperspira...200ml,£4,£2.00 per 100ml,,toiletries-beauty
Dove Men+Care Advanced Antiperspirant Deodorant Extra Fresh,Dove Men+Care Advanced Antiperspi...200ml,£4,£2.00 per 100ml,,toiletries-beauty
Dove Men+Care Advanced Antiperspirant Deodorant Sport Fresh ,Dove Men+Care Advanced Antiperspira...200ml,£4,£2.00 per 100ml,,toiletries-beauty
Dove Men+Care Antiperspirant Deodorant Classic Aerosol ,Dove Men+Care Antiperspirant De...200ml,£2.50,£1.25 per 100ml,,toiletries-beauty
Dove Men+Care Antiperspirant Deodorant Fresh Aerosol ,Dove Men+Care Antiperspirant...200ml,£2.50,£1.25 per 100ml,,toiletries-beauty
Dove Men + Care Clean Comfort Body Wash Shower Gel,Dove Men + Care Clean Comfo...400ml,£3,75p per 100ml,,toiletries-beauty
Dove Men + Care Extra Fresh Body Wash Shower Gel,Dove Men + Care Extra Fresh...400ml,£3,75p per 100ml,,toiletries-beauty
Dove Mini Body Wash Deeply Nourishing,Dove Mini Body Wash Deeply Nourishing55ml,£1.50,£2.73 per 100ml,,toiletries-beauty
Dove Nutritive Solutions Daily Moisture 2in1,Dove Nutritive Solutions Daily Moisture 2in1400ml,£2,50p per 100ml,"Offer price £2, was £3.97",toiletries-beauty
Dove  Original Anti-perspirant Deodorant Stick,Dove  Original Anti-persp...40ml,£2,£5.00 per 100ml,,toiletries-beauty
Dove Pink Soap Bar,Dove Pink Soap Bar2 x 90g,£1.50,83.3p per 100g,,toiletries-beauty
Dove Pro-Age Nourishing Body Wash Shower Gel,Dove Pro-Age Nourishing Body Wash Shower Gel450ml,£3,66.7p per 100ml,,toiletries-beauty
Dove Pro Age Nourishing Body Butter ,Dove Pro Age Nourishing Body Butter 250ml,£6,£2.40 per 100ml,,toiletries-beauty
Dove Pro Age Nourishing Body Cream ,Dove Pro Age Nourishing Body Cream 400ml,£6,£1.50 per 100ml,,toiletries-beauty
Dove Salts Pouch Renewing,Dove Salts Pouch Renewing900g,£3.50,38.9p per 100g,"Offer price £3.50, was £5.25",toiletries-beauty
Dove Salts Pouch Restoring,Dove Salts Pouch Restoring900g,£3.50,3.9p per 10g,"Offer price £3.50, was £5.25",toiletries-beauty
Dove Sensitive Body Wash,Dove Sensitive Body Wash450ml,£3,66.7p per 100ml,,toiletries-beauty
Dove Silk Glow Body Wash Shower Gel ,Dove Silk Glow Body Wash Shower Gel 450ml,£3,66.7p per 100ml,,toiletries-beauty
Dove Silky Nourishing Body Cream,Dove Silky Nourishing Body Cream300ml,£3.50,£1.17 per 100ml,"Offer price £3.50, was £7",toiletries-beauty
Dove Spf 15 Body Lotion,Dove Spf 15 Body Lotion400ml,£8,£2.00 per 100ml,,toiletries-beauty
Dove Supreme Silk Beauty Cream Wash,Dove Supreme Silk Beauty Cream Wash250ml,£1.25,50p per 100ml,,toiletries-beauty
Dove Women Advanced Antiperspirant Deodorant Roll on Invisible Dry ,Dove Women Advanced Antiperspirant Deod...50ml,£3,£6.00 per 100ml,,toiletries-beauty
Dove Women Advanced Antiperspirant Deodorant Roll on Original ,Dove Women Advanced Antiperspirant...50ml,£3,£6.00 per 100ml,,toiletries-beauty
Dove Women Advanced Antiperspirant Deodorant Roll on Pomegranate,Dove Women Advanced Antiperspirant De...50ml,£3,£6.00 per 100ml,,toiletries-beauty
Dove Women Antiperspirant Deodorant Classic Aerosol,Dove Women Antiperspirant Deo...200ml,£2.50,£1.25 per 100ml,,toiletries-beauty
Dove Women Antiperspirant Deodorant Powder Aerosol ,Dove Women Antiperspirant Deo...200ml,£2.50,£1.25 per 100ml,,toiletries-beauty
Dulcolax 5Mg Gastro - Resistant Tablets 20S,Dulcolax 5Mg Gastro - Resistant Tablets 20S,£3,,,toiletries-beauty
E45 Daily Fast Absorption Moisturiser Lotion,E45 Daily Fast Absorption Moisturiser Lotion400ml,£6,£1.50 per 100ml,,toiletries-beauty
E45 Eczema Repair,E45 Eczema Repair200ml,£17.50,£8.75 per 100ml,,toiletries-beauty
"E45 Moisturiser Lotion, Body, Face And Hand Lotion For Very Dry Skin","E45 Moisturiser Lotion, Body, Face And...500g",£14,£2.80 per 100g,,toiletries-beauty
"E45 Moisturiser Lotion, body, face and hands lotion For Very Dry Skin","E45 Moisturiser Lotion, body, face and ha...200ml",£4.50,£2.25 per 100ml,,toiletries-beauty
Eco Warrior All Over Body Bar,Eco Warrior All Over Body Bar100g,£4.50,£4.50 per 100g,,toiletries-beauty
Eco Warrior Clear Skin Charcoal Bar 100g,Eco Warrior Clear Skin Charcoal Bar 100g100g,£4.50,£4.50 per 100g,,toiletries-beauty
Elegant Touch 103 Medium Bare Natural F/Nails,Elegant Touch 103 Medium...,£6,,,toiletries-beauty
Elegant Touch 144 Petite Bare Natural False Nails,Elegant Touch 144 Petite Bare Natural False Nails,£6,,,toiletries-beauty
Elegant Touch Brush On Nail Glue,Elegant Touch Brush On Nail Glue6ml,£3,£5.00 per 10ml,"Offer price £3, was £3.75",toiletries-beauty
Elegant Touch Nails With Glue - New Nude,Elegant Touch Nails With Glue - New Nude24 per pack,£5,20.8p each,,toiletries-beauty
Elizabeth Arden Sunflowers Edition,Elizabeth Arden Sunflowers Edition100ml,£10.95,£10.95 per 100ml,,toiletries-beauty
 Elnett Coloured Hair Hairspray, Elnett Coloured Hair Hairspray200ml,£3.50,£1.75 per 100ml,"Offer price £3.50, was £4.50",toiletries-beauty
 Elnett Coloured Hair Hairspray, Elnett Coloured Hair Hairspray400ml,£7.50,£1.88 per 100ml,,toiletries-beauty
 Elnett Damaged Hair Hairspray, Elnett Damaged Hair Hairspray400ml,£7.50,£1.88 per 100ml,,toiletries-beauty
 Elnett Damaged Hair Hairspray, Elnett Damaged Hair Hairspray200ml,£3.50,£1.75 per 100ml,"Offer price £3.50, was £4.50",toiletries-beauty
 Elnett Extra Strong Hairspray, Elnett Extra Strong Hairspray400ml,£7.50,£1.88 per 100ml,,toiletries-beauty
Elnett Flexible Hold Hairspray,Elnett Flexible Hold Hairspray400ml,£7.50,£1.88 per 100ml,,toiletries-beauty
Elnett Infinite Shine Supreme Hold,Elnett Infinite Shine Supreme Hold400ml,£7.50,£1.88 per 100ml,,toiletries-beauty
Elnett Infinite Shine Supreme Hold ,Elnett Infinite Shine Supreme Hold 200ml,£3.50,£1.75 per 100ml,"Offer price £3.50, was £4.50",toiletries-beauty
 Elnett Strong Hairspray , Elnett Strong Hairspray 200ml,£3.50,£1.75 per 100ml,"Offer price £3.50, was £4.50",toiletries-beauty
 Elnett Supreme Hold Hairspray, Elnett Supreme Hold Hairspray200ml,£3.50,£1.75 per 100ml,"Offer price £3.50, was £4.50",toiletries-beauty
 Elnett Supreme Hold Hairspray, Elnett Supreme Hold Hairspray400ml,£7.50,£1.88 per 100ml,,toiletries-beauty
Elnett Volume Flat Hair Hairspray,Elnett Volume Flat Hair Hairspray400ml,£7.50,£1.88 per 100ml,,toiletries-beauty
Elvive Colour Protect Conditioner,Elvive Colour Protect Conditioner200ml,£3,£1.50 per 100ml,Buy 2 for £4,toiletries-beauty
Elvive Colour Protect Conditioner,Elvive Colour Protect Conditioner300ml,£3,£1.00 per 100ml,"Offer price £3, was £6",toiletries-beauty
 Elvive Colour Protect Shampoo, Elvive Colour Protect Shampoo250ml,£3,£1.20 per 100ml,Buy 2 for £4,toiletries-beauty
Elvive Colour Protect Shampoo Refillable Eco Pouch,Elvive Colour Protect Shamp...500ml,£6.80,£1.36 per 100ml,,toiletries-beauty
Elvive Dream Lengths Blowdry Cream,Elvive Dream Lengths Blowdry Cream150ml,£3,£2.00 per 100ml,"Offer price £3, was £5.99",toiletries-beauty
Elvive Dream Lengths Curl Foam,Elvive Dream Lengths Curl Foam200ml,£3,£1.50 per 100ml,"Offer price £3, was £6",toiletries-beauty
Elvive Dream Lengths Defeat Heat Spray,Elvive Dream Lengths Defeat Heat Spray150ml,£3,£2.00 per 100ml,"Offer price £3, was £5.99",toiletries-beauty
Elvive Dream Lengths Dry Shampoo,Elvive Dream Lengths Dry Shampoo200ml,£2.50,£1.25 per 100ml,"Offer price £2.50, was £5",toiletries-beauty
Elvive Dream Lengths Shampoo Refillable Eco Pouch,Elvive Dream Lengths Shampo...500ml,£6.80,£1.36 per 100ml,,toiletries-beauty
Elvive Extraordinary Clay Conditioner,Elvive Extraordinary Clay Conditioner300ml,£3,£1.00 per 100ml,"Offer price £3, was £6",toiletries-beauty
Elvive Extraordinary Oil Conditioner,Elvive Extraordinary Oil Conditioner300ml,£3,£1.00 per 100ml,"Offer price £3, was £6",toiletries-beauty
Elvive Extraordinary Oil Miracle Hair Perfecter ,Elvive Extraordinary Oil Miracle Hair Perfecter 100ml,£6.50,£6.50 per 100ml,"Offer price £6.50, was £10",toiletries-beauty
Elvive Extraordinary Oils Coconut Conditioner ,Elvive Extraordinary Oils Coconut Conditioner 300ml,£3,£1.00 per 100ml,"Offer price £3, was £6",toiletries-beauty
Elvive Full Restore 5 Conditioner,Elvive Full Restore 5 Conditioner300ml,£3,£1.00 per 100ml,"Offer price £3, was £6",toiletries-beauty
Elvive Hydra Hyaluronic Shampoo,Elvive Hydra Hyaluronic Shampoo400ml,£3.50,87.5p per 100ml,"Offer price £3.50, was £7",toiletries-beauty
Eucryl Freshmint Powerful Stain Removal Toothpowder,Eucryl Freshmint Powerful Sta...50g,£1.40,£2.80 per 100g,,toiletries-beauty
Euthymol Original Toothpaste,Euthymol Original Toothpaste75ml,£2.50,£3.33 per 100ml,,toiletries-beauty
Excellence Natural Ash Blonde 8.1,Excellence Natural Ash Blonde 8.1,£10,,Buy 2 for £13,toiletries-beauty
Excellence Natural Dark Brown 4,Excellence Natural Dark Brown 4,£10,,Buy 2 for £13,toiletries-beauty
Excellence Natural Golden Brown 5.3,Excellence Natural Golden Brown 5.3,£10,,Buy 2 for £13,toiletries-beauty
Excellence Natural Light Blonde 9,Excellence Natural Light Blonde 9,£10,,Buy 2 for £13,toiletries-beauty
Excellence Natural Light Brown 6,Excellence Natural Light Brown 6,£10,,Buy 2 for £13,toiletries-beauty
Excellence Natural Light Golden Brown 6.3,Excellence Natural Light Golden Brown 6.3,£10,,Buy 2 for £13,toiletries-beauty
Excellence Natural Mahogany Brown 5.5,Excellence Natural Mahogany Brown 5.5,£10,,Buy 2 for £13,toiletries-beauty
 Excellence Supreme Lightest Natural Blonde 01, Excellence Supreme Light...,£10,,Buy 2 for £13,toiletries-beauty
Eylure Dybrow Eyebrow Dye Kit Dark Brown,Eylure Dybrow Eyebrow Dye Kit Dark Brown,£7.50,,,toiletries-beauty
Eylure Fluttery Light No. 117 Light & Wispy,Eylure Fluttery Light No. 117 Light & Wispy,£5.50,,,toiletries-beauty
Eylure Texture No 157 Lashes,Eylure Texture No 157 Lashes,£5,,,toiletries-beauty
Eylure Volume Lashes No. 101 Light Volume,Eylure Volume Lashes No. 101 Light Volume,£5,,,toiletries-beauty
Fcuk Friction For Him Parfum 100Ml,Fcuk Friction For Him Parfum 100Ml100ml,£10,£10.00 per 100ml,,toiletries-beauty
Fcuk Friction Her Parfum ,Fcuk Friction Her Parfum 100ml,£12.95,£12.95 per 100ml,,toiletries-beauty
Feather & Down Melting Shower Cream,Feather & Down Melting Shower Cream250ml,£6,£2.40 per 100ml,,toiletries-beauty
Feather & Down Sweet Dreams Bath Essence ,Feather & Down Sweet Dreams Bath Essence 500ml,£7,£1.40 per 100ml,,toiletries-beauty
Femfresh 0% Wash ,Femfresh 0% Wash 250ml,£2.75,£1.10 per 100ml,,toiletries-beauty
Femfresh Intimate Daily Deodorant,Femfresh Intimate Daily Deodorant125ml,£2.75,£2.20 per 100ml,,toiletries-beauty
Femfresh Intimate Hygiene Large Feminine Freshness Wipes,Femfresh Intimate Hygiene Large...25 per pack,£2.75,11p each,,toiletries-beauty
Femfresh Natural Balance Daily Intimate Wash,Femfresh Natural Balance Daily Intimate Wash250ml,£2.75,£1.10 per 100ml,,toiletries-beauty
Feminax Express Ibuprofen Lysine 342mg Tablets,Feminax Express Ibuprofen...16 per pack,£4.50,28.1p each,,toiletries-beauty
Fenjal Classic Creme Bath Oil,Fenjal Classic Creme Bath Oil125ml,£8.49,£6.79 per 100ml,,toiletries-beauty
Fenjal Classic Creme Body Wash,Fenjal Classic Creme Body Wash200ml,£4.25,£2.13 per 100ml,,toiletries-beauty
Fixodent Complete Original Denture Adhesive,Fixodent Complete Original Denture Adhesive65g,£4,£6.15 per 100g,,toiletries-beauty
Fixodent Complete Original Denture Adhesive,Fixodent Complete Original Denture Adhesive40g,£3,£7.50 per 100g,,toiletries-beauty
Fixodent Plus Best Food Seal Denture Adhesive Cream,Fixodent Plus Best Food Seal...40g,£3.50,£8.75 per 100g,,toiletries-beauty
Fixodent Premium Adhesive Denture Cream ,Fixodent Premium Adhesive Denture Cream 40g,£4,£10.00 per 100g,,toiletries-beauty
Fixodent Professional Adhesive Denture Cream ,Fixodent Professional Adhesive Denture Cream 40g,£4.50,£11.25 per 100g,,toiletries-beauty
Flarin Joint & Muscular Pain Relief 200Mg Ibuprofen Soft Capsules,Flarin Joint & Muscular Pain Relief 2...12 per pack,£5.25,43.8p each,,toiletries-beauty
Flo Bamboo Liners 24 Wrapped Ultra - Thin,Flo Bamboo Liners 24 Wrapped Ultra - Thin24 per pack,£2.50,10.4p each,,toiletries-beauty
Frizz Ease Original Serum  ,Frizz Ease Original Serum  50ml,£5.32,£10.64 per 100ml,"Offer price £5.32, was £8",toiletries-beauty
Garnier Ambre Solaire Kids Sensitive Advanced S P F 50+ ,Garnier Ambre Solaire Kids Sens...200ml,£8,£4.00 per 100ml,,toiletries-beauty
Garnier Ambre Solaire Protection Lotion High Spf50,Garnier Ambre Solaire Prote...50ml,£5.20,£10.40 per 100ml,,toiletries-beauty
Garnier Belle Color Color-Ease Cream 5 Natural Brown,Garnier Belle Color Color-Eas...,£5,,,toiletries-beauty
Garnier Belle Color Dark Brown,Garnier Belle Color Dark Brown,£5,,,toiletries-beauty
Garnier Belle Color Ease Gel Auburn 5.5,Garnier Belle Color Ease Gel Auburn 5.5,£5,,,toiletries-beauty
Garnier Belle Color Ease Gel Black 1,Garnier Belle Color Ease Gel Black 1,£5,,,toiletries-beauty
Garnier Belle Color Ease Gel Medium Blonde 8,Garnier Belle Color Ease Gel Medium Blonde 8,£5,,,toiletries-beauty
Garnier Belle Color Extra Light Ash Blonde 111,Garnier Belle Color Extra Light Ash Blonde 111,£5,,,toiletries-beauty
Garnier Body Intensive 7 Days Hydrating Lotion Normal Skin,Garnier Body Intensive 7 Days Hyd...400ml,£2.50,62.5p per 100ml,"Offer price £2.50, was £5",toiletries-beauty
Garnier Body Intensive 7 Days Nourishing Mango Lotion ,Garnier Body Intensive 7 Days N...400ml,£2.50,62.5p per 100ml,"Offer price £2.50, was £5",toiletries-beauty
Garnier Body Intensive 7 Days Ultra Replenishing Lotion,Garnier Body Intensive 7 Days U...400ml,£2.50,62.5p per 100ml,"Offer price £2.50, was £5",toiletries-beauty
Garnier Body Superfood Aloe,Garnier Body Superfood Aloe380ml,£10,£2.63 per 100ml,,toiletries-beauty
Garnier Body Superfood Avocado,Garnier Body Superfood Avocado380ml,£10,£2.63 per 100ml,,toiletries-beauty
Garnier Body Superfood Cocoa,Garnier Body Superfood Cocoa380ml,£10,£2.63 per 100ml,,toiletries-beauty
Garnier Gradual Tan Moisturiser Dark,Garnier Gradual Tan Moisturiser Dark250ml,£8,£3.20 per 100ml,,toiletries-beauty
Garnier Gradual Tan Moisturiser Light,Garnier Gradual Tan Moisturiser Light250ml,£8,£3.20 per 100ml,,toiletries-beauty
Garnier Hyaluronic Acid Ampoule Sheet Mask Watermelon ,Garnier Hyaluronic Acid Ampoule...15g,£4.50,£30.00 per 100g,,toiletries-beauty
Garnier Micellar Cleansing Water  ,Garnier Micellar Cleansing Water  400ml,£4,£1.00 per 100ml,"Offer price £4, was £7",toiletries-beauty
Garnier Micellar Cleansing Water,Garnier Micellar Cleansing Water400ml,£4,£1.00 per 100ml,"Offer price £4, was £7",toiletries-beauty
Garnier Micellar Cleansing Water ,Garnier Micellar Cleansing Water 700ml,£5,71.3p per 100ml,"Offer price £5, was £8",toiletries-beauty
Garnier Micellar Eco Pad,Garnier Micellar Eco Pad,£9,,,toiletries-beauty
Garnier Micellar Oil Infused Cleansing Water ,Garnier Micellar Oil Infused Cleansing Water 400ml,£7,£1.75 per 100ml,,toiletries-beauty
Garnier Micellar Rose Water Cleanse & Glow,Garnier Micellar Rose Water Cleanse & Glow400ml,£7,£1.75 per 100ml,,toiletries-beauty
Garnier Moisture Bomb Coconut Eye Tissue Mask,Garnier Moisture Bomb Coconut Eye Tissue Mask,£3,,Buy 2 for £4,toiletries-beauty
Garnier Moisture Bomb Hydrating Tissue Mask,Garnier Moisture Bomb Hydrating Tissue Mask,£3,,Buy 2 for £4,toiletries-beauty
Garnier Moisture Bomb Orange Eye Tissue Mask,Garnier Moisture Bomb Orange Eye Tissue Mask,£3,,Buy 2 for £4,toiletries-beauty
Garnier Moisture Bomb Tissue Mask ,Garnier Moisture Bomb Tissue Mask 42g,£3,£7.14 per 100g,Buy 2 for £4,toiletries-beauty
Garnier Moisture Bomb Tissue Mask,Garnier Moisture Bomb Tissue Mask,£3,,Buy 2 for £4,toiletries-beauty
Garnier Nutri Bomb Milky Tissue Mask,Garnier Nutri Bomb Milky Tissue Mask,£3,,Buy 2 for £4,toiletries-beauty
Garnier Nutrisse Auburn 4.5 Permanent Hair Dye  ,Garnier Nutrisse Auburn 4.5 Permanent Hair Dye  ,£8,,Buy 2 for £11.50,toiletries-beauty
Garnier Nutrisse Creme 5.25 Frosted Chestnut,Garnier Nutrisse Creme 5.25 Frosted Chestnut,£8,,Buy 2 for £11.50,toiletries-beauty
Garnier Nutrisse Dark Brown 4 Permanent Hair Dye,Garnier Nutrisse Dark Brown...,£8,,Buy 2 for £11.50,toiletries-beauty
Garnier Nutrisse Darkest Brown 3 Permanent Hair Dye,Garnier Nutrisse Darkest Brow...,£8,,Buy 2 for £11.50,toiletries-beauty
Garnier Nutrisse Dark Golden Blonde 7.3 Permanent Hair Dye,Garnier Nutrisse Dark Golden Blon...,£8,,Buy 2 for £11.50,toiletries-beauty
Garnier Nutrisse Dark Golden Brown 4.3 Permanent Hair Dye,Garnier Nutrisse Dark Golden Brow...,£8,,Buy 2 for £11.50,toiletries-beauty
Garnier Nutrisse Deep Burgundy 4.26 Permanent Hair Dye,Garnier Nutrisse Deep Burgundy...,£8,,Buy 2 for £11.50,toiletries-beauty
Garnier Nutrisse Deep Red 4.6 Permanent Hair Dye,Garnier Nutrisse Deep Red 4.6 Permanent Hair Dye,£8,,Buy 2 for £11.50,toiletries-beauty
Garnier Nutrisse Deep Reddish Brown 3.6 Permanent Hair Dye,Garnier Nutrisse Deep Reddish Bro...,£8,,Buy 2 for £11.50,toiletries-beauty
Garnier Nutrisse Golden Light Brown 6.3 Permanent Hair Dye,Garnier Nutrisse Golden Light Bro...,£8,,Buy 2 for £11.50,toiletries-beauty
Garnier Nutrisse Light Brown 6 Permanent Hair Dye,Garnier Nutrisse Light Brow...,£8,,Buy 2 for £11.50,toiletries-beauty
Garnier Nutrisse Medium Dark Brown 4 1/2 Permanent Hair Dye,Garnier Nutrisse Medium Dark Brow...,£8,,Buy 2 for £11.50,toiletries-beauty
Garnier Nutrisse Natural Baby Blonde 10.01 Permanent Hair Dye,Garnier Nutrisse Natural Baby Blond...,£8,,Buy 2 for £11.50,toiletries-beauty
Garnier Nutrisse Ultra Color 2.6 Dark Cherry,Garnier Nutrisse Ultra Color 2.6 Dark Cherry,£8,,Buy 2 for £11.50,toiletries-beauty
Garnier Nutrisse Ultra Colour Fiery Red 6.60,Garnier Nutrisse Ultra Colour Fiery Red 6.60,£8,,Buy 2 for £11.50,toiletries-beauty
Garnier Nutrisse Ultra Iced Coffee Brown 4.15 Permanent Hair Dye,Garnier Nutrisse Ultra Iced Coffee Br...,£8,,Buy 2 for £11.50,toiletries-beauty
Garnier Olia 3.0 Soft Black                       ,Garnier Olia 3.0 Soft Black                       ,£10,,Buy 2 for £14,toiletries-beauty
Garnier Olia 4.0 Dark Brown                       ,Garnier Olia 4.0 Dark Brown                       ,£10,,Buy 2 for £14,toiletries-beauty
Garnier Olia 4.15Iced Chocolate                   ,Garnier Olia 4.15Iced Chocolate                   ,£10,,Buy 2 for £14,toiletries-beauty
Garnier Olia 5.0 Brown                            ,Garnier Olia 5.0 Brown                            ,£10,,Buy 2 for £14,toiletries-beauty
Garnier Olia 6.0 Light Brown                      ,Garnier Olia 6.0 Light Brown                      ,£10,,Buy 2 for £14,toiletries-beauty
Garnier Olia 6.60Intense Red                      ,Garnier Olia 6.60Intense Red                      ,£10,,Buy 2 for £14,toiletries-beauty
Garnier Olia 7.4 Intense Copper,Garnier Olia 7.4 Intense Copper,£10,,Buy 2 for £14,toiletries-beauty
Garnier Olia 8.0 Blonde                           ,Garnier Olia 8.0 Blonde                           ,£10,,Buy 2 for £14,toiletries-beauty
Garnier Olia 9.0 Light Blonde                     ,Garnier Olia 9.0 Light Blonde                     ,£10,,Buy 2 for £14,toiletries-beauty
Garnier Olia 9.3 Golden Light Blonde,Garnier Olia 9.3 Golden Light Blonde,£10,,Buy 2 for £14,toiletries-beauty
Garnier Olia Hair Colourant 10 Very Light Blond,Garnier Olia Hair Coloura...,£10,,Buy 2 for £14,toiletries-beauty
Garnier Olia Vivid Garnet 6.66 Colourant,Garnier Olia Vivid Garnet 6.66 Colourant,£10,,Buy 2 for £14,toiletries-beauty
Garnier Organic Lemongrass Detox Gel Face Wash,Garnier Organic Lemongras...150ml,£4,£2.67 per 100ml,"Offer price £4, was £6",toiletries-beauty
Garnier Organic Restoring Hemp Multi-Restore Gel Cream,Garnier Organic Restoring Hemp...50ml,£5.34,£10.68 per 100ml,"Offer price £5.34, was £8",toiletries-beauty
Garnier Organic Restoring Hemp Multi-Restore Sleeping Oil,Garnier Organic Restoring Hemp Mu...30ml,£8,£26.67 per 100ml,"Offer price £8, was £12",toiletries-beauty
Garnier Pure Active 3in1 Clay Cleanser ,Garnier Pure Active 3in1 Clay Cleanser 150ml,£3.34,£2.23 per 100ml,"Offer price £3.34, was £5",toiletries-beauty
Garnier Pure Active Anti-Blackhead Nose Strips,Garnier Pure Active Anti-Blackhead Nose Strips4 per pack,£6,£1.50 each,,toiletries-beauty
Garnier Pure Active Intensive Charcoal 3 In 1 Wash,Garnier Pure Active Intensi...150ml,£3.34,£2.23 per 100ml,"Offer price £3.34, was £5",toiletries-beauty
Garnier Pure Active Intensive Exfoliating Scrub ,Garnier Pure Active Intensive Exfoliating Scrub 150ml,£3.34,£2.23 per 100ml,"Offer price £3.34, was £5",toiletries-beauty
Garnier Repair Body Moisturiser ,Garnier Repair Body Moisturiser 400ml,£2.50,62.5p per 100ml,"Offer price £2.50, was £5",toiletries-beauty
Garnier Repair Hand Cream,Garnier Repair Hand Cream100ml,£2,£2.00 per 100ml,"Offer price £2, was £4",toiletries-beauty
Garnier Skin Active Micellar Cleansing Water ,Garnier Skin Active Micellar Cleansing Water 100ml,£1.50,£1.50 per 100ml,,toiletries-beauty
Garnier Skin Active Moisture Bomb Tissue Chamomile Mask,Garnier Skin Active Moisture Bo...32g,£3,£9.38 per 100g,Buy 2 for £4,toiletries-beauty
Garnier Skin Active Moisture Bomb Tissue Mask Green Tea 32G,Garnier Skin Active Moisture Bomb...,£3,,Buy 2 for £4,toiletries-beauty
Garnier Skin Active Pure Charcoal Black Tissue Mask,Garnier Skin Active Pure Char...28g,£3,£10.71 per 100g,,toiletries-beauty
Garnier Skin Active Pure Charcoal Black Tissue Mask,Garnier Skin Active Pure Char...,£3,,,toiletries-beauty
Garnier Skin Active Ultra Lift Tissue Mask,Garnier Skin Active Ultra Lift Tissue Mask,£4,,,toiletries-beauty
Garnier Skinactive Vitamin C Ampoule Sheet Mask Pineapple,Garnier Skinactive Vitamin C Ampo...15g,£4.50,£30.00 per 100g,,toiletries-beauty
Garnier Skin Active Vitamin C Day Cream,Garnier Skin Active Vitamin C Day Cream50ml,£10,£20.00 per 100ml,,toiletries-beauty
Garnier Skin Active Vitamin C Serum Cream,Garnier Skin Active Vitamin C Serum Cream50ml,£10,£20.00 per 100ml,,toiletries-beauty
Garnier Skin Active Vitamin C Sheet Mask,Garnier Skin Active Vitamin C Sheet Mask,£3,,Buy 2 for £4,toiletries-beauty
Garnier Ultimate Blends Almond Crush Conditioner ,Garnier Ultimate Blends Almond Crush Conditioner 400ml,£2.50,62.5p per 100ml,Buy 2 for £4,toiletries-beauty
Garnier Ultimate Blends Almond Crush Shampoo ,Garnier Ultimate Blends Almond Crush Shampoo 400ml,£2.50,62.5p per 100ml,Buy 2 for £4,toiletries-beauty
Garnier Ultimate Blends Argan Oil & Camellia Conditioner,Garnier Ultimate Blends Argan O...400ml,£2.50,62.5p per 100ml,Buy 2 for £4,toiletries-beauty
Garnier Ultimate Blends Argan Oil & Camellia Shampoo,Garnier Ultimate Blends Argan...400ml,£2.50,62.5p per 100ml,Buy 2 for £4,toiletries-beauty
Garnier Ultimate Blends Argan Oil & Cranberry Conditioner ,Garnier Ultimate Blends Argan Oil...400ml,£2.50,62.5p per 100ml,Buy 2 for £4,toiletries-beauty
Garnier Ultimate Blends Argan Oil & Cranberry Shampoo ,Garnier Ultimate Blends Argan O...400ml,£2.50,62.5p per 100ml,Buy 2 for £4,toiletries-beauty
Garnier Ultimate Blends Argan Richness Conditioner,Garnier Ultimate Blends Arg...400ml,£2.50,62.5p per 100ml,Buy 2 for £4,toiletries-beauty
Garnier Ultimate Blends Argan Richness Shampoo ,Garnier Ultimate Blends Argan Richness Shampoo 400ml,£2.50,62.5p per 100ml,Buy 2 for £4,toiletries-beauty
Garnier Ultimate Blends Coco Milk Conditioner ,Garnier Ultimate Blends Coco Milk Conditioner 400ml,£2.50,62.5p per 100ml,Buy 2 for £4,toiletries-beauty
Garnier Ultimate Blends Coco Milk Shampoo ,Garnier Ultimate Blends Coco Milk Shampoo 400ml,£2.50,62.5p per 100ml,Buy 2 for £4,toiletries-beauty
Garnier Ultimate Blends Coco Sleek Conditioner ,Garnier Ultimate Blends Coco Sleek Conditioner 400ml,£2.50,62.5p per 100ml,Buy 2 for £4,toiletries-beauty
Garnier Ultimate Blends Coco Sleek Shampoo ,Garnier Ultimate Blends Coco Sleek Shampoo 400ml,£2.50,62.5p per 100ml,Buy 2 for £4,toiletries-beauty
Garnier Ultimate Blends Coco Water Shampoo ,Garnier Ultimate Blends Coco Water Shampoo 400ml,£2.50,62.5p per 100ml,Buy 2 for £4,toiletries-beauty
Garnier Ultimate Blends Core Coco Water Conditioner ,Garnier Ultimate Blends Core...400ml,£2.50,62.5p per 100ml,Buy 2 for £4,toiletries-beauty
 Garnier Ultimate Blends Hair Food Aloe Vera Conditioner, Garnier Ultimate Blends Hair F...350ml,£6,£1.71 per 100ml,,toiletries-beauty
Garnier Ultimate Blends Hair Food Aloe Vera Shampoo,Garnier Ultimate Blends Hair...350ml,£6,£1.71 per 100ml,,toiletries-beauty
 Garnier Ultimate Blends Hair Food Banana 3 In 1 Dry Hair Mask, Garnier Ultimate Blends Hair Food...390ml,£8,£2.05 per 100ml,,toiletries-beauty
 Garnier Ultimate Blends Hair Food Coconut Conditioner , Garnier Ultimate Blends Hair F...350ml,£6,£1.71 per 100ml,,toiletries-beauty
 Garnier Ultimate Blends Hair Food Coconut Oil 3 In 1 Hair Mask, Garnier Ultimate Blends Hair Food Co...390ml,£8,£2.05 per 100ml,,toiletries-beauty
 Garnier Ultimate Blends Hair Food Coconut Shampoo, Garnier Ultimate Blends Ha...350ml,£6,£1.71 per 100ml,,toiletries-beauty
 Garnier Ultimate Blends Hair Food Papaya 3 In 1 Damaged Hair Mask, Garnier Ultimate Blends Hair Food Papa...390ml,£8,£2.05 per 100ml,,toiletries-beauty
Garnier Ultimate Blends Hair Food Papaya Shampoo,Garnier Ultimate Blends Hai...350ml,£6,£1.71 per 100ml,,toiletries-beauty
Garnier Ultimate Blends Hair Food Watermelon Conditioner,Garnier Ultimate Blends Hair Fo...350ml,£6,£1.71 per 100ml,,toiletries-beauty
Garnier Ultimate Blends Hair Food Watermelon Shampoo,Garnier Ultimate Blends Hair...350ml,£6,£1.71 per 100ml,,toiletries-beauty
Garnier Ultimate Blends Honey Treasures Conditioner ,Garnier Ultimate Blends Honey...400ml,£2.50,62.5p per 100ml,Buy 2 for £4,toiletries-beauty
Garnier Ultimate Blends Honey Treasures Shampoo ,Garnier Ultimate Blends Hon...400ml,£2.50,62.5p per 100ml,Buy 2 for £4,toiletries-beauty
Garnier Ultimate Blends Nourishing Hair Food Banana Conditioner Dry Hair,Garnier Ultimate Blends Nourish...350ml,£6,£1.71 per 100ml,,toiletries-beauty
Garnier Ultimate Blends Nourishing Hair Food Banana Shampoo For Dry Hair,Garnier Ultimate Blends Nourish...350ml,£6,£1.71 per 100ml,,toiletries-beauty
Garnier Ultimate Blends Oat Conditioner ,Garnier Ultimate Blends Oat Conditioner 400ml,£2.50,62.5p per 100ml,Buy 2 for £4,toiletries-beauty
Garnier Ultimate Blends Oat Shampoo ,Garnier Ultimate Blends Oat Shampoo 400ml,£2.50,62.5p per 100ml,Buy 2 for £4,toiletries-beauty
Garnier Ultimate Blends Repairing Hair Food Papaya Conditioner Damaged Hair,Garnier Ultimate Blends Repairi...350ml,£6,£1.71 per 100ml,,toiletries-beauty
Garnier Ultralift Cream Day Cream ,Garnier Ultralift Cream Day Cream 50ml,£10,£20.00 per 100ml,,toiletries-beauty
Garnier Ultra lift Day Cream SPF 15      ,Garnier Ultra lift Day Cream SPF 15      50ml,£10,£20.00 per 100ml,,toiletries-beauty
Garnier Ultraliftnight Cream          ,Garnier Ultraliftnight Cream          50ml,£10,£20.00 per 100ml,,toiletries-beauty
Garnier Vitamin C Serum,Garnier Vitamin C Serum30ml,£12,£40.00 per 100ml,,toiletries-beauty
Get Fruity Get Cherried Away Body Wash & Butter,Get Fruity Get Cherried A...,£3,,,toiletries-beauty
Gillet Simply Venus 2 Blades,Gillet Simply Venus 2 Blades4 per pack,£2,50p each,,toiletries-beauty
Gillette Blue 3 Disposable Razors 4 pack,Gillette Blue 3 Disposable Razors 4 pack4 per pack,£2.35,58.8p each,"Offer price £2.35, was £4",toiletries-beauty
Gillette Blue 3 Smooth Disposable Razors 8 pack,Gillette Blue 3 Smooth Disposable Razors 8 pack8 per pack,£8,£1.00 each,,toiletries-beauty
Gillette Blue Disposable Razors 20 pack,Gillette Blue Disposable Razors 20 pack20 per pack,£5.25,26.3p each,"Offer price £5.25, was £6",toiletries-beauty
Gillette Blue Plus Slalom Disposable Razors 8 pack,Gillette Blue Plus Slalom Disposable Razors 8 pack8 per pack,£4,50p each,,toiletries-beauty
Gillette Classic Shaving Foam For Sensitive Skin,Gillette Classic Shaving Foam For Sensitive Skin200ml,£1.50,75p per 100ml,,toiletries-beauty
Gillette Clear Gel Arctic Ice Deodorant,Gillette Clear Gel Arctic Ice Deodorant70ml,£3.25,£4.64 per 100ml,,toiletries-beauty
Gillette Fusion 5 Power Razors For Men 4 Refill Razor Blades,Gillette Fusion 5 Power Razors For...4 per pack,£15,£3.75 each,,toiletries-beauty
Gillette Fusion 5 Power Razors For Men 8 Refill Razor Blades,Gillette Fusion 5 Power Razors For...8 per pack,£24.50,£3.06 each,,toiletries-beauty
Gillette Fusion5 ProGlide Manual Razor with FlexBall Technology For Men,Gillette Fusion5 ProGlide Man...,£8.65,,"Offer price £8.65, was £13",toiletries-beauty
Gillette Fusion 5 ProGlide Razors For Men 4 Refill Razor Blades,Gillette Fusion 5 ProGlide Razors For...4 per pack,£16,£4.00 each,,toiletries-beauty
Gillette Fusion 5 ProGlide Razors For Men 8 Refill Razor Blades,Gillette Fusion 5 ProGlide Razors For...8 per pack,£29,£3.63 each,,toiletries-beauty
Gillette Fusion5 ProGlide Starter Pack Handle + 4 Razor Blades,Gillette Fusion5 ProGlide Starter P...,£15,,"Offer price £15, was £22.50",toiletries-beauty
Gillette Fusion5 Razor For Men,Gillette Fusion5 Razor For Men,£11,,,toiletries-beauty
Gillette Fusion 5 Razors For Men 4 Refill Razor Blades,Gillette Fusion 5 Razors For Me...4 per pack,£13,£3.25 each,,toiletries-beauty
Gillette Fusion 5 Razors For Men 8 Refill Razor Blades,Gillette Fusion 5 Razors For Me...8 per pack,£23.50,£2.94 each,,toiletries-beauty
Gillette Fusion5 Starter Pack Handle + 4 Razor Blades,Gillette Fusion5 Starter Pack...,£13.35,,"Offer price £13.35, was £20",toiletries-beauty
Gillette Fusion 5 Ultra Moisturising Shaving Gel,Gillette Fusion 5 Ultra Moisturising Shaving Gel200ml,£4,£2.00 per 100ml,,toiletries-beauty
Gillette Fusion 5 Ultra Sensitive Shaving Gel,Gillette Fusion 5 Ultra Sensitive Shaving Gel250ml,£4,£1.60 per 100ml,,toiletries-beauty
Gillette Fusion5 Ultra Shaving Foam for Sensitive Skin,Gillette Fusion5 Ultra Shaving...250ml,£2.20,88p per 100ml,"Offer price £2.20, was £4",toiletries-beauty
Gillette Fusion Power Razor,Gillette Fusion Power Razor,£13,,,toiletries-beauty
Gillette Fusion ProGlide Big Pack Handle +9 Razor Blades,Gillette Fusion ProGlide Big Pa...,£27,,"Offer price £27, was £32",toiletries-beauty
Gillette Fusion ProGlide Styler,Gillette Fusion ProGlide Styler,£15,,"Offer price £15, was £22.50",toiletries-beauty
Gillette Fusion Value Pack Razor + 9 Blades,Gillette Fusion Value Pack Razor + 9 Blades,£28,,,toiletries-beauty
Gillette Labs Exfoliating Razor With Magnetic Stand & Cartridge,Gillette Labs Exfoliating Razor With...,£15,,"Offer price £15, was £22.49",toiletries-beauty
Gillette Labs Exfoliating Razor With Magnetic Stand Black & Gold,Gillette Labs Exfoliating Razor With...,£22.49,,,toiletries-beauty
Gillette Labs Neon Night Exfoliating Bar Men's Razor,Gillette Labs Neon Night Exfo...,£29.99,,,toiletries-beauty
Gillette Labs Razor Blades Refill Cartridges,Gillette Labs Razor Blades Refill Cartridges4 per pack,£19.99,£5.00 each,,toiletries-beauty
Gillette Labs Razor Blades Refill  Cartridges,Gillette Labs Razor Blades Refill  Cartridges6 per pack,£26.99,£4.50 each,,toiletries-beauty
Gillette Labs Razor Blades Refill Cartridges,Gillette Labs Razor Blades Refill Cartridges9 per pack,£39.99,£4.44 each,,toiletries-beauty
Gillette Labs Shave Foam ,Gillette Labs Shave Foam 240ml,£4,£1.67 per 100ml,"Offer price £4, was £5.99",toiletries-beauty
Gillette Labs Shave Gel ,Gillette Labs Shave Gel 198ml,£4,£2.02 per 100ml,"Offer price £4, was £5.99",toiletries-beauty
Gillette Labs With Exfoliating Bar Men's Razor,Gillette Labs With Exfoli...,£30,,,toiletries-beauty
Gillette Mach3 Disposable Razors 3 Pack,Gillette Mach3 Disposable Razors 3 Pack3 per pack,£8,£2.67 each,,toiletries-beauty
Gillette Mach3 Extra Comfort Shaving Gel,Gillette Mach3 Extra Comfort Shaving Gel200ml,£1.79,89.5p per 100ml,"Offer price £1.79, was £3",toiletries-beauty
Gillette Mach 3 Manual Blades,Gillette Mach 3 Manual Blades4 per pack,£9,£2.25 each,,toiletries-beauty
Gillette Mach 3 Razor Blades 12 Pack,Gillette Mach 3 Razor Blades 12 Pack12 per pack,£21,£1.75 each,,toiletries-beauty
Gillette Mach 3 Razor For Men and 1 Refill Razor Blades,Gillette Mach 3 Razor For Men a...,£8,,,toiletries-beauty
Gillette Mach3 Razor for Men Big Pack-Handle + 11 Refill Razor Bladess,Gillette Mach3 Razor for Men Big Pack-Han...,£18,,"Offer price £18, was £24",toiletries-beauty
Gillette Mach 3 Razors For Men 8 Refill Razor Blades,Gillette Mach 3 Razors For Men 8 Refill Razor Blades8 per pack,£17,£2.13 each,,toiletries-beauty
Gillette Mach 3 Turbo 3D Razor,Gillette Mach 3 Turbo 3D Razor,£6.65,,"Offer price £6.65, was £10",toiletries-beauty
Gillette Mach 3 Turbo Razors For Men 4 Refill Razor Blades,Gillette Mach 3 Turbo Razors For...4 per pack,£11.50,£2.88 each,,toiletries-beauty
Gillette Mach 3 Turbo Razors For Men 8 Refill Razor Blades,Gillette Mach 3 Turbo Razors For...8 per pack,£19,£2.38 each,,toiletries-beauty
Gillette Proglide Razor Blades,Gillette Proglide Razor Blades12 per pack,£25,£2.08 each,,toiletries-beauty
Gillette Pro Sensitive Shave Gel,Gillette Pro Sensitive Shave Gel200ml,£5,£2.50 per 100ml,,toiletries-beauty
Gillette Proshield Blades ,Gillette Proshield Blades 4 per pack,£18,£4.50 each,,toiletries-beauty
Gillette Proshield Power 1 Razor + 8 Razor Blades,Gillette Proshield Power 1 Razor + 8 Razor Blades,£30,,"Offer price £30, was £35",toiletries-beauty
Gillette Proshield Power Razor,Gillette Proshield Power Razor,£15,,,toiletries-beauty
Gillette Proshield Power Razor Blades Refill,Gillette Proshield Power Razor Blades Refill8 per pack,£30,£3.75 each,,toiletries-beauty
Gillette Sensitive Shaving Gel For Sensitive Skin,Gillette Sensitive Shaving Gel For Sensitive Skin200ml,£1.70,85p per 100ml,,toiletries-beauty
Gillette Sensor 3 Comfort Disposable Razors 4 pack,Gillette Sensor 3 Comfort Disposable Razors 4 pack4 per pack,£3.35,84.1p each,"Offer price £3.35, was £5.50",toiletries-beauty
Gillette Sensor 3 Comfort Disposable Razors 8 pack,Gillette Sensor 3 Comfort Disposable Razors 8 pack8 per pack,£9.50,£1.19 each,,toiletries-beauty
Gillette Sensor3 Sensitive Disposable Razors 4 pack,Gillette Sensor3 Sensitive Disposable Razors 4 pack4 per pack,£3.35,83.9p each,"Offer price £3.35, was £5.75",toiletries-beauty
Gillette SensorExcel Razor Blades,Gillette SensorExcel Razor Blades5 per pack,£7.50,£1.50 each,,toiletries-beauty
Gillette Series Sensitive Shaving Gel For Sensitive Skin,Gillette Series Sensitive Shavi...200ml,£1.70,85p per 100ml,"Offer price £1.70, was £3",toiletries-beauty
Gillette Skinguard Sensitive Flexball Power Razor,Gillette Skinguard Sensitiv...,£14.50,,,toiletries-beauty
Gillette SkinGuard Sensitive Razor Designed for Men with Sensitive Skin,Gillette SkinGuard Sensitive...,£7.35,,"Offer price £7.35, was £11.30",toiletries-beauty
Gillette SkinGuard Sensitive Razor Handle + 4 Razor Blades,Gillette SkinGuard Sensitive Razo...,£18.50,,,toiletries-beauty
Gillette SkinGuard Sensitive Razors For Men 4 Refill Razor Blades,Gillette SkinGuard Sensitive Razors F...4 per pack,£13,£3.25 each,,toiletries-beauty
Gillette SkinGuard Sensitive Razors For Men 8 Refill Razor Blades,Gillette SkinGuard Sensitive Razors F...8 per pack,£21.50,£2.69 each,,toiletries-beauty
Gillette Venus 2-In-1 Cleanser + Shave Gel For Pubic Hair & Skin ,Gillette Venus 2-In-1 Cleanser + Shav...190ml,£6.66,£3.50 per 100ml,"Offer price £6.66, was £10",toiletries-beauty
Gillette Venus Blades For Pubic Hair & Skin 4 Blades,Gillette Venus Blades For Pubic Hair & Skin 4 Blades4 per pack,£9.75,£2.44 each,"Offer price £9.75, was £12",toiletries-beauty
Gillette Venus Comfortglide Coconut Plus Olay Razor + 3 Blades,Gillette Venus Comfortglide Coconut...,£13.33,,"Offer price £13.33, was £20",toiletries-beauty
Gillette Venus Comfortglide Spa Breeze Razor,Gillette Venus Comfortg...,£4.50,,"Offer price £4.50, was £9",toiletries-beauty
Gillette Venus Comfortglide With Olay Razor,Gillette Venus Comfortg...,£13,,,toiletries-beauty
Gillette Venus Deluxe Smooth Sensitive Razor +3 Blades,Gillette Venus Deluxe Smooth Se...,£18,,,toiletries-beauty
Gillette Venus Extra Smooth Razor,Gillette Venus Extra Smooth Razor,£10,,,toiletries-beauty
Gillette Venus Extra Smooth Sensitive Blades 3 Blades,Gillette Venus Extra Smooth S...3 per pack,£12,£4.00 each,,toiletries-beauty
Gillette Venus Platinum Rose Gold Extra Smooth Sensitive Razor,Gillette Venus Platinum Rose Gold E...,£6.50,,"Offer price £6.50, was £13",toiletries-beauty
Gillette Venus Razor For Pubic Hair & Skin,Gillette Venus Razor For Pubic Hair & Skin,£7.30,,"Offer price £7.30, was £10",toiletries-beauty
Gillette Venus Snap Extra Smooth Razor (Pink Case),Gillette Venus Snap Extra Smooth Razor (Pink Case),£10,,,toiletries-beauty
Glow Hair Hoops Black 4 Pack,Glow Hair Hoops Black 4 Pack,£2.50,,,toiletries-beauty
Glow Hair Hoops Clear 4 Pack,Glow Hair Hoops Clear 4 Pack,£2.50,,,toiletries-beauty
Got2B Roaring High Powder To Cream,Got2B Roaring High Powder To Cream20g,£3,£15.00 per 100g,,toiletries-beauty
Got2b Ultra Glued Styling Gel ,Got2b Ultra Glued Styling Gel 150ml,£4,£2.66 per 100ml,"Offer price £4, was £5",toiletries-beauty
Harry's 5 Blade Cartridge And Handle Bright Orange 1 Pack,Harry's 5 Blade Cartridge And Han...,£8.75,,,toiletries-beauty
Harry's 5 Blade Cartridge And Handle Indigo Blue 1 Pack,Harry's 5 Blade Cartridge And H...,£8.75,,,toiletries-beauty
Harry's 5 Blade Cartridge And Handle Tropical Green 1 Pack,Harry's 5 Blade Cartridge And Han...,£8.75,,,toiletries-beauty
Harry's 5 Blade Catridges,Harry's 5 Blade Catridges8 per pack,£17,£2.13 each,,toiletries-beauty
Harry's 5 Blade Catridges,Harry's 5 Blade Catridges4 per pack,£9,£2.25 each,,toiletries-beauty
Harry's Face Wash With Peppermint,Harry's Face Wash With Peppermint150ml,£6,£4.00 per 100ml,,toiletries-beauty
Harry's Post Shave Balm With Aloe,Harry's Post Shave Balm With Aloe100ml,£7,£7.00 per 100ml,,toiletries-beauty
Harry's Shave Cream With Eucalyptus,Harry's Shave Cream With Eucalyptus100ml,£7,£7.00 per 100ml,,toiletries-beauty
Harry's Shave Foam With Aloe Gel,Harry's Shave Foam With Aloe Gel191g,£5,£2.62 per 100g,,toiletries-beauty
Head & Shoulders Anti Hair Fall & Dandruff Caffeine Shampoo,Head & Shoulders Anti Hair Fall &...400ml,£5,£1.25 per 100ml,Buy 3 for £10,toiletries-beauty
Head & Shoulders Apple 2in1 Shampoo ,Head & Shoulders Apple 2in1 Shampoo 400ml,£5,£1.25 per 100ml,Buy 3 for £10,toiletries-beauty
 Head & Shoulders Apple Fresh Shampoo, Head & Shoulders Apple Fresh Shampoo250ml,£3,£1.20 per 100ml,Buy 2 for £5,toiletries-beauty
Head & Shoulders Apple Shampoo,Head & Shoulders Apple Shampoo400ml,£5,£1.25 per 100ml,Buy 3 for £10,toiletries-beauty
Head & Shoulders Citrus 2in1 Shampoo ,Head & Shoulders Citrus 2in1 Shampoo 400ml,£5,£1.25 per 100ml,Buy 3 for £10,toiletries-beauty
Head & Shoulders Citrus Shampoo,Head & Shoulders Citrus Shampoo400ml,£5,£1.25 per 100ml,Buy 3 for £10,toiletries-beauty
Head & Shoulders Classic Clean 2in1 Shampoo,Head & Shoulders Classic Clean 2in1 Shampoo400ml,£5,£1.25 per 100ml,Buy 3 for £10,toiletries-beauty
Head & Shoulders Classic Clean Shampoo,Head & Shoulders Classic Clean Shampoo400ml,£5,£1.25 per 100ml,Buy 3 for £10,toiletries-beauty
 Head & Shoulders Conditioner Supreme Anti-frizz, Head & Shoulders Condition...275ml,£5,£1.82 per 100ml,Buy 3 for £10,toiletries-beauty
Head & Shoulders Deep Cleanse Oil Control Shampoo,Head & Shoulders Deep Clean...400ml,£6,£1.50 per 100ml,,toiletries-beauty
Head & Shoulders Deep Cleanse Scalp Detox Shampoo,Head & Shoulders Deep Clean...400ml,£6,£1.50 per 100ml,,toiletries-beauty
Head & Shoulders Deep Hydration Coconut Oil Conditioner,Head & Shoulders Deep Hydration...275ml,£5,£1.82 per 100ml,Buy 3 for £10,toiletries-beauty
Head & Shoulders Deep Hydration Shampoo 400ml,Head & Shoulders Deep Hyd...400ml,£5,£1.25 per 100ml,Buy 3 for £10,toiletries-beauty
Head & Shoulders Derma X Pro Hydrate Conditioner,Head & Shoulders Derma X Pro Hydrate Conditioner200ml,£6,£3.00 per 100ml,,toiletries-beauty
Head & Shoulders Derma X Pro Hydrate Shampoo,Head & Shoulders Derma X Pro Hydrate Shampoo300ml,£6,£2.00 per 100ml,,toiletries-beauty
Head & Shoulders Derma X Pro Hydrate Treatment,Head & Shoulders Derma X Pro Hydrate Treatment145ml,£10,£6.90 per 100ml,,toiletries-beauty
Head & Shoulders Derma X Pro Soothe Conditioner,Head & Shoulders Derma X Pro Soothe Conditioner200ml,£6,£3.00 per 100ml,,toiletries-beauty
Head & Shoulders Derma X Pro Soothe Shampoo,Head & Shoulders Derma X Pro Soothe Shampoo300ml,£6,£2.00 per 100ml,,toiletries-beauty
Head & Shoulders Derma X Pro Soothe Treatment,Head & Shoulders Derma X Pro Soothe Treatment145ml,£10,£6.90 per 100ml,,toiletries-beauty
Head & Shoulders Derma X Pro Strength Shampoo,Head & Shoulders Derma X Pro Strength Shampoo300ml,£6,£2.00 per 100ml,,toiletries-beauty
Head & Shoulders Itchy Scalp 2in1 Shampoo ,Head & Shoulders Itchy Scalp 2in1 Shampoo 400ml,£5,£1.25 per 100ml,Buy 3 for £10,toiletries-beauty
Head & Shoulders Itchy Scalp Shampoo ,Head & Shoulders Itchy Scalp Shampoo 400ml,£5,£1.25 per 100ml,Buy 3 for £10,toiletries-beauty
Head & Shoulders Menthol Shampoo ,Head & Shoulders Menthol Shampoo 400ml,£5,£1.25 per 100ml,Buy 3 for £10,toiletries-beauty
Head & Shoulders Men Total Care 2in1 Shampoo,Head & Shoulders Men Total Care 2in1 Shampoo225ml,£3,£1.33 per 100ml,Buy 2 for £5,toiletries-beauty
 Head & Shoulders Men Ultra Hair Booster, Head & Shoulders Men Ultra Hair Booster400ml,£6,£1.50 per 100ml,,toiletries-beauty
Head & Shoulders Shampoo Daily Protect,Head & Shoulders Shampoo Daily Protect400ml,£6,£1.50 per 100ml,,toiletries-beauty
  Head & Shoulders Shampoo Deep Cleanse Itch Prevention,  Head & Shoulders Shampoo Deep...400ml,£6,£1.50 per 100ml,,toiletries-beauty
 Head & Shoulders Shampoo Supreme Anti-frizz, Head & Shoulders Shamp...400ml,£5,£1.25 per 100ml,Buy 3 for £10,toiletries-beauty
Head & Shoulders Smooth & Silky Shampoo ,Head & Shoulders Smooth & Silky Shampoo 400ml,£5,£1.25 per 100ml,Buy 3 for £10,toiletries-beauty
 Head & Shoulders Supreme Colour Protect Conditioner, Head & Shoulders Supreme Col...275ml,£5,£1.82 per 100ml,Buy 3 for £10,toiletries-beauty
 Head & Shoulders Supreme Colour Protect Shampoo, Head & Shoulders Supreme C...400ml,£5,£1.25 per 100ml,Buy 3 for £10,toiletries-beauty
 Head & Shoulders Supreme Repair Shampoo, Head & Shoulders Supreme Repair Shampoo400ml,£5,£1.25 per 100ml,Buy 3 for £10,toiletries-beauty
Head and Shoulders Anti Dandruff Damage Repair Hair Conditioner,Head and Shoulders Anti Dandruff Dama...275ml,£5,£1.82 per 100ml,Buy 3 for £10,toiletries-beauty
Head and Shoulders Anti Dandruff Shampoo Itchy Scalp,Head and Shoulders Anti Dandr...250ml,£3,£1.20 per 100ml,Buy 2 for £5,toiletries-beauty
Head and Shoulders Anti Dandruff Supreme Moisture Hair Conditioner,Head and Shoulders Anti Dandruff Suprem...275ml,£5,£1.82 per 100ml,Buy 3 for £10,toiletries-beauty
Head and Shoulders Anti Dandruff Supreme Moisture Shampoo Dry Hair ,Head and Shoulders Anti Dan...400ml,£5,£1.25 per 100ml,Buy 3 for £10,toiletries-beauty
Head and Shoulders Classic Anti Dandruff Hair Conditioner,Head and Shoulders Classic Anti D...275ml,£5,£1.82 per 100ml,Buy 3 for £10,toiletries-beauty
Head and Shoulders Classic Clean Anti Dandruff 2in1 Shampoo,Head and Shoulders Classic Clean...225ml,£3,£1.33 per 100ml,Buy 2 for £5,toiletries-beauty
Head and Shoulders Classic Clean Anti Dandruff Shampoo,Head and Shoulders Classic Clea...250ml,£3,£1.20 per 100ml,Buy 2 for £5,toiletries-beauty
Head and Shoulders Classic Clean Anti Dandruff Shampoo,Head and Shoulders Classic Clea...90ml,£1.75,£1.94 per 100ml,,toiletries-beauty
Head and Shoulders Smooth and Silky Anti Dandruff Hair Conditioner,Head and Shoulders Smooth and Silky Ant...275ml,£5,£1.82 per 100ml,Buy 3 for £10,toiletries-beauty
Health & Her Menopause Multi Nutrient Support,Health & Her Menopause Multi Nutrient Support,£15,,"Offer price £15, was £20",toiletries-beauty
Health & Her Perimenopause Mind+ Multi Nutrient Support,Health & Her Perimenopause Mind...30 per pack,£13.50,45p each,"Offer price £13.50, was £20",toiletries-beauty
Health & Her Perimenopause Multi Nutrient Support,Health & Her Perimenopause...,£15,,"Offer price £15, was £20",toiletries-beauty
Health & Her Sleep+ Multi Nutrient Support,Health & Her Sleep+ Multi Nutrient Support30 per pack,£15,50p each,"Offer price £15, was £20",toiletries-beauty
Herbal Essences Argan Oil Repairing Oil Mist Hair Mask,Herbal Essences Argan Oil Repai...100ml,£3,£3.00 per 100ml,"Offer price £3, was £6",toiletries-beauty
Herbal Essences Bio Renew Argan Oil Hair Mask,Herbal Essences Bio Renew...450ml,£4.95,£1.10 per 100ml,"Offer price £4.95, was £7.50",toiletries-beauty
Herbal Essences Bio Renew Argan Oil Repair Conditioner,Herbal Essences Bio Renew Argan...275ml,£3,£1.09 per 100ml,"Offer price £3, was £4.50",toiletries-beauty
Herbal Essences Bio Renew Argan Oil Repair Conditioner,Herbal Essences Bio Renew Argan...180ml,£3,£1.67 per 100ml,,toiletries-beauty
Herbal Essences Bio Renew Bourbon & Manuka Honey Deep Repair Shampoo,Herbal Essences Bio Renew Bou...400ml,£3,75.3p per 100ml,"Offer price £3, was £4.50",toiletries-beauty
Herbal Essences Bio Renew Coconut Milk Hair Mask,Herbal Essences Bio Renew C...450ml,£4.95,£1.10 per 100ml,"Offer price £4.95, was £7.50",toiletries-beauty
Herbal Essences Bio Renew Coconut Milk Hydrate Conditioner,Herbal Essences Bio Renew Coconut...275ml,£3,£1.09 per 100ml,"Offer price £3, was £4.50",toiletries-beauty
Herbal Essences Bio Renew Coconut Milk Hydrate Conditioner,Herbal Essences Bio Renew Coconut...180ml,£3,£1.67 per 100ml,,toiletries-beauty
Herbal Essences Bio Renew Grapefruit & Mosa Mint Volume Shampoo,Herbal Essences Bio Renew Grapefruit...400ml,£3,75.3p per 100ml,"Offer price £3, was £4.50",toiletries-beauty
Herbal Essences Bio Renew Hair Shampoo White Grapefruit & Mint,Herbal Essences Bio Renew Hair Sham...400ml,£3,75.3p per 100ml,"Offer price £3, was £4.50",toiletries-beauty
Herbal Essences Bio Renew Hemp Seed Oil & Aloe Hair Oil,Herbal Essences Bio Renew Hemp...100ml,£3,£3.00 per 100ml,"Offer price £3, was £6",toiletries-beauty
Herbal Essences Bio Renew Hydrate Coconut Milk Shampoo,Herbal Essences Bio Renew Hydra...400ml,£3,75.3p per 100ml,"Offer price £3, was £4.50",toiletries-beauty
Herbal Essences Bio Renew Manuka Honey Deep Repair Conditioner,Herbal Essences Bio Renew Manuka Ho...275ml,£3,£1.09 per 100ml,"Offer price £3, was £4.50",toiletries-beauty
Herbal Essences Bio Renew Passion Flower Conditioner,Herbal Essences Bio Renew Pas...275ml,£3,£1.09 per 100ml,"Offer price £3, was £4.50",toiletries-beauty
Herbal Essences Bio Renew Passion Flower Shampoo,Herbal Essences Bio Renew P...400ml,£3,75.3p per 100ml,"Offer price £3, was £4.50",toiletries-beauty
Herbal Essences Bio Renew Potent Aloe & Hemp Conditioner,Herbal Essences Bio Renew Poten...275ml,£4,£1.45 per 100ml,"Offer price £4, was £6",toiletries-beauty
Herbal Essences Bio Renew Potent Aloe & Hemp Shampoo,Herbal Essences Bio Renew Pot...380ml,£4,£1.05 per 100ml,"Offer price £4, was £6",toiletries-beauty
 Herbal Essences Bio Renew Potent Aloe & Mango Conditioner, Herbal Essences Bio Renew Potent...275ml,£4,£1.45 per 100ml,"Offer price £4, was £6",toiletries-beauty
 Herbal Essences Bio Renew Potent Aloe & Mango Shampoo, Herbal Essences Bio Renew Pote...380ml,£4,£1.05 per 100ml,"Offer price £4, was £6",toiletries-beauty
Herbal Essences Bio Renew Shampoo Argan Oil of Morocco,Herbal Essences Bio Renew Shamp...400ml,£3,75.3p per 100ml,"Offer price £3, was £4.50",toiletries-beauty
Herbal Essences Bio Renew Shampoo Argan Oil of Morocco ,Herbal Essences Bio Renew Shamp...250ml,£3,£1.20 per 100ml,,toiletries-beauty
Herbal Essences Bio Renew Shampoo Coconut Milk Hydrate ,Herbal Essences Bio Renew Shamp...250ml,£3,£1.20 per 100ml,,toiletries-beauty
 Herbal Essences Bio Renew Strawberry & Mint Conditioner, Herbal Essences Bio Renew Stra...275ml,£3,£1.09 per 100ml,"Offer price £3, was £4.50",toiletries-beauty
Herbal Essences Bio Renew White Grapefruit & Mosa Mint Shine Conditioner,Herbal Essences Bio Renew White...275ml,£3,£1.09 per 100ml,"Offer price £3, was £4.50",toiletries-beauty
 Herbal Essences Daily Detox Clean Conditioner, Herbal Essences Daily Detox Clean Conditioner400ml,£2,50p per 100ml,,toiletries-beauty
 Herbal Essences Daily Detox Clean Shampoo, Herbal Essences Daily Detox Clean Shampoo400ml,£2,50p per 100ml,,toiletries-beauty
 Herbal Essences Daily Detox Shine Conditioner, Herbal Essences Daily Detox Shine Conditioner400ml,£2,50p per 100ml,,toiletries-beauty
 Herbal Essences Daily Detox Shine Shampoo, Herbal Essences Daily Detox Shine Shampoo400ml,£2,50p per 100ml,,toiletries-beauty
Herbal Essences Hair Conditioner Beautiful Ends Pomegranate ,Herbal Essences Hair Conditioner Be...400ml,£2,50p per 100ml,,toiletries-beauty
Herbal Essences Hair Conditioner Dazzling Shine with Lime Essence ,Herbal Essences Hair Conditioner Dazzli...400ml,£2,50p per 100ml,,toiletries-beauty
Herbal Essences Hair Conditioner Hello Hydration Coconut Essences ,Herbal Essences Hair Condit...400ml,£2,50p per 100ml,,toiletries-beauty
Herbal Essences Hair Conditioner Ignite My Colour Rose Essences,Herbal Essences Hair Conditioner Igni...400ml,£2,50p per 100ml,,toiletries-beauty
Herbal Essences Hydrating Hair Mask,Herbal Essences Hydrating Hair Mask25ml,£2.25,£9.00 per 100ml,"Offer price £2.25, was £3.50",toiletries-beauty
Herbal Essences Shampoo Beautiful Ends Pomegranate Essences,Herbal Essences Shampoo Beautiful...400ml,£2,50p per 100ml,,toiletries-beauty
Herbal Essences Shampoo Dazzling Shine with Lime Essences,Herbal Essences Shampoo Dazzling...400ml,£2,50p per 100ml,,toiletries-beauty
Herbal Essences Shampoo Hello Hydration With Coconut Essences ,Herbal Essences Shampoo Hello Hydra...400ml,£2,50p per 100ml,,toiletries-beauty
Herbal Essences Shampoo Ignite My Colour With Rose Essences,Herbal Essences Shampoo Ignite My...400ml,£2,50p per 100ml,,toiletries-beauty
Imperial Leather Antibacterial Hand Wash Cotton Flower & Vanilla,Imperial Leather Antibacterial Hand W...500ml,£1.50,30p per 100ml,"Offer price £1.50, was £2",toiletries-beauty
Imperial Leather Antibacterial Hand Wash Oud & Frankincense,Imperial Leather Antibacterial Ha...500ml,£1.50,30p per 100ml,"Offer price £1.50, was £2",toiletries-beauty
Imperial Leather Body Wash Blue Cypress & Eucalyptus,Imperial Leather Body Wash Bl...250ml,£1.50,60p per 100ml,,toiletries-beauty
Imperial Leather Energising Body Wash Bergamot & Sea Salt,Imperial Leather Energising Body...250ml,£1.50,60p per 100ml,,toiletries-beauty
Imperial Leather Foamburst Body Wash Golden Amber & Coconut Oil ,Imperial Leather Foamburst...200ml,£3,£1.50 per 100ml,"Offer price £3, was £5",toiletries-beauty
Imperial Leather Foamburst Body Wash Pistachio & Cocoa Butter,Imperial Leather Foamburst Body Was...200ml,£5,£2.50 per 100ml,,toiletries-beauty
Imperial Leather Foamburst Body Wash Rose & Argan Oil,Imperial Leather Foamburst Bo...200ml,£3,£1.50 per 100ml,"Offer price £3, was £5",toiletries-beauty
Imperial Leather Foamburst Shower Gel Bergamot & Sea Minerals,Imperial Leather Foamburst Shower G...200ml,£2.50,£1.25 per 100ml,,toiletries-beauty
Imperial Leather Foamburst Shower Gel Cotton & Vanilla Orchid,Imperial Leather Foamburst Shower G...200ml,£2.50,£1.25 per 100ml,,toiletries-beauty
Imperial Leather Foamburst Shower Gel Lychee & Lotus Flower,Imperial Leather Foamburst Shower...200ml,£2.50,£1.25 per 100ml,,toiletries-beauty
Imperial Leather Foamburst White Orchid & Pistachio,Imperial Leather Foamburst Wh...200ml,£5,£2.50 per 100ml,,toiletries-beauty
Imperial Leather Gentle Care Soap Bars,Imperial Leather Gentle Care Soap Bars4 per pack,£2,50p each,,toiletries-beauty
Imperial Leather Invigorating Body Wash Blue Cypress & Eucalyptus,Imperial Leather Invigorating Body Wa...500ml,£2,40p per 100ml,,toiletries-beauty
Imperial Leather Moisturising Bath Soak Flower & Vanilla,Imperial Leather Moisturising B...500ml,£1.60,32p per 100ml,,toiletries-beauty
Imperial Leather Moisturising Body Wash Cotton Flower & Vanilla,Imperial Leather Moisturising Body Wa...250ml,£1.50,60p per 100ml,,toiletries-beauty
Imperial Leather Moisturising Body Wash Cotton Flower & Vanilla,Imperial Leather Moisturising Body Wa...500ml,£2,40p per 100ml,,toiletries-beauty
Imperial Leather Muscle Recovery Bath Soak Bergamot & Sea Salt,Imperial Leather Muscle Recovery Ba...500ml,£1.60,32p per 100ml,,toiletries-beauty
Imperial Leather Original Soap Bars,Imperial Leather Original Soap Bars4 per pack,£2,50p each,,toiletries-beauty
Imperial Leather Pampering Bath Soak Mallow & Rose Milk,Imperial Leather Pampering Bath...500ml,£1.60,32p per 100ml,,toiletries-beauty
Imperial Leather Pampering Body Wash Mallow & Rose Milk,Imperial Leather Pampering Body...250ml,£1.50,60p per 100ml,,toiletries-beauty
Imperial Leather Refreshing Body Wash Mandarin & Neroli,Imperial Leather Refreshing Bod...250ml,£1.50,60p per 100ml,,toiletries-beauty
Imperial Leather Relaxing Bath Soak Lavender & Wild Iris,Imperial Leather Relaxing Bath...500ml,£1.60,32p per 100ml,,toiletries-beauty
Impulse Hint Of Musk Deodorant,Impulse Hint Of Musk Deodorant150ml,£2,£1.33 per 100ml,,toiletries-beauty
Impulse Petal Pop Deodorant,Impulse Petal Pop Deodorant100ml,£2,£2.00 per 100ml,,toiletries-beauty
Impulse Tease Body Spray Deodorant,Impulse Tease Body Spray Deodorant75ml,£1,£1.33 per 100ml,,toiletries-beauty
Impulse Tease Deodorant,Impulse Tease Deodorant150ml,£2,£1.33 per 100ml,,toiletries-beauty
Impulse Tropic Twist Deodorant,Impulse Tropic Twist Deodorant100ml,£2,£2.00 per 100ml,,toiletries-beauty
Impulse True Love Body Spray Deodorant,Impulse True Love Body Spray Deodorant75ml,£1,£1.33 per 100ml,,toiletries-beauty
Impulse Very Pink Body Spray Deodorant,Impulse Very Pink Body Spray Deodorant75ml,£1,£1.33 per 100ml,,toiletries-beauty
Inecto Coconut Hair Mask,Inecto Coconut Hair Mask300ml,£3,£1.00 per 100ml,,toiletries-beauty
Inecto Naturals Argan Hair Mask,Inecto Naturals Argan Hair Mask300ml,£3,£1.00 per 100ml,,toiletries-beauty
Ineos Anti Bacterial Sterile Sanitiser For Hands,Ineos Anti Bacterial Sterile Sanitiser For Hands500ml,£4.35,87p per 100ml,,toiletries-beauty
Ineos Cleansing Hand Wash With Cucumber & Aloe Vera,Ineos Cleansing Hand Wash Wit...250ml,£1,40p per 100ml,,toiletries-beauty
Ineos Moisturising Hand Wash Refill With White Rose & Neroli,Ineos Moisturising Hand Wash Refill...1000ml,£2.75,27.5p per 100ml,,toiletries-beauty
Ineos Moisturising Hand Wash With White Rose & Neroli,Ineos Moisturising Hand Wash...250ml,£1,40p per 100ml,,toiletries-beauty
Ineos Protective Hand Wash With Sea Minerals,Ineos Protective Hand Wash With Sea Minerals250ml,£1,40p per 100ml,,toiletries-beauty
Ineos Sanitiser Spray For Hands,Ineos Sanitiser Spray For Hands100ml,£2.40,£2.40 per 100ml,,toiletries-beauty
Insette Sensitive Shave Foam,Insette Sensitive Shave Foam250ml,£1.10,44p per 100ml,,toiletries-beauty
Invisibobble Original Crystal Clear Hair Ties,Invisibobble Original Crystal Clear Hair Ties3 per pack,£5,£1.67 each,,toiletries-beauty
Invisibobble Power Crystal Clear Hair Ties,Invisibobble Power Crystal Clear Hair Ties3 per pack,£6,£2.00 each,,toiletries-beauty
Invisibobble Slim Bronze Me Pretty Hair Ties,Invisibobble Slim Bronze Me Pretty Hair Ties3 per pack,£6,£2.00 each,,toiletries-beauty
Invisibobble Sprunchie,Invisibobble Sprunchie,£6,,,toiletries-beauty
Jerome Russell B Blonde Blonding Kit No.1,Jerome Russell B Blonde Blonding Kit No.1,£6,,,toiletries-beauty
Jerome Russell Bblonde Maximum Blonde Toner Atomic Blonde,Jerome Russell Bblonde Maximum Bl...75ml,£4.50,£6.00 per 100ml,,toiletries-beauty
Jerome Russell Bblonde Maximum Blonde Toner Platinum,Jerome Russell Bblonde Maximu...75ml,£4.50,£6.00 per 100ml,,toiletries-beauty
Jerome Russell B Blonde Maximum Colour Toner Aqua ,Jerome Russell B Blonde Max...75ml,£4.47,£5.96 per 100ml,,toiletries-beauty
Jerome Russell B Blonde Maximum Colour Toner Silver,Jerome Russell B Blonde Maxim...75ml,£4.50,£6.00 per 100ml,,toiletries-beauty
Jerome Russell B Blonde Maximum Highlighting Kit No.1,Jerome Russell B Blonde Maxim...,£6,,,toiletries-beauty
J.Lo Glow Eau De Toilette,J.Lo Glow Eau De Toilette30ml,£13,£43.33 per 100ml,,toiletries-beauty
J.Lo Still Edition Spray,J.Lo Still Edition Spray30ml,£15,£50.00 per 100ml,,toiletries-beauty
John Frieda Brazilian Sleek Conditioner,John Frieda Brazilian Sleek Conditioner250ml,£4.66,£1.87 per 100ml,"Offer price £4.66, was £6.99",toiletries-beauty
John Frieda Brazilian Sleek Shampoo,John Frieda Brazilian Sleek Shampoo250ml,£4.66,£1.87 per 100ml,"Offer price £4.66, was £6.99",toiletries-beauty
John Frieda Brilliant Brunette Conditioner ,John Frieda Brilliant Brunette Conditioner 50ml,£2,£4.00 per 100ml,,toiletries-beauty
John Frieda Brilliant Brunette Moisturising Conditioner ,John Frieda Brilliant Brunette...250ml,£4,£1.60 per 100ml,"Offer price £4, was £6",toiletries-beauty
John Frieda Brilliant Brunette Moisturising Shampoo ,John Frieda Brilliant Brunett...250ml,£4,£1.60 per 100ml,"Offer price £4, was £6",toiletries-beauty
John Frieda Deep Sea Hydration Moisturising Conditioner,John Frieda Deep Sea Hydration...250ml,£4.66,£1.86 per 100ml,"Offer price £4.66, was £7",toiletries-beauty
John Frieda Deep Sea Hydration Moisturising Shampoo,John Frieda Deep Sea Hydratio...250ml,£4.66,£1.86 per 100ml,"Offer price £4.66, was £7",toiletries-beauty
John Frieda Dream Curls Creme Oil,John Frieda Dream Curls Creme Oil100ml,£7,£7.00 per 100ml,,toiletries-beauty
John Frieda Frizz Ease 3 Day Spray,John Frieda Frizz Ease 3 Day Spray100ml,£7,£7.00 per 100ml,,toiletries-beauty
John Frieda Frizz Ease Curl Reviver Mousse,John Frieda Frizz Ease Curl Reviver Mousse200ml,£4.66,£2.33 per 100ml,"Offer price £4.66, was £7",toiletries-beauty
John Frieda Frizz Ease Dream Curls Conditioner,John Frieda Frizz Ease Dream Curls Conditioner250ml,£4.66,£1.86 per 100ml,"Offer price £4.66, was £7",toiletries-beauty
John Frieda Frizz Ease Dream Curls Curl Defining Creme ,John Frieda Frizz Ease Dream Cu...150ml,£4.66,£3.11 per 100ml,"Offer price £4.66, was £7",toiletries-beauty
John Frieda Frizz Ease Dream Curls Daily Styling Spray,John Frieda Frizz Ease Dream Cu...200ml,£4.66,£2.33 per 100ml,"Offer price £4.66, was £7",toiletries-beauty
John Frieda Frizz Ease Dream Curls Shampoo,John Frieda Frizz Ease Dream Curls Shampoo250ml,£4.66,£1.86 per 100ml,"Offer price £4.66, was £7",toiletries-beauty
John Frieda Frizz Ease Extra Strength Serum,John Frieda Frizz Ease Extra Strength Serum50ml,£5.32,£10.64 per 100ml,"Offer price £5.32, was £8",toiletries-beauty
John Frieda Frizz Ease Intense Hold Hairspray,John Frieda Frizz Ease Intense Hold Hairspray150ml,£4.66,£3.11 per 100ml,"Offer price £4.66, was £7",toiletries-beauty
John Frieda Frizz Ease Recover Conditioner ,John Frieda Frizz Ease Recover Conditioner 250ml,£4.66,£1.86 per 100ml,"Offer price £4.66, was £7",toiletries-beauty
John Frieda Frizz Ease Secret Agent Touch Up Creme,John Frieda Frizz Ease Secr...100ml,£4.66,£4.66 per 100ml,"Offer price £4.66, was £7",toiletries-beauty
John Frieda Frizz Ease Shampoo ,John Frieda Frizz Ease Shampoo 250ml,£4.66,£1.86 per 100ml,"Offer price £4.66, was £7",toiletries-beauty
John Frieda Frizz Ease Straight Ahead Conditioner,John Frieda Frizz Ease Stra...250ml,£4.66,£1.86 per 100ml,"Offer price £4.66, was £7",toiletries-beauty
John Frieda Frizz Ease Straight Ahead Shampoo,John Frieda Frizz Ease Straight Ahead Shampoo250ml,£4.66,£1.86 per 100ml,"Offer price £4.66, was £7",toiletries-beauty
John Frieda Frizz Ease Weightless Wonder Creme ,John Frieda Frizz Ease We...250ml,£7,£2.80 per 100ml,,toiletries-beauty
John Frieda Frizz Ease Weightless Wonder Shampoo ,John Frieda Frizz Ease Weig...250ml,£3.50,£1.40 per 100ml,,toiletries-beauty
John Frieda Highlight Activating for Blondes Moisturising Conditioner ,John Frieda Highlight Activating for Blon...250ml,£4,£1.60 per 100ml,"Offer price £4, was £6",toiletries-beauty
John Frieda Highlight Activating for Blondes Moisturising Shampoo ,John Frieda Highlight Activating for Bl...250ml,£4,£1.60 per 100ml,"Offer price £4, was £6",toiletries-beauty
John Frieda Luxurious Volume Blow-dry Lotion,John Frieda Luxurious Volume Blow-dry Lotion125ml,£6,£4.80 per 100ml,,toiletries-beauty
John Frieda Luxurious Volume Lift Mousse,John Frieda Luxurious Volume Lift Mousse200ml,£4,£2.00 per 100ml,"Offer price £4, was £6",toiletries-beauty
John Frieda Luxurious Volume Thickening Conditioner,John Frieda Luxurious Volume...250ml,£4,£1.60 per 100ml,"Offer price £4, was £6",toiletries-beauty
John Frieda Miraculous Recovery Tropical Oil,John Frieda Miraculous Recovery Tropical Oil100ml,£7,£7.00 per 100ml,"Offer price £7, was £8.99",toiletries-beauty
John Frieda Profiller & Thickening Spray,John Frieda Profiller & Thickening Spray150ml,£6,£4.00 per 100ml,,toiletries-beauty
John Frieda Profiller Thickening Conditioner,John Frieda Profiller Thickening Conditioner250ml,£6,£2.40 per 100ml,"Offer price £6, was £9",toiletries-beauty
John Frieda Profiller Thickening Shampoo,John Frieda Profiller Thickening Shampoo250ml,£6,£2.40 per 100ml,"Offer price £6, was £9",toiletries-beauty
John Frieda Sheer Blonde Colour Renew Conditioner,John Frieda Sheer Blonde Colour Renew Conditioner250ml,£4.66,£1.86 per 100ml,"Offer price £4.66, was £7",toiletries-beauty
John Frieda Sheer Blonde Colour Renew Shampoo,John Frieda Sheer Blonde Colour Renew Shampoo250ml,£4.66,£1.86 per 100ml,"Offer price £4.66, was £7",toiletries-beauty
John Frieda Sheer Blonde Go Blonder Lightening Conditioner,John Frieda Sheer Blonde Go Blond...250ml,£4.66,£1.86 per 100ml,"Offer price £4.66, was £7",toiletries-beauty
 John Frieda Sheer Blonde Go Blonder Shampoo, John Frieda Sheer Blonde Go Blonder Shampoo250ml,£4.66,£1.86 per 100ml,"Offer price £4.66, was £7",toiletries-beauty
John Frieda Violet Crush For Blondes Intensive Purple Shampoo,John Frieda Violet Crush For Blonde...250ml,£5.32,£2.13 per 100ml,"Offer price £5.32, was £8",toiletries-beauty
John Frieda Volume Lift Shampoo ,John Frieda Volume Lift Shampoo 250ml,£4,£1.60 per 100ml,"Offer price £4, was £6",toiletries-beauty
Johnson's Face Care Pampering Face Wipes,Johnson's Face Care Pampering Face Wipes25 per pack,£1.50,6p each,"Offer price £1.50, was £3",toiletries-beauty
Johnson's Face Care Refreshing Face Wipes,Johnson's Face Care Refreshing Face Wipes25 per pack,£1.50,6p each,"Offer price £1.50, was £3",toiletries-beauty
Joop Homme Aftershave,Joop Homme Aftershave75ml,£20,£26.67 per 100ml,,toiletries-beauty
Joop Homme Deodorant Spray  ,Joop Homme Deodorant Spray  75ml,£10,£13.33 per 100ml,,toiletries-beauty
Jungle Formula Insect Repellent Maximum Aerosol,Jungle Formula Insect Rep...125ml,£10,£8.00 per 100ml,,toiletries-beauty
Jungle Formula Maximum Insect Repellent Pump with DEET,Jungle Formula Maximum Insect R...90ml,£10,£111.11 per litre,,toiletries-beauty
Jungle Formula Outdoor & Camping Insect Repellent Factor,Jungle Formula Outdoor & Campin...90ml,£8,£88.89 per litre,,toiletries-beauty
Just For Men Beard & Moustache Medium Brown,Just For Men Beard & Moustache Medium Brown,£8.40,,,toiletries-beauty
Just For Men Control Gx Grey Reducing Shampoo With Aloe Vera,Just For Men Control Gx Grey Reduci...118ml,£9,£7.63 per 100ml,,toiletries-beauty
Just for Men Dark Brown / Black Hair Colour,Just for Men Dark Brown / Black Hair Colour,£6.75,,,toiletries-beauty
Just for Men for Natural Medium Brown Hair Colour,Just for Men for Natural Me...60ml,£6.75,£11.25 per 100ml,,toiletries-beauty
Just For Men Moustache & Beard Dark Brown - Black,Just For Men Moustache & Beard Dark Brown - Black,£8.40,,,toiletries-beauty
Just For Men Original Formula H-55 Real Black,Just For Men Original Formula H-55 Real Black,£6.75,,,toiletries-beauty
Keia Brightening Everything Oil Vitamin C,Keia Brightening Everything Oil Vitamin C100ml,£4.49,£4.49 per 100ml,,toiletries-beauty
Keia Brightening Serum,Keia Brightening Serum30ml,£4.49,£14.97 per 100ml,,toiletries-beauty
Keia Energising Body & Hand Cream Ginger,Keia Energising Body & Hand Cream Ginger75ml,£3.50,£4.67 per 100ml,,toiletries-beauty
Keia Energising Body Butter Ginger,Keia Energising Body Butter Ginger200ml,£3.50,£1.75 per 100ml,,toiletries-beauty
Keia Energising Body Mist Ginger,Keia Energising Body Mist Ginger100ml,£3.49,£3.49 per 100ml,,toiletries-beauty
Keia Energising Body Wash Ginger,Keia Energising Body Wash Ginger250ml,£2.50,£1.00 per 100ml,,toiletries-beauty
Keia Energising Bubble Bath Ginger ,Keia Energising Bubble Bath Ginger 250ml,£2.99,£1.20 per 100ml,,toiletries-beauty
Keia Energising Cleansing & Scrub Body Bar Ginger ,Keia Energising Cleansing & Scrub Body Bar Ginger 100g,£2.49,£2.49 per 100g,,toiletries-beauty
Keia Energising Shower Oil Ginger ,Keia Energising Shower Oil Ginger 200ml,£3.49,£1.75 per 100ml,,toiletries-beauty
Keia Hydrating Face Cleansing Bar,Keia Hydrating Face Cleansing Bar65g,£2.49,£3.83 per 100g,,toiletries-beauty
Keia Hydrating Face Mist,Keia Hydrating Face Mist50ml,£2.99,£5.98 per 100ml,,toiletries-beauty
Keia Moisturising Conditioner Argan Oil,Keia Moisturising Conditioner Argan Oil250ml,£2.99,£1.20 per 100ml,,toiletries-beauty
Keia Moisturising Conditioner Bar Argan Oil,Keia Moisturising Conditioner Bar Argan Oil65g,£2.99,£4.60 per 100g,,toiletries-beauty
Keia Moisturising Hair Mask Argan Oil,Keia Moisturising Hair Mask Argan Oil150ml,£3.99,£2.66 per 100ml,,toiletries-beauty
Keia Moisturising Shampoo Argan Oil,Keia Moisturising Shampoo Argan Oil250ml,£2.99,£1.20 per 100ml,,toiletries-beauty
Keia Moisturising Shampoo Bar Argan Oil ,Keia Moisturising Shampoo Bar Argan Oil 65g,£2.99,£4.60 per 100g,,toiletries-beauty
Keia Nourishing Body & Hand Cream Macadamia,Keia Nourishing Body & Hand Cream Macadamia75ml,£3.75,£5.00 per 100ml,,toiletries-beauty
Keia Nourishing Body Butter Macadamia,Keia Nourishing Body Butter Macadamia200ml,£3.50,£1.75 per 100ml,,toiletries-beauty
Keia Nourishing Body Wash Macadamia ,Keia Nourishing Body Wash Macadamia 250ml,£2.50,£1.00 per 100ml,,toiletries-beauty
Keia Nourishing Bubble Bath Macadamia,Keia Nourishing Bubble Bath Macadamia250ml,£2.99,£1.20 per 100ml,,toiletries-beauty
Keia Nourishing Cleansing & Scrub Body Bar Macadamia,Keia Nourishing Cleansing & S...100g,£2.49,£2.49 per 100g,,toiletries-beauty
Keia Nourishing Lip Balm ,Keia Nourishing Lip Balm 10ml,£2.75,£2.75 per 10ml,,toiletries-beauty
Keia Nourishing Shower Oil Macadamia ,Keia Nourishing Shower Oil Macadamia 200ml,£3.49,£1.75 per 100ml,,toiletries-beauty
Keia Purifying Cleansing & Scrub Bar,Keia Purifying Cleansing & Scrub Bar65g,£2.49,£3.83 per 100g,,toiletries-beauty
Keia Purifying Face Mask ,Keia Purifying Face Mask 100ml,£3.50,£3.50 per 100ml,,toiletries-beauty
Keia Purifying Toner,Keia Purifying Toner100ml,£2.99,£2.99 per 100ml,,toiletries-beauty
Keia Repairing Conditioner Orchid Extract ,Keia Repairing Conditioner Orchid Extract 250ml,£2.99,£1.20 per 100ml,,toiletries-beauty
Keia Repairing Hair Mask Orchid Extract ,Keia Repairing Hair Mask Orchid Extract 150ml,£3.99,£2.66 per 100ml,,toiletries-beauty
Keia Repairing Shampoo Orchid Extract ,Keia Repairing Shampoo Orchid Extract 250ml,£2.99,£1.20 per 100ml,,toiletries-beauty
Keia Reviving Body Mist Macadamia ,Keia Reviving Body Mist Macadamia 100ml,£3.49,£3.49 per 100ml,,toiletries-beauty
Keia Softening Conditioner Bar Coconut Oil ,Keia Softening Conditioner Bar Coconut Oil 65g,£2.99,£4.60 per 100g,,toiletries-beauty
Keia Softening Conditioner Coconut Oil,Keia Softening Conditioner Coconut Oil250ml,£2.99,£1.20 per 100ml,,toiletries-beauty
Keia Softening Hair Mask Coconut Oil,Keia Softening Hair Mask Coconut Oil150ml,£3.99,£2.66 per 100ml,,toiletries-beauty
Keia Softening Shampoo Bar Coconut Oil,Keia Softening Shampoo Bar Coconut Oil65g,£2.99,£4.60 per 100g,,toiletries-beauty
Keia Softening Shampoo Coconut Oil ,Keia Softening Shampoo Coconut Oil 250ml,£2.99,£1.20 per 100ml,,toiletries-beauty
Keia Soothing Body & Hand Cream ,Keia Soothing Body & Hand Cream 75ml,£3.75,£5.00 per 100ml,,toiletries-beauty
Keia Soothing Body Butter Lavender ,Keia Soothing Body Butter Lavender 200ml,£3.50,£1.75 per 100ml,,toiletries-beauty
Keia Soothing Body Mist Lavender ,Keia Soothing Body Mist Lavender 100ml,£3.49,£3.49 per 100ml,,toiletries-beauty
Keia Soothing Body Wash Lavender,Keia Soothing Body Wash Lavender250ml,£2.50,£1.00 per 100ml,,toiletries-beauty
Keia Soothing Bubble Bath Lavender,Keia Soothing Bubble Bath Lavender250ml,£2.99,£1.20 per 100ml,,toiletries-beauty
Keia Soothing Cleansing & Scrub Body Bar Lavender ,Keia Soothing Cleansing & Scrub Body Bar Lavender 100g,£2.49,£2.49 per 100g,,toiletries-beauty
Keia Soothing Pillow Mist ,Keia Soothing Pillow Mist 100ml,£3.99,£3.99 per 100ml,,toiletries-beauty
Keia Soothing Shower Oil Lavender,Keia Soothing Shower Oil Lavender200ml,£3.49,£1.75 per 100ml,,toiletries-beauty
Keia Universal Hydrating Face Cream,Keia Universal Hydrating Face Cream50ml,£4.49,£8.98 per 100ml,,toiletries-beauty
King C Gillette Beard and Face Wash,King C Gillette Beard and Face Wash350ml,£10,£2.86 per 100ml,,toiletries-beauty
King C Gillette Beard Oil,King C Gillette Beard Oil30ml,£10,£33.33 per 100ml,,toiletries-beauty
King C Gillette Beard Trimmer,King C Gillette Beard Trimmer,£30,,,toiletries-beauty
King C Gillette Double Edge Razor +5 Refill Blades,King C Gillette Double Edge...,£20,,,toiletries-beauty
King C Gillette Double Edge Razors Blades 10 Pack,King C Gillette Double Edge...,£5,,,toiletries-beauty
King C. Gillette Face & Stubble Moisturizer,King C. Gillette Face & Stubble Moisturizer100ml,£10,£10.00 per 100ml,,toiletries-beauty
King C Gillette Soft Beard Balm,King C Gillette Soft Beard Balm100ml,£10,£10.00 per 100ml,,toiletries-beauty
King C. Gillette Style Master Plus 3 Trimmers,King C. Gillette Style Master Plus 3 Trimmers,£40,,,toiletries-beauty
King C Gillette Transparent Shave Gel,King C Gillette Transparent Shave Gel150ml,£7,£4.67 per 100ml,,toiletries-beauty
King Of Shaves Antibacterial Shave Gel,King Of Shaves Antibacterial Shave Gel175ml,£4.50,£2.57 per 100ml,,toiletries-beauty
King Of Shaves Refillable Sensitive Advanced Shave Oil,King Of Shaves Refillable Sensi...30ml,£4.49,£14.97 per 100ml,"Offer price £4.49, was £5.99",toiletries-beauty
King Of Shaves Refillable Sensitive Shave Gel Aloe And Tea Tree ,King Of Shaves Refillable Sensitive S...250ml,£2.99,£1.20 per 100ml,,toiletries-beauty
Kleenex Allergy Comfort Tissues Water Fresh Wipes,Kleenex Allergy Comfort Tis...40 per pack,£2,5p each,,toiletries-beauty
L'Air Du Temps Edition Spray        ,L'Air Du Temps Edition Spray        30ml,£22.50,£75.00 per 100ml,,toiletries-beauty
lights by TENA Incontinence Liners,lights by TENA Incontinence Liners24 per pack,£1.90,7.9p each,"Offer price £1.90, was £2.25",toiletries-beauty
lights by TENA Incontinence Liners Duo,lights by TENA Incontinence Liners Duo48 per pack,£3.75,7.8p each,,toiletries-beauty
lights by TENA Light Incontinence Liners,lights by TENA Light Incontinence Liners28 per pack,£1.90,6.8p each,"Offer price £1.90, was £2.25",toiletries-beauty
lights by TENA Long Incontinence Liners,lights by TENA Long Incontinence Liners,£1.90,,"Offer price £1.90, was £2.25",toiletries-beauty
Lil-lets Regular Tampons,Lil-lets Regular Tampons16 per pack,£2.20,13.8p each,Buy 2 for £3.50,toiletries-beauty
Lil-lets Super Plus Extra Tampons,Lil-lets Super Plus Extra Tampons14 per pack,£2.20,15.7p each,Buy 2 for £3.50,toiletries-beauty
Lil-lets Super Plus Tampons,Lil-lets Super Plus Tampons,£2.20,,Buy 2 for £3.50,toiletries-beauty
Lil-lets Super Tampons,Lil-lets Super Tampons16 per pack,£2.20,13.8p each,Buy 2 for £3.50,toiletries-beauty
Lil-Lets Teens Ultra Towels Day,Lil-Lets Teens Ultra Towels Day,£1.25,,"Offer price £1.25, was £1.60",toiletries-beauty
Listerine Advanced Defence Gum Treatment Mouthwash ,Listerine Advanced Defence Gu...500ml,£3.80,76p per 100ml,"Offer price £3.80, was £5.50",toiletries-beauty
Listerine Advanced Nightly Reset Mouthwash,Listerine Advanced Nightly Reset Mouthwash400ml,£3.80,95.4p per 100ml,"Offer price £3.80, was £5.50",toiletries-beauty
Listerine Advanced White Milder Taste Mouthwash,Listerine Advanced White Milder Taste Mouthwash500ml,£3.80,76p per 100ml,"Offer price £3.80, was £5.50",toiletries-beauty
Listerine Cool Mint Milder Taste Mouthwash ,Listerine Cool Mint Milder Taste Mouthwash 500ml,£2,40p per 100ml,"Offer price £2, was £3.35",toiletries-beauty
Listerine Coolmint Mouthwash,Listerine Coolmint Mouthwash500ml,£2,40p per 100ml,"Offer price £2, was £3.35",toiletries-beauty
Listerine Fresh Burst Mouthwash,Listerine Fresh Burst Mouthwash500ml,£2,40p per 100ml,"Offer price £2, was £3.35",toiletries-beauty
Listerine Total Care 10 In One Mouthwash ,Listerine Total Care 10 In One Mouthwash 1L,£5,£5.00 per litre,"Offer price £5, was £6.50",toiletries-beauty
Listerine Total Care Milder Taste Mouthwash,Listerine Total Care Milder Taste Mouthwash500ml,£5,£1.00 per 100ml,,toiletries-beauty
Listerine Total Care Mouthwash,Listerine Total Care Mouthwash500ml,£5,£1.00 per 100ml,,toiletries-beauty
Listerine Total Care Mouthwash,Listerine Total Care Mouthwash95ml,£1.55,£1.63 per 100ml,,toiletries-beauty
Listerine Total Care Stay White Mouthwash,Listerine Total Care Stay White Mouthwash500ml,£5,£1.00 per 100ml,,toiletries-beauty
Listerine Total Care Teeth & Gum Mouthwash,Listerine Total Care Teeth & Gum Mouthwash500ml,£5,£1.00 per 100ml,,toiletries-beauty
Little Soap Company Naturals Citrus & Lavender Soap,Little Soap Company Naturals...100g,£2,20p per 10g,"Offer price £2, was £2.30",toiletries-beauty
L. O. L. Surprise! Bath And Shower Bubbles ,L. O. L. Surprise! Bath And Shower Bubbles 400ml,£2,50p per 100ml,,toiletries-beauty
L. O. L. Surprise! Colour Changing Bath Fizzer,L. O. L. Surprise! Colour Changing Bath Fizzer,£2.50,,,toiletries-beauty
L. O. L. Surprise! Magic Face Cloth,L. O. L. Surprise! Magic Face Cloth,£2,,,toiletries-beauty
Lol Surprise Bath Soap Goo,Lol Surprise Bath Soap Goo200ml,£3.50,£1.75 per 100ml,,toiletries-beauty
L'Oreal Age Perfect Day Cream ,L'Oreal Age Perfect Day Cream 50ml,£12.99,£25.98 per 100ml,,toiletries-beauty
L'Oreal Age Perfect Eye Cream ,L'Oreal Age Perfect Eye Cream 15ml,£12.99,£86.60 per 100ml,,toiletries-beauty
L'Oreal Age Perfect Golden Age Night Cream,L'Oreal Age Perfect Golden Age Night Cream50ml,£7.99,£15.98 per 100ml,,toiletries-beauty
L'Oreal Age Perfect Golden Age Rosy Radiant Cream Eye,L'Oreal Age Perfect Golden Ag...15ml,£7.99,£53.27 per 100ml,,toiletries-beauty
L'Oreal Age Perfect Night Pot ,L'Oreal Age Perfect Night Pot 50ml,£12.99,£25.98 per 100ml,,toiletries-beauty
L'Oreal Age Perfect Toner ,L'Oreal Age Perfect Toner 200ml,£5,£2.50 per 100ml,,toiletries-beauty
L'Oreal Age Perfect Wipes ,L'Oreal Age Perfect Wipes 25 per pack,£5,20p each,,toiletries-beauty
L'Oreal Barberclub Shower Gel,L'Oreal Barberclub Shower Gel300ml,£1.95,65.2p per 100ml,"Offer price £1.95, was £3.95",toiletries-beauty
L'Oreal Dermo Expertise Age Perfect Cleanser ,L'Oreal Dermo Expertise Age Perfect Cleanser 200ml,£5,£2.50 per 100ml,,toiletries-beauty
 L'Oreal Elnett Strong Hairspray , L'Oreal Elnett Strong Hairspray 75ml,£3,£4.00 per 100ml,,toiletries-beauty
L'Oreal Elvive Aminexil Conditioner,L'Oreal Elvive Aminexil Conditioner300ml,£3.50,£1.17 per 100ml,"Offer price £3.50, was £7",toiletries-beauty
L'Oreal Elvive Aminexil Shampoo,L'Oreal Elvive Aminexil Shampoo400ml,£3.50,87.5p per 100ml,"Offer price £3.50, was £7",toiletries-beauty
L'Oreal Elvive Bond Repair Conditioner,L'Oreal Elvive Bond Repair Conditioner150ml,£6,£4.00 per 100ml,"Offer price £6, was £12",toiletries-beauty
L'Oreal Elvive Bond Repair Pre Shampoo,L'Oreal Elvive Bond Repair Pre Shampoo200ml,£7.50,£3.75 per 100ml,"Offer price £7.50, was £15",toiletries-beauty
L'Oreal Elvive Bond Repair Shampoo,L'Oreal Elvive Bond Repair Shampoo200ml,£6,£3.00 per 100ml,"Offer price £6, was £12",toiletries-beauty
L'Oreal Elvive Colour Protect Intensive Purple Mask 250ml,L'Oreal Elvive Colour Protect Int...250ml,£3.50,£1.40 per 100ml,"Offer price £3.50, was £6",toiletries-beauty
L'Oreal Elvive Colour Protect More Than Shampoo,L'Oreal Elvive Colour Pro...200ml,£7,£3.50 per 100ml,,toiletries-beauty
L' Oreal Elvive Colour Protect Purple Conditioner ,L' Oreal Elvive Colour Protect Purple Conditioner 150ml,£3,£2.00 per 100ml,"Offer price £3, was £5.50",toiletries-beauty
L' Oreal Elvive Colour Protect Purple Shampoo ,L' Oreal Elvive Colour Protect Purple Shampoo 200ml,£3,£1.50 per 100ml,"Offer price £3, was £6",toiletries-beauty
LOreal Elvive Colour Protect Shampoo ,LOreal Elvive Colour Protect Shampoo 400ml,£3,75p per 100ml,"Offer price £3, was £6",toiletries-beauty
L'Oreal Elvive Colour Protect Wonder Water ,L'Oreal Elvive Colour Protect Wonder Water 200ml,£5,£2.50 per 100ml,"Offer price £5, was £10",toiletries-beauty
L'Oreal Elvive Dream Lengths Conditioner,L'Oreal Elvive Dream Lengths Conditioner200ml,£3,£1.50 per 100ml,Buy 2 for £4,toiletries-beauty
L'Oreal Elvive Dream Lengths Conditioner,L'Oreal Elvive Dream Lengths Conditioner300ml,£3,£1.00 per 100ml,"Offer price £3, was £6",toiletries-beauty
L'Oreal Elvive Dream Lengths More Than Shampoo,L'Oreal Elvive Dream Leng...200ml,£7,£3.50 per 100ml,,toiletries-beauty
L'Oreal Elvive Dream Lengths Wonder Water,L'Oreal Elvive Dream Lengths Wonder Water200ml,£5,£2.50 per 100ml,"Offer price £5, was £10",toiletries-beauty
 L'Oreal Elvive Extraordinary Oil Nourishing Shampoo, L'Oreal Elvive Extraordinary...250ml,£3,£1.20 per 100ml,Buy 2 for £4,toiletries-beauty
L'Oreal Elvive Extraordinary Oil Nourishing Shampoo,L'Oreal Elvive Extraordinary...400ml,£3,75p per 100ml,"Offer price £3, was £6",toiletries-beauty
L'Oreal Elvive Extraordinary Oils Conditioner,L'Oreal Elvive Extraordin...200ml,£3,£1.50 per 100ml,Buy 2 for £4,toiletries-beauty
LOreal Elvive Extraordinary Oil Shampoo,LOreal Elvive Extraor...400ml,£3,75p per 100ml,"Offer price £3, was £6",toiletries-beauty
L'Oreal Elvive Extraordinary Shampoo,L'Oreal Elvive Extraordinary Shampoo400ml,£3,75p per 100ml,"Offer price £3, was £6",toiletries-beauty
L'Oreal Elvive Fibrology Conditioner,L'Oreal Elvive Fibrology Conditioner200ml,£3,£1.50 per 100ml,Buy 2 for £4,toiletries-beauty
L'Oreal Elvive Fibrology Shampoo ,L'Oreal Elvive Fibrology Shampoo 250ml,£3,£1.20 per 100ml,Buy 2 for £4,toiletries-beauty
L'Oreal Elvive Fibrology Shampoo,L'Oreal Elvive Fibrology Shampoo400ml,£3,75p per 100ml,"Offer price £3, was £6",toiletries-beauty
L'Oreal Elvive Full Restore 5 Shampoo ,L'Oreal Elvive Full Restore 5 Shampoo 400ml,£3,75p per 100ml,"Offer price £3, was £6",toiletries-beauty
L'Oreal Elvive Mens Anti Dandruff Shampoo,L'Oreal Elvive Mens Anti Dandruff Shampoo400ml,£6,£1.50 per 100ml,,toiletries-beauty
L'Oreal Elvive Nutri Gloss Conditioner,L'Oreal Elvive Nutri Gloss Conditioner200ml,£3,£1.50 per 100ml,Buy 2 for £4,toiletries-beauty
L' Oreal Elvive Reviver Colour Protect ,L' Oreal Elvive Reviver Colour Protect 180ml,£3,£1.67 per 100ml,"Offer price £3, was £6",toiletries-beauty
L' Oreal Elvive Reviver Dream Lengths ,L' Oreal Elvive Reviver Dream Lengths 180ml,£3,£1.67 per 100ml,"Offer price £3, was £6",toiletries-beauty
L' Oreal Elvive Reviver Extr Oils ,L' Oreal Elvive Reviver Extr Oils 180ml,£3,£1.67 per 100ml,"Offer price £3, was £6",toiletries-beauty
L'oreal Excellence Creme Blonde Beige 7.31,L'oreal Excellence Creme Blonde Beige 7.31,£10,,Buy 2 for £13,toiletries-beauty
L'oreal Excellence Creme Rich Auburn 5.6,L'oreal Excellence Creme Rich Auburn 5.6,£10,,Buy 2 for £13,toiletries-beauty
 L'Oreal Kids Strawberry Conditioner, L'Oreal Kids Strawberry Conditioner250ml,£2.40,96p per 100ml,"Offer price £2.40, was £3",toiletries-beauty
 L'Oreal Kids Strawberry Shampoo, L'Oreal Kids Strawberry Shampoo250ml,£2.40,96p per 100ml,"Offer price £2.40, was £3",toiletries-beauty
L'Oreal  Kids Tropical Mango Shampoo,L'Oreal  Kids Tropical Mango Shampoo250ml,£2.40,96p per 100ml,"Offer price £2.40, was £3",toiletries-beauty
L'Oreal Laser Renew Revitalift Serum,L'Oreal Laser Renew Revitalift Serum30ml,£28,£93.33 per 100ml,,toiletries-beauty
L'Oreal Magic Retouch Black ,L'Oreal Magic Retouch Black 73g,£6,£8.22 per 100g,"Offer price £6, was £10",toiletries-beauty
L'Oreal Magic Retouch Brown ,L'Oreal Magic Retouch Brown 73g,£6,£8.22 per 100g,"Offer price £6, was £10",toiletries-beauty
L'Oreal Magic Retouch Dark Blonde ,L'Oreal Magic Retouch Dark Blonde 73g,£6,£8.22 per 100g,"Offer price £6, was £10",toiletries-beauty
L'Oreal Magic Retouch Dark Brown ,L'Oreal Magic Retouch Dark Brown 73g,£6,£8.22 per 100g,"Offer price £6, was £10",toiletries-beauty
L'Oreal Magic Retouch Dark Iced Brown ,L'Oreal Magic Retouch Dark Iced Brown 75ml,£6,£8.00 per 100ml,"Offer price £6, was £10",toiletries-beauty
L'Oreal Magic Retouch Light Golden Blonde ,L'Oreal Magic Retouch Light Golden Blonde 73g,£6,£8.22 per 100g,"Offer price £6, was £10",toiletries-beauty
L'Oreal Magic Retouch Medium Iced Brown ,L'Oreal Magic Retouch Medium Iced Brown 75ml,£6,£8.00 per 100ml,"Offer price £6, was £10",toiletries-beauty
L'Oreal Men Carbon Intense,L'Oreal Men Carbon Intense250ml,£3,£1.20 per 100ml,,toiletries-beauty
L'Oreal Men Expert Hydra Energetic Anti-Fatigue Moisturiser,L'Oreal Men Expert Hydra Energeti...50ml,£8,£16.00 per 100ml,,toiletries-beauty
L'Oreal Men Expert Hydra Energetic Daily Moisturiser,L'Oreal Men Expert Hydra Energetic Daily Moisturiser50ml,£8,£16.00 per 100ml,,toiletries-beauty
L' Oreal Men Expert Hydra Energetic Deep Exfoliating Face Scrub ,L' Oreal Men Expert Hydra Energetic D...100ml,£4.75,£4.75 per 100ml,,toiletries-beauty
L'Oreal Men Expert Hydra Energetic Shower Gel,L'Oreal Men Expert Hydra Energetic Shower Gel300ml,£1.95,65.2p per 100ml,"Offer price £1.95, was £3.95",toiletries-beauty
L' Oreal Men Expert Hydra Energetic Wash ,L' Oreal Men Expert Hydra Energetic Wash 100ml,£4.75,£4.75 per 100ml,,toiletries-beauty
L'Oreal Men Expert Invincible Sport Deodorant,L'Oreal Men Expert Invincible Sport Deodorant250ml,£3,£1.20 per 100ml,,toiletries-beauty
L'Oreal Men Expert Magnesium Moisturiser,L'Oreal Men Expert Magnesium Moisturiser50ml,£10,£20.00 per 100ml,,toiletries-beauty
L'Oreal Men Expert Pure Carbon Anti-Spot Daily Care Moisturiser ,L'Oreal Men Expert Pure Carbon Anti-S...50ml,£8,£16.00 per 100ml,,toiletries-beauty
L' Oreal Men Expert Pure Charcoal Wash ,L' Oreal Men Expert Pure Charcoal Wash 100ml,£5,£5.00 per 100ml,,toiletries-beauty
L' Oreal Men Expert Stress Resist Body Face Hair Wash,L' Oreal Men Expert Stress Re...300ml,£1.95,65.2p per 100ml,"Offer price £1.95, was £3.95",toiletries-beauty
L'Oreal Men Expert Thermic Resistance Anti-Perspirant,L'Oreal Men Expert Thermic Re...250ml,£3,£1.20 per 100ml,,toiletries-beauty
L'Oreal Men Expert Total Clean Shower Gel,L'Oreal Men Expert Total Clean Shower Gel300ml,£1.95,65.2p per 100ml,"Offer price £1.95, was £3.95",toiletries-beauty
L'Oreal Men Expert Vita Lift 5 Moisture,L'Oreal Men Expert Vita Lift 5 Moisture50ml,£12,£24.00 per 100ml,,toiletries-beauty
L'Oreal Paris Age Perfect Golden Age Rosy Re-Fortifying Day Cream 50Ml,L'Oreal Paris Age Perfect Gol...50ml,£7.99,£15.98 per 100ml,,toiletries-beauty
L'Oreal Paris Age Re-Fortifying Cream Spf 15 ,L'Oreal Paris Age Re-Fortifying Cream Spf 15 50ml,£7.99,£15.98 per 100ml,,toiletries-beauty
L'Oreal Paris Anti-Wrinkle Expert Cream 35+,L'Oreal Paris Anti-Wrinkle Expert Cream 35+50ml,£5,£10.00 per 100ml,"Offer price £5, was £10",toiletries-beauty
L'Oreal Paris Casting Creme Gloss 5102 Cool Mocha,L'Oreal Paris Casting Creme...,£7.50,,,toiletries-beauty
L'Oreal Paris Casting Creme Gloss Black Cherry Semi Permanent             ,L'Oreal Paris Casting Creme Gloss Black Che...,£10,,Buy 2 for £14,toiletries-beauty
L'Oreal Paris Casting Creme Gloss Chocolate Brown 535 Semi-Permanent,L'Oreal Paris Casting Creme G...,£10,,Buy 2 for £14,toiletries-beauty
L'Oreal Paris Casting Creme Gloss Dark Brown 400 Semi-Permanent Hair Dye,L'Oreal Paris Casting Creme Glo...,£10,,Buy 2 for £14,toiletries-beauty
L'Oreal Paris Casting Creme Gloss Darkest Brown Semi Permanent         ,L'Oreal Paris Casting Creme Gloss Darkest...,£10,,Buy 2 for £14,toiletries-beauty
L'Oreal Paris Casting Creme Gloss Ebony Black 200 Semi-Permanent Hair Dye ,L'Oreal Paris Casting Creme Glo...,£10,,Buy 2 for £14,toiletries-beauty
L'Oreal Paris Casting Creme Gloss Light Brown 600 Semi-Permanent Hair Dye ,L'Oreal Paris Casting Creme Glo...,£10,,Buy 2 for £14,toiletries-beauty
L'Oreal Paris Casting Creme Gloss Medium Brown 500 Semi-Permanent Hair Dye0,L'Oreal Paris Casting Creme Glo...,£10,,Buy 2 for £14,toiletries-beauty
L'Oreal Paris Casting Creme Gloss Plum 316 Semi-Permanent Hair Dye,L'Oreal Paris Casting Creme Gloss Plum...,£10,,Buy 2 for £14,toiletries-beauty
L'Oreal Paris Elvive Colour Protect Travel Shampoo ,L'Oreal Paris Elvive Colour Protect Travel Shampoo 90ml,£2.15,£2.39 per 100ml,,toiletries-beauty
L' Oreal Paris Elvive Dream Length No Haircut Cream,L' Oreal Paris Elvive Dream L...200ml,£4,£2.00 per 100ml,"Offer price £4, was £6",toiletries-beauty
L' Oreal Paris Elvive Dream Length Restoring Shampoo,L' Oreal Paris Elvive Dream L...400ml,£3,75p per 100ml,"Offer price £3, was £6",toiletries-beauty
 L'Oreal Paris Elvive Dream Length Shampoo, L'Oreal Paris Elvive Dream Length Shampoo250ml,£3,£1.20 per 100ml,Buy 2 for £4,toiletries-beauty
L'Oreal Paris Elvive Hyaluronic Conditioner,L'Oreal Paris Elvive Hyaluronic Conditioner300ml,£3.50,£1.17 per 100ml,"Offer price £3.50, was £7",toiletries-beauty
L'Oreal Paris Elvive Hyaluronic Shampoo,L'Oreal Paris Elvive Hyaluronic Shampoo250ml,£3.50,£1.40 per 100ml,Buy 2 for £5,toiletries-beauty
L'Oreal Paris Excellence Creme Natural Baby Blonde 10 Permanent Hair Dye,L'Oreal Paris Excellence Creme...,£10,,Buy 2 for £13,toiletries-beauty
L'Oreal Paris Excellence Creme Natural Blonde 8.0 Permanent Hair Dye,L'Oreal Paris Excellence Creme Natural...,£10,,Buy 2 for £13,toiletries-beauty
L'Oreal Paris Excellence Creme Natural Brown 5 Permanent Hair Dye      ,L'Oreal Paris Excellence Creme Natural Br...,£10,,Buy 2 for £13,toiletries-beauty
L'Oreal Paris Excellence Creme Natural Dark Blonde 7 Permanent Hair Dye,L'Oreal Paris Excellence Crem...,£10,,Buy 2 for £13,toiletries-beauty
L'Oreal Paris Excellence Creme Natural Darkest Brown 3 Permanent Hair Dye,L'Oreal Paris Excellence Creme...,£10,,Buy 2 for £13,toiletries-beauty
L'Oreal Paris Excellence Creme Natural Light Golden Blonde 9.3 Permanent3,L'Oreal Paris Excellence Creme...,£10,,Buy 2 for £13,toiletries-beauty
L'Oreal Paris Men Expert Shirt Protect Deodorant,L'Oreal Paris Men Expert Shirt Protect Deodorant250ml,£3,£1.20 per 100ml,,toiletries-beauty
L' Oreal Paris Pure Clay Blemish Rescue Mask,L' Oreal Paris Pure Clay Blemish Rescue Mask50ml,£8,£16.00 per 100ml,,toiletries-beauty
L'Oreal Paris Revitalift Filler Anti-Wrinkle Serum,L'Oreal Paris Revitalift Filler Anti-Wrinkle Serum30ml,£16.66,£55.53 per 100ml,"Offer price £16.66, was £25",toiletries-beauty
L'Oreal Paris Revitalift Serum ,L'Oreal Paris Revitalift Serum 30ml,£13,£43.33 per 100ml,,toiletries-beauty
L'Oreal Paris Wrinkle Expert Anti-Wrinkle Hydrating Day Cream 55+ ,L'Oreal Paris Wrinkle Expert Anti-Wrink...50ml,£5,£10.00 per 100ml,"Offer price £5, was £10",toiletries-beauty
L'Oreal Paris Wrinkle Expert Firming Day Cream 45+ ,L'Oreal Paris Wrinkle Expert...50ml,£5,£10.00 per 100ml,"Offer price £5, was £10",toiletries-beauty
L'Oreal Preference Baikal 9.13,L'Oreal Preference Baikal 9.13,£12,,Buy 2 for £16,toiletries-beauty
L'Oreal Preference Brasilia 3,L'Oreal Preference Brasilia 3,£12,,Buy 2 for £16,toiletries-beauty
L'Oreal Preference Bruges 5.0,L'Oreal Preference Bruges 5.0,£12,,Buy 2 for £16,toiletries-beauty
L'Oreal Preference California 8,L'Oreal Preference California 8,£12,,Buy 2 for £16,toiletries-beauty
L'Oreal Preference Florida 7.3,L'Oreal Preference Florida 7.3,£12,,Buy 2 for £16,toiletries-beauty
L'Oreal Preference Prague 01,L'Oreal Preference Prague 01,£12,,Buy 2 for £16,toiletries-beauty
L'Oreal Preference Stockholm 10.21,L'Oreal Preference Stockholm 10.21,£12,,Buy 2 for £16,toiletries-beauty
L'Oreal Preference Ultra Platinum,L'Oreal Preference Ultra Platinum,£12,,Buy 2 for £16,toiletries-beauty
L'Oreal Preference Virginia 5.3,L'Oreal Preference Virginia 5.3,£12,,Buy 2 for £16,toiletries-beauty
L'Oreal Pure Clay Detox Mask,L'Oreal Pure Clay Detox Mask50ml,£8,£16.00 per 100ml,,toiletries-beauty
L'Oreal Pure Clay Glow Mask ,L'Oreal Pure Clay Glow Mask 50ml,£8,£1.60 per 10ml,,toiletries-beauty
L'Oreal Revitalift Day Cream SPF 30 ,L'Oreal Revitalift Day Cream SPF 30 50ml,£13,£26.00 per 100ml,,toiletries-beauty
L'Oreal Revitalift Filler Day Cream 50Ml,L'Oreal Revitalift Filler Day Cream 50Ml50ml,£13.33,£26.66 per 100ml,"Offer price £13.33, was £20",toiletries-beauty
L'Oreal Revitalift Filler Replumping Micellar Cleansing Water ,L'Oreal Revitalift Filler Replumpin...200ml,£5.33,£2.67 per 100ml,,toiletries-beauty
L'Oreal Revitalift Filler Replumping Toner ,L'Oreal Revitalift Filler Replumping Toner 200ml,£5.33,£2.67 per 100ml,,toiletries-beauty
L'Oreal Revitalift Hydrating Cream Fragrance Free ,L'Oreal Revitalift Hydratin...50ml,£13,£26.00 per 100ml,,toiletries-beauty
L'Oreal Revitalift Hydrating Day Cream Pot ,L'Oreal Revitalift Hydrating Day Cream Pot 50ml,£13,£26.00 per 100ml,,toiletries-beauty
L'Oreal Revitalift Hydrating Eyes ,L'Oreal Revitalift Hydrating Eyes 15ml,£13,£86.67 per 100ml,,toiletries-beauty
L'Oreal Revitalift Night Pot ,L'Oreal Revitalift Night Pot 50ml,£13,£26.00 per 100ml,,toiletries-beauty
L'Oreal The Replumping Mask Revitalift Filler Tissue Mask,L'Oreal The Replumping Mask Revit...,£5,,,toiletries-beauty
L'Oreal Triple Active Day Cream ,L'Oreal Triple Active Day Cream 50ml,£4.50,£9.00 per 100ml,,toiletries-beauty
L'Oreal Triple Active Day Sensitive ,L'Oreal Triple Active Day Sensitive 50ml,£4.50,£9.00 per 100ml,,toiletries-beauty
L'Oreal Triple Active Night Cream ,L'Oreal Triple Active Night Cream 50ml,£4.50,£9.00 per 100ml,,toiletries-beauty
L'Oreal Wrinkle Expert 55+ Night Cream ,L'Oreal Wrinkle Expert 55+ Night Cream 50ml,£5,£10.00 per 100ml,"Offer price £5, was £10",toiletries-beauty
L'Oreal Wrinkle Expert Fortifying Care Day 65+,L'Oreal Wrinkle Expert Fortifying Care Day 65+50ml,£5,£10.00 per 100ml,,toiletries-beauty
L'Oreal Wrinkle Expert Intensive Care Night 65+,L'Oreal Wrinkle Expert Intensive Care Night 65+50ml,£5,£10.00 per 100ml,,toiletries-beauty
L'Oreal Wrinkle Expert Spf 20 45+ Day Cream,L'Oreal Wrinkle Expert Spf 20 45+ Day Cream50ml,£5,£10.00 per 100ml,,toiletries-beauty
L'OrÃ©al Elnett Normal Hairspray,L'OrÃ©al Elnett Normal Hairspray400ml,£7.50,£1.88 per 100ml,,toiletries-beauty
L'OrÃ©al Elnett Normal Strength,L'OrÃ©al Elnett Normal Strength200ml,£3.50,£1.75 per 100ml,"Offer price £3.50, was £4.50",toiletries-beauty
L'OrÃ©al Elnett Normal Strength Hairspray,L'OrÃ©al Elnett Normal Strength Hairspray75ml,£3,£4.00 per 100ml,,toiletries-beauty
L'OrÃ©al Elvive NutriGloss Shine Shampoo ,L'OrÃ©al Elvive NutriGloss Shine Shampoo 250ml,£3,£1.20 per 100ml,Buy 2 for £4,toiletries-beauty
Lyclear Extra Strong Shampoo,Lyclear Extra Strong Shampoo200ml,£16,£8.00 per 100ml,,toiletries-beauty
Lynx Africa Anti-perspirant Deodorant Roll On,Lynx Africa Anti-perspira...50ml,£1.20,£2.40 per 100ml,"Offer price £1.20, was £2",toiletries-beauty
Lynx  Africa Anti-perspirant Deodorant Spray for Men,Lynx  Africa Anti-perspirant...150ml,£2.50,£1.67 per 100ml,,toiletries-beauty
Lynx Africa Anti Sweat Antiperspirant,Lynx Africa Anti Sweat Antiperspirant250ml,£5,£2.00 per 100ml,,toiletries-beauty
Lynx Africa Body Spray Deodorant,Lynx Africa Body Spray Deodorant250ml,£5,£2.00 per 100ml,,toiletries-beauty
Lynx Africa Body Spray Deodorant Aerosol,Lynx Africa Body Spray Deodorant Aerosol150ml,£2.50,£1.67 per 100ml,,toiletries-beauty
Lynx Africa Bodywash,Lynx Africa Bodywash225ml,£1.25,55.6p per 100ml,,toiletries-beauty
Lynx Africa Shower Gel,Lynx Africa Shower Gel500ml,£2.75,55p per 100ml,,toiletries-beauty
Lynx All Stars Trio Gift Set,Lynx All Stars Trio Gift Set600g,£14,£2.33 per 100g,,toiletries-beauty
Lynx Attract For Him Body Spray Deodorant Aerosol,Lynx Attract For Him Body Spray Deodorant Aerosol150ml,£2.50,£1.67 per 100ml,,toiletries-beauty
Lynx  Black Anti-perspirant Deodorant Spray for Men,Lynx  Black Anti-perspirant Deodorant Spray for Men150ml,£2.50,£1.67 per 100ml,,toiletries-beauty
Lynx Black Shower Gel,Lynx Black Shower Gel500ml,£2.75,55p per 100ml,,toiletries-beauty
Lynx Body Spray AI Limited Edition,Lynx Body Spray AI Limited Edition200ml,£4,£2.00 per 100ml,,toiletries-beauty
Lynx Bodyspray Black,Lynx Bodyspray Black250ml,£5,£2.00 per 100ml,,toiletries-beauty
Lynx Collision Body Spray,Lynx Collision Body Spray250ml,£5,£2.00 per 100ml,,toiletries-beauty
Lynx Collision Leather + Cookies Anti-Perspirant Dry,Lynx Collision Leather + Cook...150ml,£2.50,£1.67 per 100ml,,toiletries-beauty
Lynx Collision Leather + Cookies Body Spray For Men,Lynx Collision Leather + Cook...150ml,£2.50,£1.67 per 100ml,,toiletries-beauty
Lynx Epic Anti Perspirant Deodorant Spray,Lynx Epic Anti Perspirant Deodorant Spray250ml,£5,£2.00 per 100ml,,toiletries-beauty
Lynx Epic Fresh Grapefruit & Pineapple Scent Body Spray For Men ,Lynx Epic Fresh Grapefruit & Pineappl...150ml,£2.50,£1.67 per 100ml,,toiletries-beauty
Lynx Epic Fresh Grapefruit & Tropical Pineapple ,Lynx Epic Fresh Grapefruit & Tropical Pineapple 150ml,£2.50,£1.67 per 100ml,,toiletries-beauty
Lynx Epic Fresh Shower Gel,Lynx Epic Fresh Shower Gel500ml,£2.75,55p per 100ml,,toiletries-beauty
Lynx Excite Body Spray Deodorant,Lynx Excite Body Spray Deodorant250ml,£5,£2.00 per 100ml,,toiletries-beauty
Lynx Excite Body Spray Deodorant For Men,Lynx Excite Body Spray Deodorant For Men150ml,£2.50,£1.67 per 100ml,,toiletries-beauty
Lynx Gold Body Spray Deodorant For Men,Lynx Gold Body Spray Deodorant For Men150ml,£2.50,£1.67 per 100ml,,toiletries-beauty
Lynx Grapefruit & Tropical Pineapple Scent Body Spray For Men,Lynx Grapefruit & Tropical Pineappl...250ml,£5,£2.00 per 100ml,,toiletries-beauty
Lynx Grapefruit & Tropical Pineapple Scent Deodorant Roll On Men ,Lynx Grapefruit & Tropical Pineapple...50ml,£1.20,£2.40 per 100ml,"Offer price £1.20, was £2",toiletries-beauty
Lynx Ice Chill Body Spray For Men,Lynx Ice Chill Body Spray For Men150ml,£2.50,£1.67 per 100ml,,toiletries-beauty
Lynx Ice Chill Body Spray For Men,Lynx Ice Chill Body Spray For Men250ml,£5,£2.00 per 100ml,,toiletries-beauty
Lynx Shower Gel Black,Lynx Shower Gel Black225ml,£1.25,55.6p per 100ml,,toiletries-beauty
Lynx Shower Gel Dark Temptation ,Lynx Shower Gel Dark Temptation 225ml,£1.25,55.6p per 100ml,,toiletries-beauty
Lynx Shower Gel Excite,Lynx Shower Gel Excite225ml,£1.25,55.6p per 100ml,,toiletries-beauty
Lynx Shower Gel Ice Chill ,Lynx Shower Gel Ice Chill 225ml,£1.25,55.6p per 100ml,,toiletries-beauty
Marvel Spider - Man Bath & Shower Bubbles ,Marvel Spider - Man Bath & Shower Bubbles 400ml,£2,50p per 100ml,,toiletries-beauty
Marvel Spider - Man Magic Face Cloth,Marvel Spider - Man Magic Face Cloth,£2,,,toiletries-beauty
Matey Max Bubble Bath,Matey Max Bubble Bath500ml,£2,40p per 100ml,,toiletries-beauty
Maui Moisture Coconut Oil Conditioner,Maui Moisture Coconut Oil Conditioner385ml,£9,£2.34 per 100ml,,toiletries-beauty
Maui Moisture Coconut Oil Shampoo ,Maui Moisture Coconut Oil Shampoo 385ml,£9,£2.34 per 100ml,,toiletries-beauty
Maybelline Color Sensational Lipstick Red For Me,Maybelline Color Sensationa...,£4,,,toiletries-beauty
Maybelline Fit Mematte & Poreless 365 Espresso,Maybelline Fit Mematte & Poreless 365 Espresso30ml,£4,£13.33 per 100ml,,toiletries-beauty
Maybelline Superstay Matte Ink Lip Gloss 35 Creator 5ML,Maybelline Superstay Matte Ink...,£5,,,toiletries-beauty
Maybelline Tattoo Brow Gel Black/Brown,Maybelline Tattoo Brow Gel Black/Brown,£6,,,toiletries-beauty
Maybelline Vivid Hot Lacquer 82 Slay It Lip Gloss,Maybelline Vivid Hot Lacque...8ml,£4,£5.00 per 10ml,,toiletries-beauty
Men Expert Deodorant Fresh Extreme,Men Expert Deodorant Fresh Extreme250ml,£3,£1.20 per 100ml,,toiletries-beauty
Method Botanical Garden Foaming Hand Wash,Method Botanical Garden Foaming Hand Wash300ml,£3.25,£1.08 per 100ml,,toiletries-beauty
Method Hibiscus Berry Foaming Hand Wash,Method Hibiscus Berry Foaming Hand Wash300ml,£3.25,£1.08 per 100ml,,toiletries-beauty
Method Limited Edition Botanical Garden Hand Wash,Method Limited Edition Bota...354ml,£2.75,77.7p per 100ml,,toiletries-beauty
Missguided Babe Power ,Missguided Babe Power 80ml,£28,£35.00 per 100ml,,toiletries-beauty
Mitchum 48Hr Protection Clean Control Anti-Perspirant & Deodorant,Mitchum 48Hr Protection Clean Control...200ml,£3,£1.50 per 100ml,,toiletries-beauty
Mitchum Advanced Control Women Shower Fresh Anti-Perspirant & Deodorant,Mitchum Advanced Control Wome...100ml,£3,£3.00 per 100ml,,toiletries-beauty
Mitchum Anti-Perspirent Ice Fresh Roll On,Mitchum Anti-Perspirent Ice Fresh Roll On100ml,£3,£3.00 per 100ml,,toiletries-beauty
Mitchum Clear Fresh Invisible Roll On ,Mitchum Clear Fresh Invisible Roll On 100ml,£3,£3.00 per 100ml,,toiletries-beauty
Mitchum Endurance Men Ice Fresh Anti-Perspirant & Deodorant,Mitchum Endurance Men Ice Fresh A...200ml,£3,£1.50 per 100ml,,toiletries-beauty
Mitchum Invisible Men Pure Energy Antiperspirant & Deodorant ,Mitchum Invisible Men Pur...200ml,£3,£1.50 per 100ml,,toiletries-beauty
Mitchum Invisible Women Clear Fresh Antiperspirant & Deodorant ,Mitchum Invisible Women Clear Fresh A...200ml,£3,£1.50 per 100ml,,toiletries-beauty
Mitchum Powder Fresh Anti-Perspirant Deodorant Powder Fresh ,Mitchum Powder Fresh Anti-Perspiran...200ml,£3,£1.50 per 100ml,,toiletries-beauty
Mitchum Powder Fresh Control Stick ,Mitchum Powder Fresh Control Stick 41g,£3,£7.32 per 100g,,toiletries-beauty
Mitchum Shower Fresh Antiperspirant Deodorant ,Mitchum Shower Fresh Antiperspirant Deodorant 200ml,£3,£1.50 per 100ml,,toiletries-beauty
Mitchum Ultimate 48 HR Protection Clean Control Deodorant,Mitchum Ultimate 48 HR Protection...45g,£5,£11.11 per 100g,,toiletries-beauty
Mitchum Women Pure Fresh Deodorant,Mitchum Women Pure Fresh Deodorant200ml,£3,£1.50 per 100ml,,toiletries-beauty
Modest Ego Hair Mask No 1,Modest Ego Hair Mask No 120ml,£8,£40.00 per 100ml,,toiletries-beauty
Modest Ego Hair Mask No 3 ,Modest Ego Hair Mask No 3 20ml,£8,£40.00 per 100ml,,toiletries-beauty
Morrisons 0.5mm Interdental Brushes ,Morrisons 0.5mm Interdental Brushes 6 per pack,£2.25,37.5p each,,toiletries-beauty
Morrisons 0.7mm Interdental Brushes,Morrisons 0.7mm Interdental Brushes6 per pack,£2.25,37.5p each,,toiletries-beauty
Morrisons 12 Comfort Pads Normal,Morrisons 12 Comfort Pads Normal12 per pack,£1.65,13.8p each,,toiletries-beauty
Morrisons 20 Small Interspace Brushes,Morrisons 20 Small Interspace Brushes,£2,,,toiletries-beauty
Morrisons 2 In 1 Anti-Dandruff Shampoo & Conditioner,Morrisons 2 In 1 Anti-Dandruf...500ml,£1.80,36p per 100ml,,toiletries-beauty
Morrisons 3 in 1 Buffer,Morrisons 3 in 1 Buffer,£3,,,toiletries-beauty
"Morrisons 3 In 1 Shampoo, Conditioner & Shower Gel","Morrisons 3 In 1 Shampoo, Conditioner & Shower Gel300ml",£1,33.3p per 100ml,,toiletries-beauty
Morrisons 3Ply   Cosmetic Facial  Tissues ,Morrisons 3Ply   Cosmetic Facial  Tissues 56 per pack,£1.69,3p each,"Offer price £1.69, was £1.90",toiletries-beauty
Morrisons 3Ply   Regular Facial Tissues 72 Sheets ,Morrisons 3Ply   Regular Facial Tissues 72 Sheets ,£1.45,,,toiletries-beauty
Morrisons 3Ply Regular Twin Facial Tissues,Morrisons 3Ply Regular Twin Facial Tissues2 x 72 per pack,£2.50,1.7p each,,toiletries-beauty
Morrisons Adult Rechargeable Electric Toothbrush,Morrisons Adult Rechargeabl...,£15,,,toiletries-beauty
Morrisons After Sun Spray,Morrisons After Sun Spray200ml,£3,£1.50 per 100ml,,toiletries-beauty
Morrisons Aloe Vera Antibacterial Hand Gel ,Morrisons Aloe Vera Antibacterial Hand Gel 50ml,90p,£1.80 per 100ml,,toiletries-beauty
Morrisons Aloe Vera Antibacterial Hand Gel,Morrisons Aloe Vera Antibacterial Hand Gel500ml,£3,60p per 100ml,,toiletries-beauty
Morrisons Anti-Dandruff Shampoo Classic,Morrisons Anti-Dandruff Shampoo Classic500ml,£1.80,36p per 100ml,,toiletries-beauty
Morrisons Antibacterial Hand Cream,Morrisons Antibacterial Hand Cream100ml,£1.25,£1.25 per 100ml,"Offer price £1.25, was £1.50",toiletries-beauty
Morrisons Bamboo Eco-Friendly Medium Toothbrush,Morrisons Bamboo Eco-Frie...,£1.50,,,toiletries-beauty
Morrisons Bath Sponge,Morrisons Bath Sponge,99p,,,toiletries-beauty
Morrisons Bite & Sting Cream,Morrisons Bite & Sting Cream10g,£3,£30.00 per 100g,,toiletries-beauty
Morrisons Breath Freshening Spray,Morrisons Breath Freshening Spray12.5ml,£1.60,£12.80 per 100ml,,toiletries-beauty
Morrisons Classic Small Hot Round Brush,Morrisons Classic Small Hot Round Brush,£4,,,toiletries-beauty
Morrisons Classic Vent Brush           ,Morrisons Classic Vent Brush           ,£4,,,toiletries-beauty
Morrisons Clear and Protect Anti-Perspirant Deodorant 250ml,Morrisons Clear and Protect Anti...250ml,£1.20,48p per 100ml,,toiletries-beauty
Morrisons Coconut & Lychee Shampoo,Morrisons Coconut & Lychee Shampoo500ml,95p,19p per 100ml,,toiletries-beauty
Morrisons Comfort Liners,Morrisons Comfort Liners24 per pack,£1.65,6.9p each,,toiletries-beauty
Morrisons Comfort Liners Long,Morrisons Comfort Liners Long20 per pack,£1.65,8.3p each,,toiletries-beauty
Morrisons Comfort Pads Extra,Morrisons Comfort Pads Extra10 per pack,£1.65,16.5p each,,toiletries-beauty
Morrisons Comfort Pads Extra Plus,Morrisons Comfort Pads Extra Plus8 per pack,£1.65,20.6p each,,toiletries-beauty
Morrisons Comfort Pants Large,Morrisons Comfort Pants Large10 per pack,£6.25,62.5p each,,toiletries-beauty
Morrisons Comfort Pants Medium,Morrisons Comfort Pants Medium12 per pack,£6.25,52.1p each,,toiletries-beauty
Morrisons Comfort Pants Super Protection Large,Morrisons Comfort Pants Super Protection Large12 per pack,£8,66.7p each,,toiletries-beauty
Morrisons Comfort Pants Super Protection Medium,Morrisons Comfort Pants Super Protection Medium12 per pack,£8,66.7p each,,toiletries-beauty
Morrisons        Curved Nail      Scissors   ,Morrisons        Curved Nail      Scissors   ,£2.25,,,toiletries-beauty
Morrisons Dental Floss Harps,Morrisons Dental Floss Harps32 per pack,£1.40,4.4p each,,toiletries-beauty
Morrisons Dental Floss Mint 50m,Morrisons Dental Floss Mint 50m,£1,,,toiletries-beauty
Morrisons Dental Tape,Morrisons Dental Tape,£1,,,toiletries-beauty
Morrisons Dental Tape Harps,Morrisons Dental Tape Harps32 per pack,£1.50,4.7p each,,toiletries-beauty
Morrisons Denture Cleaning Tablets ,Morrisons Denture Cleaning Tablets 30 per pack,89p,3p each,,toiletries-beauty
Morrisons Desire Body Spray ,Morrisons Desire Body Spray 75ml,75p,£1.00 per 100ml,,toiletries-beauty
Morrisons Energy Body Spray,Morrisons Energy Body Spray150ml,99p,66p per 100ml,,toiletries-beauty
Morrisons Essential Bath Foam,Morrisons Essential Bath Foam1L,£1,10p per 100ml,,toiletries-beauty
Morrisons Essentials Bath Cream,Morrisons Essentials Bath Cream1L,£1,10p per 100ml,,toiletries-beauty
Morrisons Essentials Coolmint Mouthwash,Morrisons Essentials Coolmint Mouthwash500ml,45p,9p per 100ml,,toiletries-beauty
Morrisons Essentials Medium Toothbrushes,Morrisons Essentials Medium Toothbrushes2 per pack,25p,12.5p each,,toiletries-beauty
Morrisons Eucalyptus & Rosemary Bath Soak,Morrisons Eucalyptus & Rosemary Bath Soak500ml,95p,19p per 100ml,,toiletries-beauty
Morrisons Family Toothbrushes Medium,Morrisons Family Toothbrushes Medium4 per pack,£1,25p each,,toiletries-beauty
Morrisons Firm Mousse,Morrisons Firm Mousse200ml,£1.50,75p per 100ml,,toiletries-beauty
Morrisons Five Blades Cartridges,Morrisons Five Blades Cartridges5 per pack,£4.50,90p each,,toiletries-beauty
Morrisons Five Blade System Razor,Morrisons Five Blade System Razor,£4.50,,,toiletries-beauty
Morrisons Five Blade System Refills,Morrisons Five Blade System Refills4 per pack,£4.50,£1.13 each,,toiletries-beauty
Morrisons Fold & Wrap Pantyliners,Morrisons Fold & Wrap Pantyliners20 per pack,90p,4.5p each,,toiletries-beauty
Morrisons Foundation Sponges          ,Morrisons Foundation Sponges          2 per pack,£1.25,62.5p each,,toiletries-beauty
Morrisons Ginger & Shea Butter Bath Soak,Morrisons Ginger & Shea Butter Bath Soak500ml,95p,19p per 100ml,,toiletries-beauty
Morrisons Gum Health Medium Toothbrush,Morrisons Gum Health Medium Toothbrush,£1,,,toiletries-beauty
Morrisons Gum Health Mouthwash,Morrisons Gum Health Mouthwash500ml,£1.25,25p per 100ml,,toiletries-beauty
Morrisons Gum Health Toothpaste,Morrisons Gum Health Toothpaste100ml,£1,£1.00 per 100ml,,toiletries-beauty
Morrisons Incontinence Pads Male,Morrisons Incontinence Pads Male10 per pack,£3,30p each,,toiletries-beauty
Morrisons Interdental Brushes 0.4MM,Morrisons Interdental Brushes 0.4MM6 per pack,£2.25,37.5p each,,toiletries-beauty
Morrisons Interdental Brushes 0.6MM,Morrisons Interdental Brushes 0.6MM6 per pack,£2.25,37.5p each,,toiletries-beauty
Morrisons Kids 2 In 1 Strawberry Shampoo & Conditioner,Morrisons Kids 2 In 1 Strawberr...250ml,£1,40p per 100ml,,toiletries-beauty
Morrisons Kids Colored Sun Lotion SPF50+,Morrisons Kids Colored Sun Lotion SPF50+200ml,£4.50,£2.25 per 100ml,,toiletries-beauty
Morrisons Kids Sensitive Sun Spray Spf50+,Morrisons Kids Sensitive Sun Spray Spf50+200ml,£4.50,£2.25 per 100ml,,toiletries-beauty
Morrisons Kids Toothbrushes 3+ Years ,Morrisons Kids Toothbrushes 3+ Years 4 per pack,£1,25p each,,toiletries-beauty
Morrisons Large Black Claw Clip,Morrisons Large Black Claw Clip,£2.50,,,toiletries-beauty
Morrisons Large Pantyliners,Morrisons Large Pantyliners28 per pack,99p,3.5p each,,toiletries-beauty
Morrisons Large Tortoise Shell Claw Clip       ,Morrisons Large Tortoise Shell Claw Clip       ,£1.50,,"Offer price £1.50, was £2",toiletries-beauty
Morrisons Lavender & Water Lily Bath Soak,Morrisons Lavender & Water Lily Bath Soak500ml,95p,19p per 100ml,,toiletries-beauty
Morrisons Maxi Daytime Towels,Morrisons Maxi Daytime Towels24 per pack,99p,4.1p each,,toiletries-beauty
Morrisons Maxi Night Comfort Pads ,Morrisons Maxi Night Comfort Pads 6 per pack,£1.65,27.5p each,,toiletries-beauty
Morrisons Maxi Towels Night Time,Morrisons Maxi Towels Night Time12 per pack,£1.05,8.8p each,,toiletries-beauty
Morrisons Medium Complexion Sponge,Morrisons Medium Complexion Sponge,£1.30,,,toiletries-beauty
Morrisons Medium Interspace Interdental Brushes,Morrisons Medium Interspa...20 per pack,£2.25,11.3p each,,toiletries-beauty
Morrisons Menopause Vitamins ,Morrisons Menopause Vitamins 30 per pack,£3.25,10.8p each,,toiletries-beauty
Morrisons Mini Vent Brush,Morrisons Mini Vent Brush,£1,,"Offer price £1, was £1.25",toiletries-beauty
Morrisons Moisturising Antibacterial Handwash,Morrisons Moisturising Antibacterial Handwash500ml,£1,20p per 100ml,,toiletries-beauty
Morrisons Moisturising Body Lotion ,Morrisons Moisturising Body Lotion 400ml,£1.10,27.5p per 100ml,,toiletries-beauty
Morrisons Moisturising Lotion,Morrisons Moisturising Lotion300ml,£2,66.7p per 100ml,,toiletries-beauty
Morrisons Moisturising Shower Gel,Morrisons Moisturising Shower Gel500ml,£1.25,25p per 100ml,,toiletries-beauty
Morrisons        Nail Clippers         ,Morrisons        Nail Clippers         ,£2.25,,,toiletries-beauty
Morrisons Night Time Ultra Towels with Wings,Morrisons Night Time Ultra Towels with Wings10 per pack,79p,7.9p each,,toiletries-beauty
Morrisons Non-applicator Tampons Super,Morrisons Non-applicator Tampons Super16 per pack,£1.25,7.8p each,,toiletries-beauty
Morrisons Normal Pantyliners,Morrisons Normal Pantyliners30 per pack,99p,3.3p each,,toiletries-beauty
Morrisons Normal Ultra Towels without Wings,Morrisons Normal Ultra Towels without Wings16 per pack,79p,4.9p each,,toiletries-beauty
Morrisons Normal Ultra Towels with Wings,Morrisons Normal Ultra Towels with Wings14 per pack,79p,5.6p each,,toiletries-beauty
Morrisons Nourish Hand & Nail Cream,Morrisons Nourish Hand & Nail Cream100ml,£1.15,£1.15 per 100ml,,toiletries-beauty
Morrisons Original Anti-Bacterial Cleaner,Morrisons Original Anti-Bacterial Cleaner750ml,£1.10,14.7p per 100ml,,toiletries-beauty
Morrisons Panty Liners Extra Long,Morrisons Panty Liners Extra Long22 per pack,£1,4.5p each,,toiletries-beauty
Morrisons Perfect Angle Electric Replacement Toothbrush Heads ,Morrisons Perfect Angle Electric Re...4 per pack,£9,£2.25 each,,toiletries-beauty
Morrisons Pink Grapefruit & Basil Shower Gel ,Morrisons Pink Grapefruit & Basil Shower Gel 250ml,95p,38p per 100ml,,toiletries-beauty
Morrisons Polarise Body Spray,Morrisons Polarise Body Spray150ml,99p,66p per 100ml,,toiletries-beauty
Morrisons Powder Puffs,Morrisons Powder Puffs2 per pack,£1.25,62.5p each,,toiletries-beauty
Morrisons Pro Advanced Clean Toothpaste,Morrisons Pro Advanced Clean Toothpaste75ml,£2,£2.67 per 100ml,,toiletries-beauty
Morrisons Pro Advance Sensitive Replacement Toothbrush Heads,Morrisons Pro Advance Sensitive Rep...2 per pack,£7,£3.50 each,,toiletries-beauty
Morrisons Pro Adv Whitening Brush Heads,Morrisons Pro Adv Whitening Brush Heads4 per pack,£9,£2.25 each,,toiletries-beauty
Morrisons Professional Nail Files,Morrisons Professional Nail Files2 per pack,£2,£1.00 each,"Offer price £2, was £2.25",toiletries-beauty
Morrisons Protecting Antibacterial Handwash,Morrisons Protecting Antibacterial Handwash500ml,£1,20p per 100ml,,toiletries-beauty
Morrisons Pure Oval Cotton Pads ,Morrisons Pure Oval Cotton Pads 100 per pack,£1.25,1.3p each,,toiletries-beauty
Morrisons Pure Round Cotton Pads,Morrisons Pure Round Cotton Pads200 per pack,£1.49,0.7p each,,toiletries-beauty
Morrisons Regular Applicator Tampons,Morrisons Regular Applicator Tampons20 per pack,£1.25,6.3p each,,toiletries-beauty
Morrisons Savers Family Size Facial Tissues 226 Sheets,Morrisons Savers Family Size Fa...,£1.09,,,toiletries-beauty
Morrisons Savers Maxi Towels,Morrisons Savers Maxi Towels10 per pack,40p,4p each,,toiletries-beauty
Morrisons Savers Pant Liners,Morrisons Savers Pant Liners30 per pack,45p,1.5p each,,toiletries-beauty
Morrisons Sea Minerals & Fennel 2 In 1 Shower & Shampoo ,Morrisons Sea Minerals & Fennel...250ml,95p,38p per 100ml,,toiletries-beauty
Morrisons Sea Minerals & Sage Bath Soak,Morrisons Sea Minerals & Sage Bath Soak500ml,95p,19p per 100ml,,toiletries-beauty
Morrisons Sensitive Electric Replacement Toothbrush Heads ,Morrisons Sensitive Electric Repl...4 per pack,£9,£2.25 each,,toiletries-beauty
Morrisons Sensitive Mouthwash,Morrisons Sensitive Mouthwash500ml,£1.50,30p per 100ml,,toiletries-beauty
Morrisons Sensitive Toothbrush,Morrisons Sensitive Toothbrush,£1.50,,,toiletries-beauty
Morrisons Sensitive Toothpaste,Morrisons Sensitive Toothpaste100ml,£1.50,£1.50 per 100ml,,toiletries-beauty
Morrisons Shea Butter & Honey Shower Cream ,Morrisons Shea Butter & Honey Shower Cream 250ml,95p,38p per 100ml,,toiletries-beauty
Morrisons Slanted Tweezers          ,Morrisons Slanted Tweezers          ,£2.25,,,toiletries-beauty
Morrisons Spf30 Mini Sun Lotion,Morrisons Spf30 Mini Sun Lotion50ml,£2,£4.00 per 100ml,,toiletries-beauty
Morrisons Spf30 Scalp Protection Spray,Morrisons Spf30 Scalp Protection Spray50ml,£3.50,£7.00 per 100ml,,toiletries-beauty
Morrisons Spf50+ Kids Mini Sun Lotion,Morrisons Spf50+ Kids Mini Sun Lotion50ml,£3,£6.00 per 100ml,,toiletries-beauty
Morrisons Spf50+ Sensitive Face & Neck Lotion,Morrisons Spf50+ Sensitiv...50ml,£3.50,£7.00 per 100ml,,toiletries-beauty
Morrisons Spf50+ Sensitive Sun Lotion,Morrisons Spf50+ Sensitive Sun Lotion200ml,£3.75,£1.88 per 100ml,,toiletries-beauty
Morrisons Spf50+ Tanning & Protection Dry Mist Spray,Morrisons Spf50+ Tanning & Pr...200ml,£5,£2.50 per 100ml,,toiletries-beauty
Morrisons Sport Deodorant,Morrisons Sport Deodorant250ml,£1.20,48p per 100ml,,toiletries-beauty
Morrisons        Straight Tweezers           ,Morrisons        Straight Tweezers           ,£2.25,,,toiletries-beauty
Morrisons Strawberry Antibacterial Handwash,Morrisons Strawberry Antibacterial Handwash500ml,£1,20p per 100ml,,toiletries-beauty
Morrisons Sun Lotion SPF30,Morrisons Sun Lotion SPF30200ml,£4,£2.00 per 100ml,,toiletries-beauty
Morrisons Sun Oil Spray SPF15,Morrisons Sun Oil Spray SPF15150ml,£4,£2.67 per 100ml,,toiletries-beauty
Morrisons Sun Spray SPF30,Morrisons Sun Spray SPF30200ml,£4,£2.00 per 100ml,,toiletries-beauty
Morrisons Sun Spray SPF50+,Morrisons Sun Spray SPF50+200ml,£4.50,£2.25 per 100ml,,toiletries-beauty
Morrisons Super Ultra Towels with Wings,Morrisons Super Ultra Towels with Wings12 per pack,79p,6.6p each,,toiletries-beauty
Morrisons Tampons Applicator Super,Morrisons Tampons Applicator Super20 per pack,£1.25,6.3p each,,toiletries-beauty
Morrisons Tampons Non-Applicator Regular,Morrisons Tampons Non-Applicator Regular16 per pack,£1.25,7.8p each,,toiletries-beauty
Morrisons Tampons Non-Applicator Super Plus,Morrisons Tampons Non-Applicator Super Plus16 per pack,£1.25,7.8p each,,toiletries-beauty
Morrisons Three Blade System Razor,Morrisons Three Blade System Razor,£3.20,,,toiletries-beauty
Morrisons Three Blade System Refills,Morrisons Three Blade System Refills4 per pack,£3.50,87.5p each,,toiletries-beauty
Morrisons        Toenail Clippers    ,Morrisons        Toenail Clippers    ,£2.25,,,toiletries-beauty
Morrisons Total Care Electric Replacement Toothbrush Heads,Morrisons Total Care Electric Rep...4 per pack,£10,£2.50 each,,toiletries-beauty
Morrisons Triple Blade Disposable Razors,Morrisons Triple Blade Disposable Razors4 per pack,£2,50p each,,toiletries-beauty
Morrisons Twin Blade Disposable Razors,Morrisons Twin Blade Disposable Razors10 per pack,£1,10p each,,toiletries-beauty
Morrisons Twin Blade Disposable Razors,Morrisons Twin Blade Disposable Razors10 per pack,£1,10p each,,toiletries-beauty
Morrisons Ultra Towels Confident Night,Morrisons Ultra Towels Confident Night9 per pack,79p,8.8p each,,toiletries-beauty
Morrisons Volumising Blow-Dry Brush,Morrisons Volumising Blow-Dry Brush,£4,,,toiletries-beauty
Morrisons White Musk Body Spray  ,Morrisons White Musk Body Spray  75ml,75p,£1.00 per 100ml,,toiletries-beauty
Morrisons Whitening Medium Toothbrush,Morrisons Whitening Medium Toothbrush,£1.50,,,toiletries-beauty
Morrisons Whitening Mouthwash,Morrisons Whitening Mouthwash500ml,£1.50,30p per 100ml,,toiletries-beauty
Morrisons Whitening Toothpaste,Morrisons Whitening Toothpaste100ml,£1.50,£1.50 per 100ml,,toiletries-beauty
Morrisons Womens Stay Put Barrettes,Morrisons Womens Stay Put Barrettes2 per pack,£1.50,75p each,"Offer price £1.50, was £2",toiletries-beauty
Moss & Adams Melrose Grove Hand Wash,Moss & Adams Melrose Grove Hand Wash500ml,£2,40p per 100ml,,toiletries-beauty
Moss & Adams Sherwood Forest Hand Wash,Moss & Adams Sherwood Forest Hand Wash500ml,£2,40p per 100ml,,toiletries-beauty
Moss & Adams Windermere Lake Hand Wash,Moss & Adams Winder...500ml,£2,40p per 100ml,,toiletries-beauty
Munchkin Bath Crayons,Munchkin Bath Crayons5 per pack,£5.50,£1.10 each,,toiletries-beauty
My Little Sudocrem Skin Care Cream,My Little Sudocrem Skin Care Cream22g,£3,£13.64 per 100g,,toiletries-beauty
Neutrogena Clear & Defend Wash,Neutrogena Clear & Defend Wash200ml,£3.66,£1.83 per 100ml,"Offer price £3.66, was £4",toiletries-beauty
Neutrogena Clear & Soothe Mist Toner,Neutrogena Clear & Soothe Mist Toner125ml,£4.20,£3.36 per 100ml,"Offer price £4.20, was £6",toiletries-beauty
Neutrogena Clear & Soothe Moisturiser,Neutrogena Clear & Soothe Moisturiser75ml,£4.20,£5.60 per 100ml,"Offer price £4.20, was £6",toiletries-beauty
Neutrogena Clear & Soothe Mousse Cleanser,Neutrogena Clear & Soothe Mousse Cleanser150ml,£4.20,£2.80 per 100ml,"Offer price £4.20, was £6.20",toiletries-beauty
Neutrogena Fast Absorbing Hand Cream,Neutrogena Fast Absorbing Hand Cream75ml,£3,£4.00 per 100ml,"Offer price £3, was £4",toiletries-beauty
Neutrogena Norwegian Formula Cica-Repair Foot Mask,Neutrogena Norwegian Formul...,£3,,,toiletries-beauty
Neutrogena Norwegian Formula Cica-Repair Hand Mask,Neutrogena Norwegian Formul...,£3,,,toiletries-beauty
Neutrogena Norwegian Formula Hand Cream 50ml,Neutrogena Norwegian Fo...50ml,£2.75,£5.50 per 100ml,"Offer price £2.75, was £3.75",toiletries-beauty
Neutrogena Norwegian Formula Lip Care SPF 20,Neutrogena Norwegian Formula Lip Care SPF 204.8g,£2,£41.67 per 100g,"Offer price £2, was £2.99",toiletries-beauty
Neutrogena       Norwegian Hand   Cream ,Neutrogena       Norwegian Hand   Cream 50ml,£2.75,£5.50 per 100ml,"Offer price £2.75, was £3.50",toiletries-beauty
Neutrogena Oil Balancing Exfoliator,Neutrogena Oil Balancing Exfoliator150ml,£4.50,£3.00 per 100ml,,toiletries-beauty
Neutrogena Refreshingly Clear Daily Exfoliator ,Neutrogena Refreshingly Clear Daily Exfoliator 150ml,£5,£3.33 per 100ml,,toiletries-beauty
Neutrogena Refreshingly Clear Pink Grapefruit Gel Wash ,Neutrogena Refreshingly Clear P...200ml,£5,£2.50 per 100ml,,toiletries-beauty
Neutrogena T/Gel Therapeutic Shampoo,Neutrogena T/Gel Therapeutic Shampoo250ml,£8.50,£3.40 per 100ml,,toiletries-beauty
 Neutrogena T/Gel Theraputic Gel Shampoo, Neutrogena T/Gel Theraputic Gel Shampoo125ml,£5,£4.00 per 100ml,,toiletries-beauty
New Radox Shower Therapy Active Gel ,New Radox Shower Therapy Active Gel 250ml,£1,40p per 100ml,,toiletries-beauty
Nice N Easy 4G Natural Dark Golden Brown,Nice N Easy 4G Natural Dark Golden Brown,£6.90,,Buy 2 for £10.50,toiletries-beauty
Nice N Easy 5A Natural Medium Ash Brown,Nice N Easy 5A Natural Medium Ash Brown,£6.90,,Buy 2 for £10.50,toiletries-beauty
Nice N Easy 6.5GN Natural Lighter Golden Brown,Nice N Easy 6.5GN Natural...,£6.90,,Buy 2 for £10.50,toiletries-beauty
Nice N Easy 6W Natural Light Mocha Brown,Nice N Easy 6W Natural Light Mocha Brown,£6.90,,Buy 2 for £10.50,toiletries-beauty
Nice N Easy 7C Natural Dark Cool Blonde,Nice N Easy 7C Natural Dark Cool Blonde,£6.90,,Buy 2 for £10.50,toiletries-beauty
Nice N' Easy 8GN Natural Medium Golden Neutral Blonde,Nice N' Easy 8GN Natural Medi...,£6.90,,Buy 2 for £10.50,toiletries-beauty
Nice N Easy Age Defy Blonde 9A Hair Colourant,Nice N Easy Age Defy Blonde 9A Hair Colourant,£6.94,,,toiletries-beauty
Nice N Easy Born Red 5R Natural Medium Auburn,Nice N Easy Born Red 5R Natural Medium Auburn,£6.90,,Buy 2 for £10.50,toiletries-beauty
 Nice N Easy Dark Champagne Blonde 7CB, Nice N Easy Dark Champagne Blonde 7CB,£6.90,,Buy 2 for £10.50,toiletries-beauty
Nice N Easy Golden Auburn 8WR,Nice N Easy Golden Auburn 8WR,£6.90,,Buy 2 for £10.50,toiletries-beauty
 Nice N Easy Medium Mahogany Brown 5M, Nice N Easy Medium Mahogany Brown 5M,£6.90,,Buy 2 for £10.50,toiletries-beauty
Nice N Easy No Ammonia Black 83,Nice N Easy No Ammonia Black 83,£5,,Buy 2 for £8,toiletries-beauty
Nice N Easy No Ammonia Dark Ash Blonde 90,Nice N Easy No Ammonia Dark Ash Blonde 90,£5,,Buy 2 for £8,toiletries-beauty
Nice N Easy No Ammonia Dark Blonde 91,Nice N Easy No Ammonia Dark Blonde 91,£5,,Buy 2 for £8,toiletries-beauty
Nice N Easy No Ammonia Dark Brown 79,Nice N Easy No Ammonia Dark Brown 79,£5,,Buy 2 for £8,toiletries-beauty
Nice N Easy No Ammonia Dark Warm Brown 82,Nice N Easy No Ammonia Dark Warm Brown 82,£5,,Buy 2 for £8,toiletries-beauty
Nice N Easy No Ammonia Light Ash Brown 75,Nice N Easy No Ammonia Light Ash Brown 75,£5,,Buy 2 for £8,toiletries-beauty
Nice N Easy No Ammonia Light Brown 755,Nice N Easy No Ammonia Light Brown 755,£5,,Buy 2 for £8,toiletries-beauty
Nice N Easy No Ammonia Light Warm Brown 92,Nice N Easy No Ammonia Light Warm Brown 92,£5,,Buy 2 for £8,toiletries-beauty
Nice N Easy No Ammonia Medium Ash Blonde 73,Nice N Easy No Ammonia Medium Ash Blonde 73,£5,,Buy 2 for £8,toiletries-beauty
Nice N Easy No Ammonia Medium Ash Brown 77,Nice N Easy No Ammonia Medium Ash Brown 77,£5,,Buy 2 for £8,toiletries-beauty
Nice N Easy No Ammonia Medium Brown 765,Nice N Easy No Ammonia Medium Brown 765,£5,,Buy 2 for £8,toiletries-beauty
Nice N Easy No Ammonia Medium Golden Brown 78,Nice N Easy No Ammonia Medium Golden Brown 78,£5,,Buy 2 for £8,toiletries-beauty
Nice 'N Easy Permanent Colour 101 Natural Baby Blonde Hair Dye,Nice 'N Easy Permanent Colour 101 N...,£6.90,,Buy 2 for £10.50,toiletries-beauty
Nice 'N Easy Permanent Colour 102 Natural Light Ash Blonde Hair Dye,Nice 'N Easy Permanent Colour 102 Natur...,£6.90,,Buy 2 for £10.50,toiletries-beauty
Nice 'N Easy Permanent Colour 103A Natural Medium Blonde Hair Dye,Nice 'N Easy Permanent Colour 103A Na...,£6.90,,Buy 2 for £10.50,toiletries-beauty
Nice 'N Easy Permanent Colour 103 Natural Light Beige Blonde Hair Dye,Nice 'N Easy Permanent Colour 103 Natural...,£6.90,,Buy 2 for £10.50,toiletries-beauty
Nice 'N Easy Permanent Colour 104 Natural Honey Blonde Hair Dye ,Nice 'N Easy Permanent Colour 104 Nat...,£6.90,,Buy 2 for £10.50,toiletries-beauty
Nice 'N Easy Permanent Colour 106 Natural Medium Ash Blonde Hair Dye,Nice 'N Easy Permanent Colour...,£6.90,,Buy 2 for £10.50,toiletries-beauty
Nice'n Easy Permanent Colour 10 Natural Extra Light Blonde (98) Hair Dye,Nice'n Easy Permanent Colour 10 Natural Ext...,£6.90,,Buy 2 for £10.50,toiletries-beauty
Nice 'N Easy Permanent Colour 10 Natural Ultra Light Blonde (87) Hair Dye,Nice 'N Easy Permanent Colour 10 Natural Ul...,£6.90,,Buy 2 for £10.50,toiletries-beauty
Nice 'N Easy Permanent Colour 116 Natural Light Brown Hair Dye,Nice 'N Easy Permanent Colour 116 N...,£6.90,,Buy 2 for £10.50,toiletries-beauty
Nice 'N Easy Permanent Colour 117 Natural Medium Goldenbrown Hair Dye,Nice 'N Easy Permanent Colour...,£6.90,,Buy 2 for £10.50,toiletries-beauty
Nice 'N Easy Permanent Colour 118 Natural Medium Brown Hair Dye,Nice 'N Easy Permanent Colour 118 Nat...,£6.90,,Buy 2 for £10.50,toiletries-beauty
Nice 'N Easy Permanent Colour 120 Natural Dark Brown Hair Dye,Nice 'N Easy Permanent Colour 120 N...,£6.90,,Buy 2 for £10.50,toiletries-beauty
Nice 'N Easy Permanent Colour 122 Natural Black Hair Dye,Nice 'N Easy Permanent Colour 1...,£6.90,,Buy 2 for £10.50,toiletries-beauty
Nice 'N Easy Permanent Colour 3.5 Natural Darkest Brown (121A) Hair Dye,Nice 'N Easy Permanent Colour 3.5 Natural...,£6.90,,Buy 2 for £10.50,toiletries-beauty
Nice 'N Easy Permanent Colour 4W Natural Dark Caramel Brown (120B) Hair Dye,Nice 'N Easy Permanent Colour 4...,£6.90,,Buy 2 for £10.50,toiletries-beauty
Nice 'N Easy Permanent Colour 5C Natural Medium Cool Brown (117D) Hair Dye,Nice 'N Easy Permanent Colour 5...,£6.90,,Buy 2 for £10.50,toiletries-beauty
Nice 'N Easy Permanent Colour 5WR Natural Warm Auburn (109A) Hair Dye,Nice 'N Easy Permanent Colour...,£6.90,,Buy 2 for £10.50,toiletries-beauty
Nice 'N Easy Permanent Colour 6A Natural Light Ash Brown (114) Hair Dye,Nice 'N Easy Permanent Colour 6A Natural...,£6.90,,Buy 2 for £10.50,toiletries-beauty
Nice 'N Easy Permanent Colour 6G Natural Light Golden Brown (116A) Hair Dye,Nice 'N Easy Permanent Colour 6...,£6.90,,Buy 2 for £10.50,toiletries-beauty
Nice 'N Easy Permanent Colour 6N Natural Lighter Brown (115) Hair Dye,Nice 'N Easy Permanent Colour 6N Natural...,£6.90,,Buy 2 for £10.50,toiletries-beauty
Nice 'N Easy Permanent Colour 6R Natural Light Auburn (110) Hair Dye,Nice 'N Easy Permanent Colour 6R Natura...,£6.90,,Buy 2 for £10.50,toiletries-beauty
Nice 'N Easy Permanent Colour 7 Natural Dark Blonde (106A former) Hair Dye,Nice 'N Easy Permanent Colour 7...,£6.90,,Buy 2 for £10.50,toiletries-beauty
Nice'N Easy Permanent Colour 9G Natural Light Golden Blonde (102G) Hair Dye,Nice'N Easy Permanent Colour 9G...,£6.90,,Buy 2 for £10.50,toiletries-beauty
Nice 'N Easy Permanent Colour 9PB Natural Pale Blonde (100) Hair Dye     ,Nice 'N Easy Permanent Colour 9PB Natural P...,£6.90,,Buy 2 for £10.50,toiletries-beauty
Nice 'N Easy Permanent Hair Colour 3.5BG Natural Dark Burgundy Brown (113A),Nice 'N Easy Permanent Hair Col...,£6.90,,Buy 2 for £10.50,toiletries-beauty
Nice'N Easy Permanent Hair Colour 5RB Natural Medium Reddish Brown (118C),Nice'N Easy Permanent Hair Colo...,£6.90,,Buy 2 for £10.50,toiletries-beauty
Nice 'N Easy Permanent Hair Colour 5W Natural Medium Caramel Brown (118B),Nice 'N Easy Permanent Hair Col...,£6.50,,Buy 2 for £10.50,toiletries-beauty
Nice'N Easy Permanent Hair Dye 10B Extra Light Beige Blonde,Nice'N Easy Permanent Hair Dye 10...,£6.90,,Buy 2 for £10.50,toiletries-beauty
Nice'N Easy Permanent Hair Dye 11A Ultra Light Ash Blonde,Nice'N Easy Permanent Hair Dye 11...,£6.90,,Buy 2 for £10.50,toiletries-beauty
Nice'N Easy Permanent Hair Dye SB1 Ultra Light Natural Beach Blonde,Nice'N Easy Permanent Hair Dye SB1 Ultr...,£6.90,,Buy 2 for £10.50,toiletries-beauty
Nice N Easy Ultra Light Cook Summer Blonde SB2,Nice N Easy Ultra Light Cook Summer Blonde SB2,£6.90,,Buy 2 for £10.50,toiletries-beauty
Nip + Fab Purify Salicylic Fix Facial Scrub,Nip + Fab Purify Salicylic Fix Facial Scrub75ml,£6.63,£8.84 per 100ml,"Offer price £6.63, was £10",toiletries-beauty
Nip + Fab Purify Salicylic Fix Gel Cleanser,Nip + Fab Purify Salicylic Fix Gel Cleanser145ml,£6.63,£4.57 per 100ml,"Offer price £6.63, was £10",toiletries-beauty
Nip+Fab Purify Salicylic Fix Moisturiser,Nip+Fab Purify Salicylic Fix Moisturiser40ml,£9.98,£24.95 per 100ml,"Offer price £9.98, was £20",toiletries-beauty
Nip + Fab Purify Salicylic Fix Tonic,Nip + Fab Purify Salicylic Fix Tonic100ml,£7.48,£7.48 per 100ml,"Offer price £7.48, was £15",toiletries-beauty
Nip + Fab Salicylic Fix Clay Mask,Nip + Fab Salicylic Fix Clay Mask170ml,£9.98,£5.87 per 100ml,"Offer price £9.98, was £20",toiletries-beauty
Nip+Fab Salicylic Fix Day Pads,Nip+Fab Salicylic Fix Day Pads60 per pack,£8.63,14.4p each,"Offer price £8.63, was £13",toiletries-beauty
Nip+Fab Salicylic Fix Night Pads,Nip+Fab Salicylic Fix Night Pads60 per pack,£9.97,16.6p each,"Offer price £9.97, was £15",toiletries-beauty
Nip+Fab Salicylic Fix Serum Extreme 2%,Nip+Fab Salicylic Fix Serum Extreme 2%50ml,£9.98,£19.96 per 100ml,"Offer price £9.98, was £20",toiletries-beauty
Nivea 2in1 Cleanser & Toner ,Nivea 2in1 Cleanser & Toner 200ml,£3.20,£1.60 per 100ml,,toiletries-beauty
"NIVEA Anti-Perspirant Deodorant Spray, Black & White Original, 48 Hrs","NIVEA Anti-Perspirant Deodorant Spray, Bl...35ml",£1.55,£4.43 per 100ml,,toiletries-beauty
"NIVEA Anti-Perspirant Deodorant Spray, Double Effect, 48 Hrs",NIVEA Anti-Perspirant Deodorant Spr...250ml,£2.30,92p per 100ml,,toiletries-beauty
"NIVEA Anti-Perspirant Deodorant Spray, Pearl & Beauty, 48 Hrs",NIVEA Anti-Perspirant Deodorant Spr...250ml,£2.30,92p per 100ml,,toiletries-beauty
Nivea Biodegradable Wipes Dry Skin,Nivea Biodegradable Wipes Dry Skin25 per pack,£1.65,6.6p each,,toiletries-beauty
Nivea Biodegradable Wipes Normal Skin,Nivea Biodegradable Wipes Normal Skin25 per pack,£1.65,6.6p each,,toiletries-beauty
Nivea Black & White Invisible Roll On,Nivea Black & White Invisible Roll On50ml,£1.40,£2.80 per 100ml,"Offer price £1.40, was £1.50",toiletries-beauty
Nivea Black & White Invisible Spray ,Nivea Black & White Invisible Spray 250ml,£2.30,92p per 100ml,,toiletries-beauty
"NIVEA Body Lotion, Fast Absorbing Express Hydration","NIVEA Body Lotion, Fast Absor...400ml",£6.50,£1.63 per 100ml,,toiletries-beauty
"NIVEA Body Lotion, Light Moisturising & Cleansing","NIVEA Body Lotion, Light Moisturising & Cleansing250ml",£3,£1.20 per 100ml,,toiletries-beauty
"NIVEA Body Lotion for Dry Skin, Extra Rich Moisturising",NIVEA Body Lotion for Dry Skin...250ml,£3,£1.20 per 100ml,,toiletries-beauty
"NIVEA Body Lotion for Dry Skin, Rich Nourishing","NIVEA Body Lotion for Dry Skin, Rich Nourishing400ml",£6.50,£1.63 per 100ml,,toiletries-beauty
Nivea Body Lotion Repair & Care,Nivea Body Lotion Repair & Care400ml,£3.65,91.1p per 100ml,"Offer price £3.65, was £7.25",toiletries-beauty
Nivea Body Souffle Cherry Blossom & Jojoba Oil,Nivea Body Souffle Cherry Blossom & Jojoba Oil200ml,£8,£4.00 per 100ml,,toiletries-beauty
NIVEA Cellular Luminous 630 Anti-Dark Spot Day Cream Face Moisturiser SPF50,NIVEA Cellular Luminous 630 Ant...40ml,£13.50,£3.38 per 10ml,"Offer price £13.50, was £27",toiletries-beauty
NIVEA Cellular Luminous 630 Anti-Dark Spot Face Serum,NIVEA Cellular Luminous 630 A...30ml,£15,£5.00 per 10ml,"Offer price £15, was £30",toiletries-beauty
Nivea Cellular Luminous 630 Eye Treatment,Nivea Cellular Luminous 630 Eye Treatment15ml,£27,£180.00 per 100ml,,toiletries-beauty
Nivea Cellular Luminous Anti Dark Spot Night Cream,Nivea Cellular Luminous Ant...50ml,£27,£54.00 per 100ml,,toiletries-beauty
Nivea Cherry Shine Lip Balm,Nivea Cherry Shine Lip Balm4.8g,£2.35,£48.96 per 100g,,toiletries-beauty
Nivea Coconut Shower Gel,Nivea Coconut Shower Gel250ml,£1,40p per 100ml,,toiletries-beauty
"NIVEA Creme All Purpose Body Cream for face, hands and body",NIVEA Creme All Purpose Body Crea...200ml,£2.31,£1.16 per 100ml,"Offer price £2.31, was £4.25",toiletries-beauty
Nivea Daily Scrub ,Nivea Daily Scrub 150ml,£2.65,£1.77 per 100ml,,toiletries-beauty
Nivea Double Effect Eye Make-Up Remover ,Nivea Double Effect Eye Make-Up Remover 125ml,£3.50,£2.80 per 100ml,,toiletries-beauty
Nivea Hand Cream Anti - Age Q10,Nivea Hand Cream Anti - Age Q10100ml,£4.25,£4.25 per 100ml,,toiletries-beauty
Nivea Hand Cream Intensive,Nivea Hand Cream Intensive100ml,£1.76,£1.76 per 100ml,"Offer price £1.76, was £3",toiletries-beauty
Nivea Hydro Care Lip Balm With Spf 15,Nivea Hydro Care Lip Balm With Spf 154.8g,£2,£41.67 per 100g,,toiletries-beauty
Nivea Magic Bar Face Cleansing Antiblackhead Scrub,Nivea Magic Bar Face Cleans...75g,£5,£6.67 per 100g,,toiletries-beauty
Nivea Magic Bar Face Cleansing Radiance Bar,Nivea Magic Bar Face Cleansing Radiance Bar75g,£5,£6.67 per 100g,,toiletries-beauty
Nivea Magic Bar Face Cleansing Refreshing Bar,Nivea Magic Bar Face Cleansing Refreshing Bar75g,£5,£6.67 per 100g,,toiletries-beauty
Nivea Men Active Energy Skin Revitaliser Face Cream,Nivea Men Active Energy Skin...50ml,£9,£18.00 per 100ml,,toiletries-beauty
Nivea Men Anti-Age Hyaluron Face Moisturising Gel,Nivea Men Anti-Age Hyaluron...50ml,£15,£30.00 per 100ml,,toiletries-beauty
"NIVEA MEN Anti-Perspirant Deodorant Roll-On, Black & White Original, 48 Hrs",NIVEA MEN Anti-Perspirant Deodo...50ml,£1.40,£2.80 per 100ml,"Offer price £1.40, was £2.15",toiletries-beauty
"NIVEA MEN Anti-Perspirant Deodorant Spray, Black & White Original, 48 Hrs",NIVEA MEN Anti-Perspirant Deodo...250ml,£2.30,92p per 100ml,,toiletries-beauty
"NIVEA MEN Anti-Perspirant Deodorant Spray, Cool Kick, 48 Hrs",NIVEA MEN Anti-Perspirant Deodorant...250ml,£2.30,92p per 100ml,,toiletries-beauty
"NIVEA MEN Anti-Perspirant Deodorant Spray, Sensitive Protect, 48 Hrs",NIVEA MEN Anti-Perspirant Deo...250ml,£2.30,92p per 100ml,,toiletries-beauty
Nivea Men Cool Kick Antiperspirant ,Nivea Men Cool Kick Antiperspirant 35ml,£1.55,£4.43 per 100ml,,toiletries-beauty
Nivea Men Creme,Nivea Men Creme150ml,£6,£4.00 per 100ml,,toiletries-beauty
NIVEA MEN Deep Cleaning Face Wash Protect & Care,NIVEA MEN Deep Cleaning Fac...100ml,£5,£5.00 per 100ml,,toiletries-beauty
Nivea Men Hyaluron Anti-Age Face Moisturising Cream Spf 15 ,Nivea Men Hyaluron Anti-Age Face...50ml,£13.50,£27.00 per 100ml,,toiletries-beauty
"NIVEA MEN Intensive Moisturising Face Cream, Protect & Care",NIVEA MEN Intensive Moisturising...50ml,£6,£12.00 per 100ml,,toiletries-beauty
NIVEA MEN Post Shave Balm Protect & Care,NIVEA MEN Post Shave Balm Protect & Care100ml,£6.85,£6.85 per 100ml,,toiletries-beauty
NIVEA MEN Rehydrating Face Moisturiser Protect & Care,NIVEA MEN Rehydrating Face Mo...75ml,£6,£8.00 per 100ml,,toiletries-beauty
NIVEA MEN Sensitive Face Moisturiser with 0% Alcoho,NIVEA MEN Sensitive Face Mois...75ml,£6,£8.00 per 100ml,,toiletries-beauty
NIVEA MEN Sensitive Face Wash with 0% Alcohol,NIVEA MEN Sensitive Face Wash with 0% Alcohol100ml,£6,£6.00 per 100ml,,toiletries-beauty
Nivea Men Sensitive Intensive Moisturiser Face Cream,Nivea Men Sensitive Intensive...50ml,£7,£14.00 per 100ml,,toiletries-beauty
NIVEA MEN Sensitive Post Shave Balm with 0% Alcohol,NIVEA MEN Sensitive Post Shav...100ml,£6.50,£6.50 per 100ml,,toiletries-beauty
NIVEA MEN Sensitive Shave Foam with 0 % Alcohol,NIVEA MEN Sensitive Shave...200ml,£2.40,£1.20 per 100ml,"Offer price £2.40, was £2.50",toiletries-beauty
NIVEA MEN Sensitive Shaving Gel,NIVEA MEN Sensitive Shaving Gel200ml,£2.40,£1.20 per 100ml,"Offer price £2.40, was £2.50",toiletries-beauty
Nivea Men Sensitive XL Gift Set ,Nivea Men Sensitive XL Gift Set ,£8,,,toiletries-beauty
NIVEA MEN Shaving Protect & Care Moisturising Shave Gel,NIVEA MEN Shaving Protect & Car...200ml,£2.70,£1.35 per 100ml,,toiletries-beauty
Nivea MicellAIR Micellar Water Sensitive Skin ,Nivea MicellAIR Micellar Water Sensitive Skin 400ml,£5.25,£1.31 per 100ml,,toiletries-beauty
Nivea Naturally Good Aloe Vera Body Lotion,Nivea Naturally Good Aloe Vera Body Lotion350ml,£8,£2.29 per 100ml,,toiletries-beauty
Nivea Naturally Good Aloe Vera Radiance Face Cream,Nivea Naturally Good Aloe V...50ml,£6,£12.00 per 100ml,,toiletries-beauty
Nivea Naturally Good Cocoa Butter Body Lotion,Nivea Naturally Good Cocoa Butter Body Lotion350ml,£8,£2.29 per 100ml,,toiletries-beauty
Nivea Naturally Good Organic Green Tea Cleansing Tonic,Nivea Naturally Good Organic Gr...200ml,£5,£2.50 per 100ml,,toiletries-beauty
Nivea Night Cream ,Nivea Night Cream 50ml,£4,£8.00 per 100ml,,toiletries-beauty
Nivea Original Care Lip Balm,Nivea Original Care Lip Balm4.8g,£2.35,£48.96 per 100g,,toiletries-beauty
Nivea Pearly Shine Lip Balm,Nivea Pearly Shine Lip Balm4.8g,£2.30,£47.92 per 100g,,toiletries-beauty
"Nivea Pore Purifying 3 In 1 Wash, Scrub, Mask","Nivea Pore Purifying 3 In 1 Wash, Scrub, Mask150ml",£3.33,£2.22 per 100ml,"Offer price £3.33, was £5",toiletries-beauty
Nivea Pure & Natural Regenerating Night Cream ,Nivea Pure & Natural Regenerating Night Cream 50ml,£6,£12.00 per 100ml,,toiletries-beauty
Nivea Q10 + Vitamin C Firming Body Lotion Dry Skin,Nivea Q10 + Vitamin C Firmi...400ml,£8,£2.00 per 100ml,,toiletries-beauty
Nivea Q10 Energy Night Cream,Nivea Q10 Energy Night Cream50ml,£12.99,£25.98 per 100ml,,toiletries-beauty
Nivea Q10 Energy Spf15 Day Cream,Nivea Q10 Energy Spf15 Day Cream50ml,£12.99,£25.98 per 100ml,,toiletries-beauty
Nivea Q10 Gradual Tan Moisturiser Fair To Medium,Nivea Q10 Gradual Tan Moist...200ml,£6,£3.00 per 100ml,,toiletries-beauty
Nivea Q10 Plus C Anti-Wrinkle + Energy 10 Minute Sheet Mask,Nivea Q10 Plus C Anti-Wrinkle + E...,£4.25,,,toiletries-beauty
Nivea Q10 Power Anti - Wrinkle + Firming Day Cream Spf 15,Nivea Q10 Power Anti - Wrinkle +...50ml,£11,£22.00 per 100ml,,toiletries-beauty
Nivea Q10 Power Anti - Wrinkle + Firming Night Cream,Nivea Q10 Power Anti - Wrinkl...50ml,£11,£22.00 per 100ml,,toiletries-beauty
Nivea Q10 Power Anti-Wrinkle + Replenishing 60+ Night Cream,Nivea Q10 Power Anti-Wrinkle + Re...50ml,£15.99,£31.98 per 100ml,,toiletries-beauty
Nivea Q10 Power Anti-Wrinkle 60+ Day Cream,Nivea Q10 Power Anti-Wrinkle 60+ Day Cream50ml,£15.99,£31.98 per 100ml,,toiletries-beauty
NIVEA Q10 Power Anti-Wrinkle Ultra Recovery Night Face Serum,NIVEA Q10 Power Anti-Wrinkle Ultra...30ml,£14,£46.67 per 100ml,,toiletries-beauty
Nivea Q10 Power Antiwrinkle + Firming Eye Cream,Nivea Q10 Power Antiwrink...15ml,£11.50,£76.67 per 100ml,,toiletries-beauty
Nivea Q10 Power Anti Wrinkle Age Spot Day Cream Spf30 ,Nivea Q10 Power Anti Wrinkle Ag...50ml,£13.99,£27.98 per 100ml,,toiletries-beauty
Nivea Q10 Power Face Mask,Nivea Q10 Power Face Mask,£4,,,toiletries-beauty
Nivea Q10 Serum Pearls Antiwrinkle Serum Boost ,Nivea Q10 Serum Pearls Antiwrinkle Serum Boost 30ml,£13,£43.33 per 100ml,,toiletries-beauty
NIVEA Refreshing Face Wash Gel,NIVEA Refreshing Face Wash Gel150ml,£3.50,£2.33 per 100ml,,toiletries-beauty
"NIVEA Refreshingly Soft Moisturising Cream for face, hands and body",NIVEA Refreshingly Soft Moisturising Cr...75ml,£2.39,£3.19 per 100ml,,toiletries-beauty
"NIVEA Shower Gel, Indulgent Moisture Cashmere","NIVEA Shower Gel, Indulge...250ml",£1,40p per 100ml,,toiletries-beauty
"NIVEA Soft Moisturising Cream for face, hands and body",NIVEA Soft Moisturising Cream f...300ml,£6.59,£2.20 per 100ml,,toiletries-beauty
"NIVEA Soft Moisturising Cream for face, hands and body",NIVEA Soft Moisturising Cream f...200ml,£4,£2.00 per 100ml,,toiletries-beauty
Nivea Sun Kids Moisturising Sun Spray 50+,Nivea Sun Kids Moistu...300ml,£10,£3.33 per 100ml,,toiletries-beauty
Nivea Sun Kids Protect & Sensitive Roll On SPF 50+,Nivea Sun Kids Protect & Sensitive Roll On SPF 50+50ml,£6,£12.00 per 100ml,,toiletries-beauty
Nivea Sun Kids Sensitive SPF 50+,Nivea Sun Kids Sensitive SPF 50+200ml,£8.50,£4.25 per 100ml,,toiletries-beauty
"NIVEA SUN Kids Suncream Spray SPF 50+, Coloured",NIVEA SUN Kids Suncream S...200ml,£7,£3.50 per 100ml,,toiletries-beauty
Nivea Sun Kids Swim & Play SPF 50,Nivea Sun Kids Swim & Play SPF 50150ml,£4.85,£3.23 per 100ml,,toiletries-beauty
Nivea Sun Moisturising Lotion SPF 15,Nivea Sun Moisturising Lotion SPF 15200ml,£4.85,£2.43 per 100ml,,toiletries-beauty
Nivea Sun Protect & Moisture Moisturising Sun Lotion SPF 20 Medium ,Nivea Sun Protect & Moisture Moisturisi...200ml,£6,£3.00 per 100ml,,toiletries-beauty
Nivea Sun Protect Lip Balm With Spf 30 ,Nivea Sun Protect Lip Balm With Spf 30 4.8g,£2.75,£5.73 per 10g,,toiletries-beauty
Nivea Sun Sensitive Immediate Protect Spf 50+ ,Nivea Sun Sensitive Immediate Protect Spf 50+ 200ml,£6.50,£3.25 per 100ml,,toiletries-beauty
Nurofen Joint & Muscular Pain Relief 200Mg Medicated Plasters,Nurofen Joint & Muscular Pain Relie...2 per pack,£8,£4.00 each,,toiletries-beauty
Nurofen Pain Relief 256mg Caplets Ibuprofen,Nurofen Pain Relief 256mg Caplets Ibuprofen16 per pack,£3.50,21.9p each,,toiletries-beauty
Nutmeg 200 Paper Stemmed Cotton Buds,Nutmeg 200 Paper Stemmed Cotton Buds200 per pack,59p,0.3p each,,toiletries-beauty
Nutmeg Bath Flower,Nutmeg Bath Flower,£3,,,toiletries-beauty
Nutmeg Biodegradable Facial Wipes Fragrance Free,Nutmeg Biodegradable Facial...25 per pack,£1,4p each,,toiletries-beauty
Nutmeg Black Hair Grips,Nutmeg Black Hair Grips30 per pack,£1.25,4.2p each,,toiletries-beauty
Nutmeg Black Velvet Scrunchies,Nutmeg Black Velvet Scrunchies,£1.75,,"Offer price £1.75, was £2",toiletries-beauty
Nutmeg Blonde Hair Grips,Nutmeg Blonde Hair Grips30 per pack,£1.25,4.2p each,,toiletries-beauty
Nutmeg Blusher Brush,Nutmeg Blusher Brush,£3,,,toiletries-beauty
Nutmeg Brown Hair Grips,Nutmeg Brown Hair Grips30 per pack,£1.25,4.2p each,,toiletries-beauty
Nutmeg Comb,Nutmeg Comb4 per pack,£2,50p each,,toiletries-beauty
Nutmeg Detangler,Nutmeg Detangler,£5,,,toiletries-beauty
Nutmeg Dressing Comb,Nutmeg Dressing Comb,£1,,,toiletries-beauty
Nutmeg Dry Shampoo Fabulously Fruity ,Nutmeg Dry Shampoo Fabulously Fruity 200ml,£1.75,87.5p per 100ml,,toiletries-beauty
Nutmeg Dry Shampoo Floral ,Nutmeg Dry Shampoo Floral 200ml,£1.75,87.5p per 100ml,,toiletries-beauty
Nutmeg Dry Skin Facial Wipes ,Nutmeg Dry Skin Facial Wipes 25 per pack,99p,4p each,,toiletries-beauty
Nutmeg Emery Board 10 Pack,Nutmeg Emery Board 10 Pack,£1.30,,,toiletries-beauty
Nutmeg Exfoliating Bath Sponge,Nutmeg Exfoliating Bath Sponge,£1.49,,,toiletries-beauty
Nutmeg Extra Firm Hold Hairspray ,Nutmeg Extra Firm Hold Hairspray 300ml,£1.50,50p per 100ml,,toiletries-beauty
Nutmeg Eyelash Curler With 2 Replacement Pads,Nutmeg Eyelash Curler With 2 Replacement Pads,£3,,,toiletries-beauty
Nutmeg Eye Shadow Brush,Nutmeg Eye Shadow Brush,£3,,,toiletries-beauty
Nutmeg Facial Cleansing Brush,Nutmeg Facial Cleansing Brush,£4,,,toiletries-beauty
Nutmeg Facial Moisturiser,Nutmeg Facial Moisturiser100ml,£1,£1.00 per 100ml,,toiletries-beauty
Nutmeg Fragrance Free Cleansing Gel ,Nutmeg Fragrance Free Cleansing Gel 150ml,£1.25,83.3p per 100ml,,toiletries-beauty
Nutmeg Girls Red & White Hair Elastics,Nutmeg Girls Red & White Hair Elastics16 per pack,£2,12.5p each,,toiletries-beauty
Nutmeg Glitter Snaps On Clips 6Pk,Nutmeg Glitter Snaps On Clips 6Pk,£2,,,toiletries-beauty
Nutmeg Kids 0-2 years Toothbrush,Nutmeg Kids 0-2 years Toothbrush,£1,,,toiletries-beauty
Nutmeg Kids 3+ Years Berry Stripe Toothpaste ,Nutmeg Kids 3+ Years Berry Stripe Toothpaste 75ml,£1,£1.33 per 100ml,,toiletries-beauty
Nutmeg Kids 6+ Mint Toothpaste ,Nutmeg Kids 6+ Mint Toothpaste 75ml,£1,£1.33 per 100ml,,toiletries-beauty
Nutmeg Kids Coloured Grip Hair Band,Nutmeg Kids Coloured Grip Hair Band5 per pack,£3,60p each,,toiletries-beauty
Nutmeg Kids Coloured Hair Bobbles,Nutmeg Kids Coloured Hair Bobbles5 per pack,£2,40p each,,toiletries-beauty
Nutmeg Kids Mild Mint Toothpaste 0-2 Years,Nutmeg Kids Mild Mint Toothpaste 0-2 Years75ml,£1,£1.33 per 100ml,,toiletries-beauty
Nutmeg Kids Mouthwash Cool Mint,Nutmeg Kids Mouthwash Cool Mint300ml,£1.50,50p per 100ml,,toiletries-beauty
Nutmeg Kids Patterned Hair Elastics 12Pk,Nutmeg Kids Patterned Hair Elastics 12Pk12 per pack,£1.50,12.5p each,,toiletries-beauty
Nutmeg Kids Toothbrush 3-5 Years ,Nutmeg Kids Toothbrush 3-5 Years ,£1,,,toiletries-beauty
Nutmeg Kids Toothbrush 6+ Years ,Nutmeg Kids Toothbrush 6+ Years ,£1,,,toiletries-beauty
Nutmeg Long Handled Wooden Bath Brush,Nutmeg Long Handled Wooden Bath Brush,£5,,,toiletries-beauty
Nutmeg Make Up Wedge 16 Pcs,Nutmeg Make Up Wedge 16 Pcs,£3,,,toiletries-beauty
Nutmeg Manicure Set 4 Pcs,Nutmeg Manicure Set 4 Pcs,£3,,,toiletries-beauty
Nutmeg Medium Claw Clips,Nutmeg Medium Claw Clips4 per pack,£2,50p each,,toiletries-beauty
Nutmeg Micellar Water,Nutmeg Micellar Water500ml,£1.80,36p per 100ml,"Offer price £1.80, was £2",toiletries-beauty
Nutmeg Nail File,Nutmeg Nail File,£1,,"Offer price £1, was £1.50",toiletries-beauty
Nutmeg Normal Facial Skin Wipes ,Nutmeg Normal Facial Skin Wipes 25 per pack,99p,4p each,,toiletries-beauty
Nutmeg Paddle Brush,Nutmeg Paddle Brush,£4,,,toiletries-beauty
Nutmeg Powder Brush,Nutmeg Powder Brush,£3,,,toiletries-beauty
Nutmeg Sapphire File With Cap,Nutmeg Sapphire File With Cap,£1.50,,,toiletries-beauty
Nutmeg School Essentials Navy & White Hair Elastics,Nutmeg School Essentials Navy...16 per pack,£2,12.5p each,,toiletries-beauty
Nutmeg Sensitive Facial Wipes ,Nutmeg Sensitive Facial Wipes 25 per pack,99p,4p each,,toiletries-beauty
Nutmeg Small Claw Clips 12Pk,Nutmeg Small Claw Clips 12Pk,£2,,,toiletries-beauty
Nutmeg Snap On Tortoise Clip,Nutmeg Snap On Tortoise Clip6 per pack,£1.50,25p each,,toiletries-beauty
Nutmeg Tea Tree Exfoliator Wash ,Nutmeg Tea Tree Exfoliator Wash 150ml,£1.80,£1.20 per 100ml,"Offer price £1.80, was £2",toiletries-beauty
Nutmeg Tea Tree Foaming Wash,Nutmeg Tea Tree Foaming Wash150ml,£1.80,£1.20 per 100ml,"Offer price £1.80, was £2",toiletries-beauty
Nutmeg Tea Tree Mattifying Moisturiser ,Nutmeg Tea Tree Mattifying Moisturiser 50ml,£1.80,£3.60 per 100ml,"Offer price £1.80, was £2",toiletries-beauty
Nutmeg Thick Hair Elastics For Blonde Hair,Nutmeg Thick Hair Elastics For Blonde Hair12 per pack,£1.75,14.6p each,,toiletries-beauty
Nutmeg Thin Glitter Hair Elastics,Nutmeg Thin Glitter Hair Elastics18 per pack,£1,5.5p each,"Offer price £1, was £1.50",toiletries-beauty
Nutmeg Thin Hair Elastics Black,Nutmeg Thin Hair Elastics Black18 per pack,£1.75,9.7p each,,toiletries-beauty
Nutmeg Women Thick Black Hair Elastics,Nutmeg Women Thick Black Hair Elastics12 per pack,£1.75,14.6p each,,toiletries-beauty
Nutmeg Women Thick Brown Hair Elastics,Nutmeg Women Thick Brown Hair Elastics12 per pack,£1.75,14.6p each,,toiletries-beauty
Nutrisse Black 1,Nutrisse Black 1,£8,,Buy 2 for £11.50,toiletries-beauty
Nutrisse Blonde 8,Nutrisse Blonde 8,£8,,Buy 2 for £11.50,toiletries-beauty
Nutrisse Dark Blonde 7,Nutrisse Dark Blonde 7,£8,,Buy 2 for £11.50,toiletries-beauty
 Nutrisse Dark Quartz 3.23, Nutrisse Dark Quartz 3.23,£8,,Buy 2 for £11.50,toiletries-beauty
Nutrisse Extra Light Blonde 100,Nutrisse Extra Light Blonde 100,£8,,Buy 2 for £11.50,toiletries-beauty
 Nutrisse Golden Brown 5.3, Nutrisse Golden Brown 5.3,£8,,Buy 2 for £11.50,toiletries-beauty
Nutrisse Ice Blonde 10.1,Nutrisse Ice Blonde 10.1,£8,,Buy 2 for £11.50,toiletries-beauty
 Nutrisse Light Blonde 9, Nutrisse Light Blonde 9,£8,,Buy 2 for £11.50,toiletries-beauty
Nutrisse Mocha Brown 5,Nutrisse Mocha Brown 5,£8,,Buy 2 for £11.50,toiletries-beauty
 Nutrisse Natural Light Ash Blonde 9.13, Nutrisse Natural Light Ash Blonde 9.13,£8,,Buy 2 for £11.50,toiletries-beauty
Nutrisse Natural Medium Beige Blonde 8.13,Nutrisse Natural Medium Beige Blonde 8.13,£8,,Buy 2 for £11.50,toiletries-beauty
Nutrisse Ultra Colour Vibrant Red 5.62,Nutrisse Ultra Colour Vibrant Red 5.62,£8,,Buy 2 for £11.50,toiletries-beauty
Ogx Anti Frizz Kukui Hydrating Oil,Ogx Anti Frizz Kukui Hydrating Oil118ml,£9,£7.63 per 100ml,,toiletries-beauty
Ogx Argan Light Conditioner,Ogx Argan Light Conditioner385ml,£7,£1.82 per 100ml,,toiletries-beauty
Ogx Argan Light Miracle Water,Ogx Argan Light Miracle Water177ml,£10,£5.65 per 100ml,,toiletries-beauty
Ogx Argan Light Shampoo,Ogx Argan Light Shampoo385ml,£7,£1.82 per 100ml,,toiletries-beauty
Ogx Brazillian Keratin Smooth Conditioner ,Ogx Brazillian Keratin Smooth Conditioner 385ml,£7,£1.82 per 100ml,,toiletries-beauty
Ogx Brazillian Keratin Smooth Shampoo ,Ogx Brazillian Keratin Smooth Shampoo 385ml,£7,£1.82 per 100ml,,toiletries-beauty
Ogx Colour Care Conditioner,Ogx Colour Care Conditioner385ml,£8,£2.08 per 100ml,,toiletries-beauty
Ogx Colour Care Shampoo,Ogx Colour Care Shampoo385ml,£8,£2.08 per 100ml,,toiletries-beauty
Ogx Damage Remedy + Coconut Miracle Oil Conditioner,Ogx Damage Remedy + Coconut M...385ml,£8,£2.08 per 100ml,,toiletries-beauty
Ogx Damage Remedy + Coconut Miracle Oil Penetrating Oil,Ogx Damage Remedy + Coconut Mir...100ml,£9,£9.00 per 100ml,,toiletries-beauty
Ogx Damage Remedy + Coconut Miracle Oil Shampoo,Ogx Damage Remedy + Cocon...385ml,£8,£2.08 per 100ml,,toiletries-beauty
Ogx Keratin Smoothing Conditioner,Ogx Keratin Smoothing Conditioner385ml,£8,£2.08 per 100ml,,toiletries-beauty
Ogx Keratin Smoothing Shampoo ,Ogx Keratin Smoothing Shampoo 385ml,£8,£2.08 per 100ml,,toiletries-beauty
Ogx Nourishing Coconut Milk Conditioner ,Ogx Nourishing Coconut Milk Conditioner 385ml,£7,£1.82 per 100ml,,toiletries-beauty
Ogx Nourishing Coconut Milk Shampoo,Ogx Nourishing Coconut Milk Shampoo385ml,£7,£1.82 per 100ml,,toiletries-beauty
Ogx Renewing + Argan Oil Of Morocco Penetrating Oil,Ogx Renewing + Argan Oil Of M...100ml,£9,£9.00 per 100ml,,toiletries-beauty
Ogx Renewing Argan Oil Of Morocca Shampoo,Ogx Renewing Argan Oil Of Morocca Shampoo385ml,£7,£1.82 per 100ml,,toiletries-beauty
Ogx Renewing Argan Oil Of Morocco Conditioner ,Ogx Renewing Argan Oil Of Morocco Conditioner 385ml,£7,£1.82 per 100ml,,toiletries-beauty
Ogx Renewing Argan Oil Of Morocco Conditioner,Ogx Renewing Argan Oil Of Morocco Conditioner88.7ml,£2.50,£2.82 per 100ml,,toiletries-beauty
Ogx Renewing Argan Oil Of Morocco Shampoo ,Ogx Renewing Argan Oil Of Morocco Shampoo 88.7ml,£2.50,£2.82 per 100ml,,toiletries-beauty
Ogx Thick & Full Biotin & Collagen Conditioner,Ogx Thick & Full Biotin & Collagen Conditioner385ml,£7,£1.82 per 100ml,,toiletries-beauty
Ogx Thick & Full Biotin & Collagen Shampoo,Ogx Thick & Full Biotin & Collagen Shampoo385ml,£7,£1.82 per 100ml,,toiletries-beauty
Olay Anti-Wrinkle 2 In 1 Day Moisturiser Cream & Serum,Olay Anti-Wrinkle 2 In 1 Day Mo...50ml,£6,£12.00 per 100ml,"Offer price £6, was £13.99",toiletries-beauty
Olay Anti-Wrinkle Eye Cream Renewal Gel ,Olay Anti-Wrinkle Eye Cream Renewal Gel 15ml,£6,£40.00 per 100ml,"Offer price £6, was £13.99",toiletries-beauty
Olay Anti-Wrinkle Firm & Lift Daily Moisturiser Fluid SPF,Olay Anti-Wrinkle Firm & Lift Dai...100ml,£6,£6.00 per 100ml,"Offer price £6, was £13.99",toiletries-beauty
Olay Anti-Wrinkle Firm & Lift Day Moisturiser Cream,Olay Anti-Wrinkle Firm & Lift Day Moisturiser Cream50ml,£6,£12.00 per 100ml,"Offer price £6, was £13.99",toiletries-beauty
Olay Anti Wrinkle Anti-ageing Day Cream Moisturiser ,Olay Anti Wrinkle Anti-ageing...50ml,£6,£12.00 per 100ml,"Offer price £6, was £13.99",toiletries-beauty
Olay Anti Wrinkle Night Moisturiser Cream,Olay Anti Wrinkle Night Moisturiser Cream50ml,£6,£12.00 per 100ml,"Offer price £6, was £13.99",toiletries-beauty
Olay Beauty Face & Body Fluid Normal/Dry Combo ,Olay Beauty Face & Body Fluid Normal/Dry Combo 200ml,£7,£3.50 per 100ml,,toiletries-beauty
Olay Beauty Face & Body Fluid Sensitive ,Olay Beauty Face & Body Fluid Sensitive 200ml,£7,£3.50 per 100ml,,toiletries-beauty
Olay Cleanse Foaming Cleansing Jelly ,Olay Cleanse Foaming Cleansing Jelly 150ml,£4,£2.67 per 100ml,,toiletries-beauty
Olay Cleanse Nourishing Balm Cleanser Dry Skin,Olay Cleanse Nourishing Balm Cleanser Dry Skin150ml,£4,£2.67 per 100ml,,toiletries-beauty
Olay Collagen Peptide24 Day Face Cream,Olay Collagen Peptide24 Day Face Cream15ml,£18.99,£126.60 per 100ml,"Offer price £18.99, was £37.99",toiletries-beauty
Olay Complete Care Day Cream Moisturiser SPF 15 ,Olay Complete Care Day Cream Moisturiser SPF 15 50ml,£7,£14.00 per 100ml,,toiletries-beauty
Olay Complete Care Normal Day Moisturiser Fluid SPF15,Olay Complete Care Normal Day...100ml,£4,£4.00 per 100ml,,toiletries-beauty
Olay Complete Care Sensitive Day Fluid Moisturiser SPF15,Olay Complete Care Sensitive Da...100ml,£4,£4.00 per 100ml,,toiletries-beauty
Olay Complete Care Sensitive Moisturiser Cream ,Olay Complete Care Sensit...50ml,£7,£14.00 per 100ml,,toiletries-beauty
Olay Daily Cleansing Face Wipes Normal Skin,Olay Daily Cleansing Face Wipes Normal Skin150ml,£5,£3.33 per 100ml,,toiletries-beauty
Olay Daily Facials Face Wipes Micellar Clean - Sensitive Skin 30 Cloths,Olay Daily Facials Face Wipes Micellar Cl...30 per pack,£7,23.3p each,,toiletries-beauty
Olay Double Action Day Moisturiser Cream Normal/Dry,Olay Double Action Day Moistu...50ml,£5,£10.00 per 100ml,,toiletries-beauty
Olay Double Action Day Sensitive Cream Moisturiser & Primer,Olay Double Action Day Sensitive...50ml,£5,£10.00 per 100ml,,toiletries-beauty
Olay Eyes Retinol Max Night Eye Cream,Olay Eyes Retinol Max Night Eye Cream15ml,£40,£266.67 per 100ml,,toiletries-beauty
Olay Make-Up Face Cream Melting Cleanser Milk,Olay Make-Up Face Cream M...200ml,£4,£2.00 per 100ml,,toiletries-beauty
Olay Micellar Water Cleanser,Olay Micellar Water Cleanser237ml,£7,£2.95 per 100ml,,toiletries-beauty
Olay Refresh & Glow Cleanser Toner,Olay Refresh & Glow Cleanser Toner200ml,£4,£2.00 per 100ml,,toiletries-beauty
Olay Regenerist 3 Point Day Cream SPF30 Moisturiser,Olay Regenerist 3 Point Day C...50ml,£33.99,£67.98 per 100ml,,toiletries-beauty
Olay Regenerist 3 Point Super Age-Defying Moisturiser,Olay Regenerist 3 Point Super...50ml,£33.99,£67.98 per 100ml,,toiletries-beauty
Olay Regenerist Day Cream,Olay Regenerist Day Cream150ml,£18.99,£12.66 per 100ml,"Offer price £18.99, was £37.99",toiletries-beauty
Olay Regenerist Day Serum,Olay Regenerist Day Serum40ml,£18.99,£47.48 per 100ml,"Offer price £18.99, was £37.99",toiletries-beauty
Olay Regenerist Moisturiser Night,Olay Regenerist Moisturiser Night50ml,£33.99,£67.98 per 100ml,,toiletries-beauty
Olay Regenerist Retinol 24 Night Moisturiser,Olay Regenerist Retinol 24 Night Moisturiser50ml,£18.99,£37.98 per 100ml,"Offer price £18.99, was £37.99",toiletries-beauty
Olay Regenerist Retinol 24 Night Serum,Olay Regenerist Retinol 24 Night Serum40ml,£18.99,£47.48 per 100ml,"Offer price £18.99, was £37.99",toiletries-beauty
Olay Regenerist Ultra Rich Day Face Cream Rich Feel ,Olay Regenerist Ultra Rich Day Face Cream Rich Feel 50ml,£37.99,£75.98 per 100ml,,toiletries-beauty
Olay Regenerist Ultra Rich Fragrance Free Day Cream ,Olay Regenerist Ultra Rich Fr...50ml,£35,£70.00 per 100ml,,toiletries-beauty
Olay Regenerist Whip Active Moisturiser Spf30,Olay Regenerist Whip Active Moisturiser Spf3050ml,£37.99,£75.98 per 100ml,,toiletries-beauty
Olay Retinol 24 Max Night Cream,Olay Retinol 24 Max Night Cream50ml,£40,£80.00 per 100ml,,toiletries-beauty
Olay Retinol 24 Night Eye Cream Fragrance Free ,Olay Retinol 24 Night Eye Cream Fragrance Free 15ml,£18.99,£126.60 per 100ml,"Offer price £18.99, was £37.99",toiletries-beauty
Olay Total Effect CC Complexion Corrector Fragrance Free ,Olay Total Effect CC Complexion C...37ml,£16.99,£45.92 per 100ml,,toiletries-beauty
Olay Total Effects 7-In-1 Eye Transforming Eye Cream,Olay Total Effects 7-In-1 Eye...15ml,£16.99,£113.27 per 100ml,,toiletries-beauty
Olay Total Effects 7in1 Anti-ageing Night Cream Moisturiser,Olay Total Effects 7in1 Anti-agei...50ml,£16.99,£33.98 per 100ml,,toiletries-beauty
Olay Total Effects Day Moisturiser Cream SPF 15 ,Olay Total Effects Day Moisturiser Cream SPF 15 50ml,£16.99,£33.98 per 100ml,,toiletries-beauty
Olay Total Effects Featherweight Moisturiser SPF 15,Olay Total Effects Featherwei...50ml,£16.99,£33.98 per 100ml,,toiletries-beauty
Olay Total Effects Moisturiser & Serum Duo,Olay Total Effects Moisturiser & Serum Duo40ml,£16.99,£42.48 per 100ml,,toiletries-beauty
Old Spice Captain Deodorant Body Spray,Old Spice Captain Deodorant Body Spray150ml,£3.75,£2.50 per 100ml,,toiletries-beauty
Old Spice Captain Deodorant Stick,Old Spice Captain Deodorant Stick50ml,£3,£6.00 per 100ml,,toiletries-beauty
Old Spice Deodorant Body Spray Deep Sea,Old Spice Deodorant Body Spray Deep Sea150ml,£3,£2.00 per 100ml,,toiletries-beauty
Old Spice Deodorant Stick Men,Old Spice Deodorant Stick Men50ml,£3,£6.00 per 100ml,,toiletries-beauty
Old Spice Original After Shave,Old Spice Original After Shave150ml,£9.50,£6.33 per 100ml,,toiletries-beauty
Old Spice Shower Gel + Shampoo Captain,Old Spice Shower Gel + Shampoo Captain400ml,£3.75,93.8p per 100ml,,toiletries-beauty
Old Spice Shower Gel Deep Sea With Minerals,Old Spice Shower Gel Deep Sea With Minerals400ml,£3.50,87.5p per 100ml,,toiletries-beauty
Orajel Dental Gel,Orajel Dental Gel5.3g,£3.50,£66.04 per 100g,,toiletries-beauty
Oral-B 3D Glamorous White Toothpaste,Oral-B 3D Glamorous White Toothpaste75ml,£5,£6.67 per 100ml,,toiletries-beauty
Oral-B 3D White Arctic Fresh Whitening Toothpaste,Oral-B 3D White Arctic Fres...75ml,£2.50,£3.34 per 100ml,"Offer price £2.50, was £4",toiletries-beauty
Oral-B 3D White Brilliance Medium Toothbrush ,Oral-B 3D White Brilliance Medium Toothbrush ,£2,,"Offer price £2, was £3",toiletries-beauty
Oral-B 3D White Clinical Whitening Restore Diamond Clean Toothpaste ,Oral-B 3D White Clinical Whit...70ml,£16,£22.86 per 100ml,,toiletries-beauty
Oral-B 3D White Luxe Blast Whitening Toothpaste,Oral-B 3D White Luxe Blas...75ml,£5,£6.67 per 100ml,,toiletries-beauty
Oral-B 3D White Luxe Perfection Charcoal Toothpaste,Oral-B 3D White Luxe Perfecti...75ml,£5,£6.67 per 100ml,,toiletries-beauty
Oral-B 3D White Luxe Perfection Whitening Toothpaste,Oral-B 3D White Luxe Perfecti...75ml,£5,£6.67 per 100ml,Oral B 3D White Luxe Perfection - Buy 3 for £9,toiletries-beauty
Oral-B 3DWhite Replacement Electric Toothbrush Heads Pack of 2,Oral-B 3DWhite Replacemen...2 per pack,£12,£6.00 each,,toiletries-beauty
Oral-B 3DWhite Replacement Electric Toothbrush Heads Pack of 4,Oral-B 3DWhite Replacemen...4 per pack,£12,£3.00 each,"Offer price £12, was £18",toiletries-beauty
Oral-B 3D White Vitalizing Fresh Whitening Toothpaste,Oral-B 3D White Vitalizing Fr...75ml,£2.50,£3.34 per 100ml,"Offer price £2.50, was £4",toiletries-beauty
Oral-B 3D White Whitening Therapy Toothpaste Enamel Care,Oral-B 3D White Whitening Thera...75ml,£2.50,£3.34 per 100ml,"Offer price £2.50, was £5",toiletries-beauty
Oral-B 3D White Whitening Therapy With Charcoal Toothpaste,Oral-B 3D White Whitening Therapy...75ml,£2.50,£3.34 per 100ml,"Offer price £2.50, was £5",toiletries-beauty
Oral-B Allrounder Clean Black Toothbrushes,Oral-B Allrounder Clean Black Toothbrushes3 per pack,£2,66.5p each,"Offer price £2, was £4",toiletries-beauty
Oral-B Battery Powered Pulsar 3D White Luxe Toothbrush,Oral-B Battery Powered Pulsar 3...,£7,,,toiletries-beauty
Oral-B Complete 5 Way Clean Medium Toothbrush ,Oral-B Complete 5 Way Clean Medium Toothbrush ,£2.85,,,toiletries-beauty
Oral-B Complete Ultimate Fresh Toothpaste,Oral-B Complete Ultimate Fresh Toothpaste75ml,£1.25,£1.67 per 100ml,,toiletries-beauty
Oral-B Cross Action Black Electronic Toothbrush Heads,Oral-B Cross Action Black Ele...2 per pack,£12,£6.00 each,,toiletries-beauty
Oral-B Cross Action Electric Toothbrush Heads,Oral-B Cross Action Electric Toothbrush Heads8 per pack,£15,£1.88 each,"Offer price £15, was £30",toiletries-beauty
Oral-B CrossAction Electric Toothbrush Heads With Clean Maximiser,Oral-B CrossAction Electric Toothbrus...2 per pack,£8,£4.00 each,"Offer price £8, was £11",toiletries-beauty
Oral-B Cross Action Replacement Electric Toothbrush Heads,Oral-B Cross Action Replacement E...4 per pack,£18,£4.50 each,,toiletries-beauty
Oral-B Densify Daily Protection Toothpaste 75ml,Oral-B Densify Daily Prot...75ml,£8,£10.67 per 100ml,,toiletries-beauty
Oral-B Densify Gentle Whitening Toothpaste 75ml,Oral-B Densify Gentle Whi...75ml,£8,£10.67 per 100ml,,toiletries-beauty
Oral-B Electric Toothbrush Featuring Frozen Characters Powered by Braun,Oral-B Electric Toothbrush Fe...,£20,,"Offer price £20, was £33",toiletries-beauty
Oral-B Expert Sensitive & Gentle White Toothpaste,Oral-B Expert Sensitive & Gentle White Toothpaste75ml,£2.25,£3.00 per 100ml,,toiletries-beauty
Oral-B Gum and Enamel Repair Gentle Whitening Toothpaste,Oral-B Gum and Enamel Repair Ge...75ml,£2.50,£3.34 per 100ml,"Offer price £2.50, was £5",toiletries-beauty
Oral-B Gum and Enamel Repair Original Toothpaste,Oral-B Gum and Enamel Repai...75ml,£2.50,£3.34 per 100ml,"Offer price £2.50, was £5",toiletries-beauty
Oral-B Indicator Medium Toothbrushes,Oral-B Indicator Medium Toothbrushes3 per pack,£5,£1.67 each,,toiletries-beauty
Oral-B Indicator Plus Toothbrush 35 Medium,Oral-B Indicator Plus Toothbrush 35 Medium,£2,,,toiletries-beauty
Oral-B Junior Rechargeable Purple Electric Toothbrush 6+ Years ,Oral-B Junior Rechargeabl...,£50,,,toiletries-beauty
Oral-B Power Vitality 3D White Quadrant Timer Toothbrush,Oral-B Power Vitality 3D White...,£20,,,toiletries-beauty
Oral-B Precision Clean Black Db5 Battery Toothbrush,Oral-B Precision Clean Black...,£8,,"Offer price £8, was £16",toiletries-beauty
Oral-B Precision Cleaner Teeth Refills,Oral-B Precision Cleaner Teeth Refills8 per pack,£25,£3.13 each,,toiletries-beauty
Oral-B Precision Clean Replacement Electric Toothbrush Heads,Oral-B Precision Clean Replacement...4 per pack,£12,£3.00 each,"Offer price £12, was £18",toiletries-beauty
Oral-B Precision Clean Replacement Electric Toothbrush Heads,Oral-B Precision Clean Replacement...2 per pack,£12,£6.00 each,,toiletries-beauty
Oral-B Pro-Expert Advanced Science Deep Clean Toothpaste,Oral-B Pro-Expert Advanced Scie...75ml,£6,£8.00 per 100ml,,toiletries-beauty
Oral-B Pro-Expert Advanced Science Extra Whitening Toothpaste,Oral-B Pro-Expert Advanced Science...75ml,£6,£8.00 per 100ml,,toiletries-beauty
Oral-B Pro-Expert Anti Plaque Toothbrush,Oral-B Pro-Expert Anti Plaque Toothbrush,£3.70,,,toiletries-beauty
Oral-B Pro-Expert Criss Cross Bristles Toothbrushes,Oral-B Pro-Expert Criss Cross...3 per pack,£3,£1.00 each,"Offer price £3, was £6",toiletries-beauty
Oral-B Pro-Expert Deep Clean Toothpaste,Oral-B Pro-Expert Deep Clean Toothpaste75ml,£2.25,£3.00 per 100ml,,toiletries-beauty
Oral-B Pro-Expert Fresh Breath Whitening Toothpaste,Oral-B Pro-Expert Fresh Breat...75ml,£2.25,£3.00 per 100ml,,toiletries-beauty
Oral-B Pro-Expert Professional Protection Mouthwash,Oral-B Pro-Expert Professiona...500ml,£4.50,90p per 100ml,,toiletries-beauty
Oral-B Pro-Expert White Toothpaste,Oral-B Pro-Expert White Toothpaste75ml,£2.25,£3.00 per 100ml,,toiletries-beauty
Oral-B Pro 1 680 3dw Pink Rechargeable Toothbrush + Travel Case,Oral-B Pro 1 680 3dw Pink Rechargeabl...,£60,,,toiletries-beauty
Oral-B Pro 1 680 Black Electric Rechargeable Toothbrush & Travel Case,Oral-B Pro 1 680 Black Electric Rechargea...,£60,,,toiletries-beauty
Oral-B Pro 3 - 3000 - Electric Toothbrush,Oral-B Pro 3 - 3000 - Electric Toothbrush,£90,,,toiletries-beauty
Oral-B Pro 3 - 3000 - Electric Toothbrush,Oral-B Pro 3 - 3000 - Electric Toothbrush,£100,,,toiletries-beauty
Oral-B Pro 3 3500 Black Electric Toothbrush + Travel Case,Oral-B Pro 3 3500 Black Electric...,£45,,"Offer price £45, was £100",toiletries-beauty
Oral-B Pro 600 3D White Electric Toothbrush Powered By Braun,Oral-B Pro 600 3D White Electric To...,£30,,"Offer price £30, was £60",toiletries-beauty
Oral-B Pro 600 Cross Action Electric Toothbrush Powered by Braun,Oral-B Pro 600 Cross Action Electric...,£30,,"Offer price £30, was £60",toiletries-beauty
Oral-B Pro dw Pink Rechargeable Toothbrush + Travel Case,Oral-B Pro dw Pink Rechargeable...3 x 3500 per pack,£50,0.5p each,"Offer price £50, was £100",toiletries-beauty
Oral-B Pro Expert Gum & Enamel Repair Extra Fresh Toothpaste,Oral-B Pro Expert Gum & Enamel Repa...75ml,£2.50,£3.34 per 100ml,"Offer price £2.50, was £5",toiletries-beauty
Oral-B Pro Expert Healthy White Toothpaste,Oral-B Pro Expert Healthy White Toothpaste125ml,£3.50,£2.80 per 100ml,"Offer price £3.50, was £7",toiletries-beauty
Oral-B Pro Expert Professional Protection Toothpaste,Oral-B Pro Expert Professiona...125ml,£3.50,£2.80 per 100ml,"Offer price £3.50, was £7",toiletries-beauty
Oral-B Pulsar Pro-Expert Vibrating Medium Toothbrush,Oral-B Pulsar Pro-Expert Vibr...,£4,,"Offer price £4, was £7",toiletries-beauty
Oral-B Sensitive Clean Electric Toothbrush Heads,Oral-B Sensitive Clean Electric Toothbrush Heads2 per pack,£8,£4.00 each,"Offer price £8, was £12",toiletries-beauty
Oral-B Sensitivity & Gum Calm Gentle Whitening Toothpaste,Oral-B Sensitivity & Gum Calm Gen...75ml,£5,£6.67 per 100ml,,toiletries-beauty
Oral-B Sensitivity & Gum Calm Original Toothpaste,Oral-B Sensitivity & Gum Calm Original Toothpaste75ml,£5,£6.67 per 100ml,,toiletries-beauty
Oral-B Vitality Plus 3D White Pink Electric Toothbrush Powered by Braun,Oral-B Vitality Plus 3D White...,£25,,"Offer price £25, was £50",toiletries-beauty
Oral-B Vitality Plus Blue Cross Action Electric Toothbrush,Oral-B Vitality Plus Blue Cross A...,£25,,"Offer price £25, was £50",toiletries-beauty
Oral-B Vitality Pro Black + Lilac Duo Rechargeable Toothbrushes,Oral-B Vitality Pro Black + Lilac Duo...,£80,,,toiletries-beauty
Oral-B Vitality Pro Black Electric Rechargeable Toothbrush,Oral-B Vitality Pro Black Electri...,£50,,,toiletries-beauty
Oral-B Vitality Pro Lilac Mist Electric Rechargeable Toothbrush,Oral-B Vitality Pro Lilac Mist Electr...,£50,,,toiletries-beauty
Oral B EB25-4 Floss Refills 4 ,Oral B EB25-4 Floss Refills 4 4 per pack,£12,£3.00 each,"Offer price £12, was £18",toiletries-beauty
Oral B Power Sensitive Ultra Thin Replacement Brush Heads ,Oral B Power Sensitive Ultra Thin...4 per pack,£18,£4.50 each,,toiletries-beauty
Oral B Pulsar Pro-Expert Toothbrush 35 Medium ,Oral B Pulsar Pro-Expert Toothbrush 35 Medium 2 per pack,£13,£6.50 each,,toiletries-beauty
Oraldene Antibacterial Mouthwash ,Oraldene Antibacterial Mouthwash 200ml,£5,£2.50 per 100ml,,toiletries-beauty
Organic Children Berry Smoothie Conditioner ,Organic Children Berry Smoothie Conditioner 200ml,£12.05,£6.03 per 100ml,,toiletries-beauty
Organic Children Lavender Conditioner ,Organic Children Lavender Conditioner 200ml,£11,£5.50 per 100ml,,toiletries-beauty
Organic Children Mandarin & Aloe Vera Fluoride Free Toothpaste,Organic Children Mandarin & Aloe Ve...50ml,£5,£10.00 per 100ml,,toiletries-beauty
Organic Children Mandarin & Aloe Vera Fluoride Toothpaste,Organic Children Mandarin & Aloe...50ml,£5,£10.00 per 100ml,,toiletries-beauty
Organic Children Spearmint & Aloe Vera Fluoride Free Toothpaste,Organic Children Spearmint & Aloe Ver...50ml,£5,£10.00 per 100ml,,toiletries-beauty
Organic Children SPF 30 Sun Cream Scent Free,Organic Children SPF 30 Sun Cream Scent Free150ml,£23,£15.33 per 100ml,,toiletries-beauty
Organic Children SPF 30 Sun Cream Scent Free Travel Size ,Organic Children SPF 30 Sun Cream...50ml,£12.50,£25.00 per 100ml,,toiletries-beauty
Original Source Blue (Watermint And Guarana) Foaming Shower Gel,Original Source Blue (Watermint And G...250ml,£1.62,64.8p per 100ml,,toiletries-beauty
Original Source Coconut & Shea Butter Shower Gel,Original Source Coconut & Shea Butter Shower Gel500ml,£1.90,38p per 100ml,"Offer price £1.90, was £2",toiletries-beauty
Original Source Coconut Shower Gel,Original Source Coconut Shower Gel250ml,£1,40p per 100ml,"Offer price £1, was £1.49",toiletries-beauty
Original Source Lemon & Tea Tree Shower Gel,Original Source Lemon & Tea Tree Shower Gel500ml,£1.90,38p per 100ml,"Offer price £1.90, was £2",toiletries-beauty
Original Source Lemon Shower Gel,Original Source Lemon Shower Gel250ml,£1,40p per 100ml,"Offer price £1, was £1.49",toiletries-beauty
Original Source Lime Shower Gel,Original Source Lime Shower Gel250ml,£1,40p per 100ml,"Offer price £1, was £1.49",toiletries-beauty
Original Source Mango Shower Gel,Original Source Mango Shower Gel500ml,£1.90,38p per 100ml,"Offer price £1.90, was £2",toiletries-beauty
Original Source Mint & Tea Tree S/G,Original Source Mint & Tea Tree S/G50ml,£1.50,£3.00 per 100ml,,toiletries-beauty
Original Source Mint & Tea Tree Shower Gel,Original Source Mint & Tea Tree Shower Gel500ml,£1.90,38p per 100ml,"Offer price £1.90, was £2",toiletries-beauty
Original Source Plant Based Bar Soap Lavender & Rosemary,Original Source Plant Based Bar...100g,£2,£2.00 per 100g,"Offer price £2, was £3",toiletries-beauty
Original Source Plant Based Bar Soap Lemongrass & Sweet Orange ,Original Source Plant Bas...100g,£2,£2.00 per 100g,"Offer price £2, was £3",toiletries-beauty
Original Source Plant Based Bodywash Lavender & Rosemary,Original Source Plant Based Bod...335ml,£2,59.7p per 100ml,"Offer price £2, was £3",toiletries-beauty
Original Source Plant Based Bodywash Lemongrass & Sweet Orange,Original Source Plant Bas...335ml,£2,59.7p per 100ml,"Offer price £2, was £3",toiletries-beauty
Original Source Plant Based Handwash Lavender & Rosemary ,Original Source Plant Based Handw...335ml,£2,59.7p per 100ml,"Offer price £2, was £3",toiletries-beauty
Original Source Plant Based Handwash Lemongrass & Sweet Orange,Original Source Plant Bas...335ml,£2,59.7p per 100ml,"Offer price £2, was £3",toiletries-beauty
Original Source Sea Salt And Samphire Shower,Original Source Sea Salt And Samphire Shower250ml,£1,40p per 100ml,"Offer price £1, was £1.49",toiletries-beauty
Original Source Shower Gel Lavender,Original Source Shower Gel Lavender250ml,£1,40p per 100ml,"Offer price £1, was £1.49",toiletries-beauty
Original Source Tea Tree & Mint Shower Gel,Original Source Tea Tree & Mint Shower Gel250ml,£1,40p per 100ml,"Offer price £1, was £1.49",toiletries-beauty
Original Source Vanilla & Raspberry Shower Gel,Original Source Vanilla & Raspberry Shower Gel250ml,£1,40p per 100ml,"Offer price £1, was £1.49",toiletries-beauty
Original Sprout Children's Deep Conditioner ,Original Sprout Children's Deep Conditioner 354ml,£14.99,£4.23 per 100ml,,toiletries-beauty
Original Sprout Children's Detangler Spray,Original Sprout Children's Detangler Spray118ml,£12.99,£11.01 per 100ml,,toiletries-beauty
Original Sprout Children's Natural Curl Calmer ,Original Sprout Children's Natural Curl Calmer 118ml,£10.99,£9.31 per 100ml,,toiletries-beauty
Palmer's Cocoa Butter Biotin Length Retention Conditioner,Palmer's Cocoa Butter Biotin Leng...400ml,£4.50,£1.13 per 100ml,,toiletries-beauty
Palmer's Cocoa Butter Formula Biotin Length Retention Shampoo,Palmer's Cocoa Butter Formula Bioti...400ml,£5,£1.25 per 100ml,,toiletries-beauty
Palmer's Cocoa Butter Formula Lip Balm With Spf 15 Original ,Palmer's Cocoa Butter Formula Lip B...4g,£1.50,£37.50 per 100g,"Offer price £1.50, was £2.50",toiletries-beauty
Palmer's Cocoa Butter Formula with Vitamin E Concentrated Cream,Palmer's Cocoa Butter Formula with Vi...60g,£1.50,£2.50 per 100g,"Offer price £1.50, was £2.25",toiletries-beauty
Palmer's Cocoa Butter Fragrance Free   Lotion ,Palmer's Cocoa Butter Fragrance Free   Lotion 250ml,£3,£1.20 per 100ml,"Offer price £3, was £4.30",toiletries-beauty
Palmer's Cocoa Butter Lotion,Palmer's Cocoa Butter Lotion250ml,£3,£1.20 per 100ml,"Offer price £3, was £4.30",toiletries-beauty
Palmer's Cocoa    Butter Lotion    Pump ,Palmer's Cocoa    Butter Lotion    Pump 400ml,£4,£1.00 per 100ml,"Offer price £4, was £6",toiletries-beauty
Palmer's Coconut Oil Fomula Moisturising Body Lotion ,Palmer's Coconut Oil Fomula M...400ml,£4,£1.00 per 100ml,"Offer price £4, was £6",toiletries-beauty
Palmer's Coconut Oil Formula Body Lotion ,Palmer's Coconut Oil Formula Body Lotion 250ml,£3,£1.20 per 100ml,"Offer price £3, was £4",toiletries-beauty
Palmer's Coconut Oil Formula Hand Cream With Vitamin E ,Palmer's Coconut Oil Formula Ha...60g,£1.50,£2.50 per 100g,"Offer price £1.50, was £2.50",toiletries-beauty
Palmer's Coconut Oil Formula Leave In Conditioner,Palmer's Coconut Oil Formul...250ml,£6.29,£2.52 per 100ml,,toiletries-beauty
Palmers Coconut Oil Formula Moisture Gro Hairdress,Palmers Coconut Oil Formula...150g,£4.50,£3.00 per 100g,,toiletries-beauty
Palmer's Coconut Oil Lip Balm SPF 15 ,Palmer's Coconut Oil Lip Balm SPF 15 4g,£1.50,£37.50 per 100g,"Offer price £1.50, was £2",toiletries-beauty
Palmer's Original Formula Cocoa Butter,Palmer's Original Formula Cocoa Butter200g,£5.50,£2.75 per 100g,"Offer price £5.50, was £7.50",toiletries-beauty
Palmolive Aquarium Handwash,Palmolive Aquarium Handwash300ml,£1.15,38.3p per 100ml,,toiletries-beauty
Palmolive Hygiene Plus Sensitive Handwash with Aloe Vera ,Palmolive Hygiene Plus Sensitive...300ml,£1.15,38.3p per 100ml,,toiletries-beauty
Palmolive Lather Shave     ,Palmolive Lather Shave     100ml,£1.80,£1.80 per 100ml,,toiletries-beauty
Palmolive Memories Of Nature Sunset Relax Shower Gel ,Palmolive Memories Of Nature...250ml,£1,40p per 100ml,Palmolive - 3 for £2.80,toiletries-beauty
Palmolive Naturals Milk & Honey Handwash ,Palmolive Naturals Milk & Honey Handwash 300ml,£1.15,38.3p per 100ml,,toiletries-beauty
Palmolive Naturals Milk & Honey Pump Shower Gel ,Palmolive Naturals Milk & Honey Pump Shower Gel 750ml,£2.80,37.3p per 100ml,,toiletries-beauty
Palmolive Naturals Milk and Honey Shower Gel ,Palmolive Naturals Milk and Honey Shower Gel 250ml,£1,40p per 100ml,,toiletries-beauty
Palmolive Naturals Moisture Care with Olive Bar Soap,Palmolive Naturals Moisture C...3 x 90g,£1.40,51.9p per 100g,,toiletries-beauty
Palmolive Pampering Touch Shower Milk,Palmolive Pampering Touch Shower Milk250ml,£1,40p per 100ml,,toiletries-beauty
Palmolive Wellness Massage Shower Gel,Palmolive Wellness Massage Shower Gel250ml,£1,40p per 100ml,Palmolive - 3 for £2.80,toiletries-beauty
Palmolive Wellness Revive Shower Gel,Palmolive Wellness Revive Shower Gel250ml,£1,40p per 100ml,Palmolive - 3 for £2.80,toiletries-beauty
Pantene Biology Menopause Shampoo,Pantene Biology Menopause Shampoo250ml,£8,£3.20 per 100ml,,toiletries-beauty
Pantene Classic Clean Shampoo ,Pantene Classic Clean Shampoo 400ml,£3,75p per 100ml,Buy 2 for £5,toiletries-beauty
Pantene Classic Hair Conditioner,Pantene Classic Hair Conditioner275ml,£3,£1.09 per 100ml,Buy 2 for £5,toiletries-beauty
Pantene Color Pro-V Miracles Hair Conditioner,Pantene Color Pro-V Miracles Hair Conditioner275ml,£3,£1.09 per 100ml,"Offer price £3, was £6",toiletries-beauty
Pantene Color Pro V Miracles Shampoo,Pantene Color Pro V Miracles Shampoo400ml,£3,75p per 100ml,"Offer price £3, was £6",toiletries-beauty
Pantene Colour Hair Conditioner,Pantene Colour Hair Conditioner275ml,£3,£1.09 per 100ml,Buy 2 for £5,toiletries-beauty
Pantene Colour Protect Shampoo ,Pantene Colour Protect Shampoo 400ml,£3,75p per 100ml,Buy 2 for £5,toiletries-beauty
 Pantene Conditioner Frizz No More Miracles, Pantene Conditioner Frizz No More Miracles275ml,£3,£1.09 per 100ml,"Offer price £3, was £6",toiletries-beauty
 Pantene Defriz And Illuminate Shampoo, Pantene Defriz And Illuminate Shampoo250ml,£8,£3.20 per 100ml,,toiletries-beauty
Pantene Defrizz And Illuminate Conditioner,Pantene Defrizz And Illuminate Conditioner160ml,£8,£5.00 per 100ml,,toiletries-beauty
Pantene Full And Vibrant Conditioner,Pantene Full And Vibrant Conditioner160ml,£8,£5.00 per 100ml,,toiletries-beauty
Pantene Full And Vibrant Shampoo,Pantene Full And Vibrant Shampoo250ml,£8,£3.20 per 100ml,,toiletries-beauty
Pantene Hair Biology Cleanse & Reconstruct Conditioner,Pantene Hair Biology Cleanse &...160ml,£8,£5.00 per 100ml,,toiletries-beauty
Pantene Hair Biology Cleanse & Reconstruct Shampoo,Pantene Hair Biology Cleans...250ml,£8,£3.20 per 100ml,,toiletries-beauty
Pantene Hair Mask Cleanse & Reconstruct,Pantene Hair Mask Cleanse & Reconstruct160ml,£10,£6.25 per 100ml,,toiletries-beauty
Pantene Hair Mask De-frizz & Illuminate,Pantene Hair Mask De-frizz & Illuminate160ml,£10,£6.25 per 100ml,,toiletries-beauty
Pantene Hair Mask Full & Vibrant,Pantene Hair Mask Full & Vibrant160ml,£10,£6.25 per 100ml,,toiletries-beauty
Pantene Hair Mask Repair,Pantene Hair Mask Repair20ml,£6,£30.00 per 100ml,,toiletries-beauty
Pantene Hair Mask Repair Styling,Pantene Hair Mask Repair Styling20ml,£6,£30.00 per 100ml,,toiletries-beauty
Pantene Hair Mask Shine,Pantene Hair Mask Shine20ml,£6,£30.00 per 100ml,,toiletries-beauty
Pantene Intense Frizz Tamer Hair Mask,Pantene Intense Frizz Tamer Hair Mask160ml,£3,£1.88 per 100ml,"Offer price £3, was £5.50",toiletries-beauty
Pantene Mask Silver & Glowing,Pantene Mask Silver & Glowing160ml,£3.50,£2.19 per 100ml,,toiletries-beauty
Pantene Menopause Hair Conditioner Revitalise ,Pantene Menopause Hair Conditioner Revitalise 160ml,£8,£5.00 per 100ml,,toiletries-beauty
Pantene Menopause Hair Mask Revitalise ,Pantene Menopause Hair Mask Revitalise 160ml,£10,£6.25 per 100ml,,toiletries-beauty
Pantene Miracle Mask Silk,Pantene Miracle Mask Silk300ml,£10,£3.33 per 100ml,,toiletries-beauty
Pantene Miracles Hair Conditioner Grow Strong ,Pantene Miracles Hair Conditioner Grow Strong 275ml,£3,£1.09 per 100ml,"Offer price £3, was £6",toiletries-beauty
Pantene Miracles Intense Hair Rescue Hair Mask ,Pantene Miracles Intense Hair Rescue Hair Mask 160ml,£3,£1.88 per 100ml,"Offer price £3, was £5.50",toiletries-beauty
 Pantene Miracles Purple Shampoo, Pantene Miracles Purple Shampoo225ml,£3,£1.34 per 100ml,"Offer price £3, was £6",toiletries-beauty
Pantene Miracles Shampoo,Pantene Miracles Shampoo400ml,£3,75p per 100ml,"Offer price £3, was £6",toiletries-beauty
Pantene Miracles Shampoo Grow Strong ,Pantene Miracles Shampoo Grow Strong 400ml,£3,75p per 100ml,"Offer price £3, was £6",toiletries-beauty
Pantene Miracles Silky & Glowing Conditioner ,Pantene Miracles Silky & Glowing Conditioner 275ml,£3,£1.09 per 100ml,"Offer price £3, was £6",toiletries-beauty
Pantene Miracles Silky & Glowing Shampoo ,Pantene Miracles Silky & Glowing Shampoo 400ml,£3,75p per 100ml,"Offer price £3, was £6",toiletries-beauty
Pantene Miracle Strong & Long Hair Mask,Pantene Miracle Strong & Long Hair Mask160ml,£3,£1.88 per 100ml,"Offer price £3, was £5.50",toiletries-beauty
 Pantene Pro-V Body & Strength Hair Mask, Pantene Pro-V Body & Strength Hair Mask160ml,£3,£1.88 per 100ml,"Offer price £3, was £5.50",toiletries-beauty
Pantene Pro-V Classic Clean 3in1 Shampoo + Conditioner + Treatment ,Pantene Pro-V Classic Clean 3in1 Shampo...300ml,£3,£1.00 per 100ml,Buy 2 for £5,toiletries-beauty
Pantene Pro-V Lift & Volume Shampoo,Pantene Pro-V Lift & Volume Shampoo400ml,£3,75p per 100ml,"Offer price £3, was £6",toiletries-beauty
Pantene Pro-V Lift&Volume Silicone Free Hair Conditioner,Pantene Pro-V Lift&Volume Silic...275ml,£3,£1.09 per 100ml,"Offer price £3, was £6",toiletries-beauty
Pantene Pro - V Miracles Lift & Volume Sulfate Free Shampoo,Pantene Pro - V Miracles Lift & V...225ml,£3,£1.34 per 100ml,"Offer price £3, was £6",toiletries-beauty
Pantene Pro-V Repair & Protect Keratin Hair Mask,Pantene Pro-V Repair & Protect Keratin Hair Mask300ml,£4.99,£1.66 per 100ml,,toiletries-beauty
Pantene Pro-V Smooth & Sleek 3in1 Shampoo + Conditioner +Treatment ,Pantene Pro-V Smooth & Sleek 3in1 Shamp...300ml,£3,£1.00 per 100ml,Buy 2 for £5,toiletries-beauty
Pantene Repair & Protect Hair Conditioner,Pantene Repair & Protect Hair Conditioner275ml,£3,£1.09 per 100ml,Buy 2 for £5,toiletries-beauty
Pantene Repair & Protect Hair Oil For Damaged Hair,Pantene Repair & Protect Hair Oil For Damaged Hair100ml,£7.99,£7.99 per 100ml,,toiletries-beauty
Pantene Repair & Protect Miracle Serum,Pantene Repair & Protect Miracle Serum220ml,£5,£2.27 per 100ml,,toiletries-beauty
Pantene Repair & Protect Shampoo,Pantene Repair & Protect Shampoo400ml,£3,75p per 100ml,Buy 2 for £5,toiletries-beauty
Pantene Roots Awakener Hair Mask With Caffeine,Pantene Roots Awakener Hair Mask With Caffeine100ml,£10,£10.00 per 100ml,,toiletries-beauty
 Pantene Shampoo Frizz No More Miracles, Pantene Shampoo Frizz No More Miracles400ml,£3,75p per 100ml,"Offer price £3, was £6",toiletries-beauty
Pantene Smooth & Silky Hair Conditioner,Pantene Smooth & Silky Hair Conditioner275ml,£3,£1.09 per 100ml,Buy 2 for £5,toiletries-beauty
Pantenesmooth&Silkyshampo,Pantenesmooth&Silkyshampo400ml,£3,75p per 100ml,Buy 2 for £5,toiletries-beauty
Pantene Smooth & Sleek Keratin Hair Mask For Frizzy and Dull Hair,Pantene Smooth & Sleek Keratin Hair M...300ml,£4.50,£1.50 per 100ml,,toiletries-beauty
Pantene Smooth & Sleek Miracle Serum 220ml,Pantene Smooth & Sleek Miracle Serum 220ml220ml,£5,£2.27 per 100ml,,toiletries-beauty
Pantene Smooth and Sleek Hair Oil For Frizzy And Dull Hair,Pantene Smooth and Sleek Hair Oil...100ml,£7.99,£7.99 per 100ml,,toiletries-beauty
Pantene Volume Fine Hair Conditioner,Pantene Volume Fine Hair Conditioner275ml,£3,£1.09 per 100ml,Buy 2 for £5,toiletries-beauty
Pantene Volume Shampoo,Pantene Volume Shampoo400ml,£3,75p per 100ml,Buy 2 for £5,toiletries-beauty
Peach Pure Tea Tree Oil ,Peach Pure Tea Tree Oil 10ml,£2.50,£25.00 per 100ml,,toiletries-beauty
Pears Gentle Care Transparent Soap,Pears Gentle Care Transparent Soap75g,59p,78.7p per 100g,,toiletries-beauty
Pears Hand Wash,Pears Hand Wash237ml,£2.25,94.9p per 100ml,,toiletries-beauty
Pears Shower Gel,Pears Shower Gel250ml,£2,80p per 100ml,,toiletries-beauty
Pepe Jeans Him Spray,Pepe Jeans Him Spray30ml,£14.95,£49.83 per 100ml,,toiletries-beauty
Pepe Jeans London Gift Set ,Pepe Jeans London Gift Set 30ml,£29,£96.67 per 100ml,,toiletries-beauty
Peppa Pig Bath & Shower Gel ,Peppa Pig Bath & Shower Gel 400ml,£2,50p per 100ml,,toiletries-beauty
Perspirex For Men Regular Roll-On,Perspirex For Men Regular Roll-On20ml,£8.50,£42.50 per 100ml,,toiletries-beauty
Philips One Blade + 2 Blades,Philips One Blade + 2 Blades,£22,,,toiletries-beauty
Philips One Blade Razor,Philips One Blade Razor,£30,,,toiletries-beauty
Piz Buin Allergy Sun Sensitive Skin Face Cream SPF 50+ Very High,Piz Buin Allergy Sun Sensitive Skin F...50ml,£12,£24.00 per 100ml,,toiletries-beauty
Piz Buin Allergy Sun Sensitive Skin Lotion SPF 15 Medium,Piz Buin Allergy Sun Sensitive...200ml,£9,£4.50 per 100ml,,toiletries-beauty
Piz Buin Allergy Sun Sensitive Skin Lotion SPF 30 High,Piz Buin Allergy Sun Sensitive...200ml,£9,£4.50 per 100ml,,toiletries-beauty
Piz Buin Lotion Spf15,Piz Buin Lotion Spf15200ml,£7,£3.50 per 100ml,,toiletries-beauty
Piz Buin Moisturising Sun Lotion SPF30,Piz Buin Moisturising Sun Lotion SPF30200ml,£7,£3.50 per 100ml,,toiletries-beauty
Piz Buin Tan & Protect Accelerating Oil Spray 30 Spf,Piz Buin Tan & Protect Accele...150ml,£12,£8.00 per 100ml,,toiletries-beauty
Piz Buin Tan     Intensifier      ,Piz Buin Tan     Intensifier      200ml,£7,£3.50 per 100ml,,toiletries-beauty
Plantur 39 Conditioner,Plantur 39 Conditioner150ml,£7.50,£5.00 per 100ml,,toiletries-beauty
Plantur 39 Shampoo,Plantur 39 Shampoo250ml,£10,£4.00 per 100ml,,toiletries-beauty
Pmp Gillette Mach3 Value Pack Razor + 11 Blades,Pmp Gillette Mach3 Value Pack Razor + 11 Blades,£24,,,toiletries-beauty
Police Men Original EDT Spray,Police Men Original EDT Spray100ml,£10,£10.00 per 100ml,,toiletries-beauty
Police Original Eau De Toilette + Shower & Shampoo Gift Set ,Police Original Eau De Toilette + S...100ml,£30,£30.00 per 100ml,,toiletries-beauty
Poligrip Denture Adhesive Ultra Fixative Cream,Poligrip Denture Adhesive Ultra Fixative Cream40g,£3.50,£8.75 per 100g,,toiletries-beauty
Poligrip Denture Fixative Cream Flavour Free ,Poligrip Denture Fixative Cream Flavour Free 40g,£2.75,£6.88 per 100g,,toiletries-beauty
Poly Color Dark Brown 43,Poly Color Dark Brown 43,£2.25,,,toiletries-beauty
Poly Color Medium Brown 41,Poly Color Medium Brown 41,£2.25,,,toiletries-beauty
Poly Color Natural Brown 39,Poly Color Natural Brown 39,£2.25,,,toiletries-beauty
Professional Tools Carbon Technology Pad Brush,Professional Tools Carbon Technology Pad Brush,£8,,,toiletries-beauty
Professional Tools Carbon Technology Premium Metal Tail Comb,Professional Tools Carbon Technolog...,£3,,,toiletries-beauty
Professional Tools Carbon Technology Styling Brush,Professional Tools Carbon Technology Styling Brush,£8,,,toiletries-beauty
Profusion Cosmetics Blending Sponges 3 Pack,Profusion Cosmetics Blending Sponges 3 Pack,£5,,,toiletries-beauty
Profusion Cosmetics Lip Gloss Set,Profusion Cosmetics Lip Gloss Set,£6,,,toiletries-beauty
Provoke Advanced Hair Colour Remover,Provoke Advanced Hair Colour Remover60ml,£10,£16.67 per 100ml,,toiletries-beauty
Provoke Purple Toning Mask ,Provoke Purple Toning Mask 300ml,£4,£1.33 per 100ml,,toiletries-beauty
Provoke Touch Of Silver Brightening Shampoo 200ml,Provoke Touch Of Silver Bri...200ml,£4.50,£2.25 per 100ml,,toiletries-beauty
Provoke Touch Of Silver Colour Care Conditioner,Provoke Touch Of Silver Colour Care Conditioner400ml,£4.50,£1.13 per 100ml,,toiletries-beauty
Provoke Touch Of Silver Colour Care Shampoo ,Provoke Touch Of Silver Colour Care Shampoo 400ml,£4.50,£1.13 per 100ml,,toiletries-beauty
Provoke Touch Of Silver Leave in Conditioner Spray,Provoke Touch Of Silver Lea...150ml,£5,£3.33 per 100ml,,toiletries-beauty
Purifide Daily Moisturiser SPF 30,Purifide Daily Moisturiser SPF 3050ml,£11.24,£22.48 per 100ml,"Offer price £11.24, was £15",toiletries-beauty
Purifide Oil Control Moisturiser,Purifide Oil Control Moisturiser50ml,£11.24,£22.48 per 100ml,"Offer price £11.24, was £15",toiletries-beauty
Purifide Ph Control Face Wash ,Purifide Ph Control Face Wash 150ml,£6.66,£4.44 per 100ml,"Offer price £6.66, was £10",toiletries-beauty
Quickies Nail Varnish Remover Pads ,Quickies Nail Varnish Remover Pads 20 per pack,£2,10p each,,toiletries-beauty
Qvs Gentle Buffer Smooth & Polish,Qvs Gentle Buffer Smooth & Polish,£1.25,,"Offer price £1.25, was £1.50",toiletries-beauty
Qvs Nail File Medium Fine,Qvs Nail File Medium Fine,£1.25,,"Offer price £1.25, was £1.50",toiletries-beauty
Qvs Nail File Medium Fine ,Qvs Nail File Medium Fine 3 per pack,£2,66.6p each,"Offer price £2, was £2.50",toiletries-beauty
Qvs Pro Shaper Nail File Medium/Fine,Qvs Pro Shaper Nail File Medium/Fine,£1.25,,"Offer price £1.25, was £1.50",toiletries-beauty
Qvs Pro Shapers Nail File 2 Pack,Qvs Pro Shapers Nail File 2 Pack,£2.25,,,toiletries-beauty
Radox Bath Muscle Soak ,Radox Bath Muscle Soak 500ml,£1.50,30p per 100ml,,toiletries-beauty
Radox Bath Muscle Therapy ,Radox Bath Muscle Therapy 500ml,£1.50,30p per 100ml,,toiletries-beauty
Radox Bath Sleep ,Radox Bath Sleep 500ml,£1.50,30p per 100ml,,toiletries-beauty
Radox Feel Awake for Men 2in1 Shower Gel,Radox Feel Awake for Men 2in1 Shower Gel500ml,£2,40p per 100ml,,toiletries-beauty
Radox  Feel Awake for Men Shower Gel,Radox  Feel Awake for Men Shower Gel250ml,£1,40p per 100ml,,toiletries-beauty
Radox Feel Good Fragrance Nourish Shower Cream,Radox Feel Good Fragrance...250ml,£1,40p per 100ml,,toiletries-beauty
Radox Feel Heavenly Bath Soak,Radox Feel Heavenly Bath Soak500ml,£1.50,30p per 100ml,,toiletries-beauty
Radox Feel Ready Shower Gel,Radox Feel Ready Shower Gel250ml,£1,40p per 100ml,,toiletries-beauty
Radox Feel Refreshed Shower Gel,Radox Feel Refreshed Shower Gel250ml,£1,40p per 100ml,,toiletries-beauty
Radox Feel Relaxed Bath Soak,Radox Feel Relaxed Bath Soak500ml,£1.50,30p per 100ml,,toiletries-beauty
Radox Feel Uplifted Shower Gel ,Radox Feel Uplifted Shower Gel 500ml,£2,40p per 100ml,,toiletries-beauty
Radox Good Vibes Only Shower Gel ,Radox Good Vibes Only Shower Gel 500ml,£2,40p per 100ml,,toiletries-beauty
Radox Moisturise Shower Cream,Radox Moisturise Shower Cream250ml,£1,40p per 100ml,,toiletries-beauty
Radox  Moisturise Shower Gel,Radox  Moisturise Shower Gel500ml,£2,40p per 100ml,,toiletries-beauty
Radox Replenishing + Antibacterial Handwash ,Radox Replenishing + Antibacterial Handwash 250ml,£1,40p per 100ml,,toiletries-beauty
Radox Revive Shower Gel,Radox Revive Shower Gel250ml,£1,40p per 100ml,,toiletries-beauty
Radox Shower Gel Uplifting ,Radox Shower Gel Uplifting 250ml,£1,40p per 100ml,,toiletries-beauty
Ramer Large Soft Body Sponge,Ramer Large Soft Body Sponge,£3,,,toiletries-beauty
Ramer Soft Body Sponge Small,Ramer Soft Body Sponge Small,£2,,,toiletries-beauty
Real Techniques Antimicrobial Miracle Complexion Sponge,Real Techniques Antimicrobial M...,£7,,,toiletries-beauty
Real Techniques Easy As 1-2-3 Shadow Brush,Real Techniques Easy As 1-2-3 Shadow Brush,£8,,,toiletries-beauty
Real Techniques Easy As 123 Blusher Brush,Real Techniques Easy As 123 Blusher Brush,£8,,,toiletries-beauty
Real Techniques Easy As 123 Highlighter Brush,Real Techniques Easy As 123 Highlighter Brush,£8,,,toiletries-beauty
Replens MD Long Lasting Vaginal Moisturiser,Replens MD Long Lasting Vaginal Moisturiser35g,£11.50,£3.29 per 10g,,toiletries-beauty
Revolution Do Not Disturb Skin Treats Collection Gift Set ,Revolution Do Not Disturb Skin Tr...,£15,,,toiletries-beauty
Revolution Floral Mini Scented Candle Trio Gift Set,Revolution Floral Mini Scente...,£20,,,toiletries-beauty
Revolution Hydration Station Skin Revival Gift Set,Revolution Hydration Statio...,£30,,,toiletries-beauty
Revolution X Friends Makeup Kit Gift Set ,Revolution X Friends Makeup Kit Gift Set ,£30,,,toiletries-beauty
Right Guard Total Defence 5 Active Power Anti-Perspirant ,Right Guard Total Defence 5 Activ...250ml,£1.70,68p per 100ml,,toiletries-beauty
Right Guard Total Defence 5 Clean Deodorant Spray,Right Guard Total Defence 5 Clean Deodorant Spray250ml,£1.70,68p per 100ml,,toiletries-beauty
Right Guard Total Defence 5 Cool Deodorant Spray,Right Guard Total Defence 5 Cool Deodorant Spray250ml,£1.70,68p per 100ml,,toiletries-beauty
Right Guard Total Defence 5 Fresh Deodorant Spray,Right Guard Total Defence 5 Fresh Deodorant Spray250ml,£1.70,68p per 100ml,,toiletries-beauty
Right Guard Total Defence 5 Original Deodorant Spray,Right Guard Total Defence 5 O...250ml,£1.70,68p per 100ml,,toiletries-beauty
Right Guard Total Defence 5 Sport Anti-Perspirant,Right Guard Total Defence 5 Sport Anti-Perspirant250ml,£1.70,68p per 100ml,,toiletries-beauty
Right Guard Total Defence 5 Sport Deodorant Spray,Right Guard Total Defence 5 Sport Deodorant Spray250ml,£1.70,68p per 100ml,,toiletries-beauty
Right Guard Total Defense 5 Fresh Anti Antiperspirant Roll On,Right Guard Total Defense 5 Fresh A...50ml,£1.15,£2.30 per 100ml,,toiletries-beauty
Right Guard Women Total Defence 5 Invisible Anti-Perspirant,Right Guard Women Total Defence 5...250ml,£1.70,68p per 100ml,,toiletries-beauty
Right Guard Xtreme Cool Deodorant ,Right Guard Xtreme Cool Deodorant 150ml,£1.25,83.3p per 100ml,,toiletries-beauty
Right Guard Xtreme Cool Spray Anti-Perspirant,Right Guard Xtreme Cool Spray Anti-Perspirant150ml,£1.25,83.3p per 100ml,,toiletries-beauty
Right Guard Xtreme Fresh Anti-Perspirant Spray,Right Guard Xtreme Fresh Anti-Perspirant Spray150ml,£1.25,83.3p per 100ml,,toiletries-beauty
Right Guard Xtreme Invisible Anti-Perspirant Deodorant ,Right Guard Xtreme Invisible An...150ml,£1.25,83.3p per 100ml,,toiletries-beauty
Rimmel Lasting Radiance Concealer Fawn ,Rimmel Lasting Radiance Concealer Fawn 7ml,£8,£11.43 per 10ml,,toiletries-beauty
Rimmel Lasting Radiance Concealer Soft Beige ,Rimmel Lasting Radiance Concealer Soft Beige 7ml,£8,£11.43 per 10ml,,toiletries-beauty
Rimmel Lasting Radiance Foundation Mocha ,Rimmel Lasting Radiance Foundation Mocha 30ml,£10,£3.33 per 10ml,,toiletries-beauty
Rimmel London 100% Waterproof Mascara Black,Rimmel London 100% Wate...8ml,£5,£6.25 per 10ml,"Offer price £5, was £7",toiletries-beauty
Rimmel London 100% Waterproof Mascara Brown Black,Rimmel London 100% Waterpro...8ml,£5,£6.25 per 10ml,"Offer price £5, was £7",toiletries-beauty
Rimmel London 60 Seconds Super Shine Nail Polish Caramel Cupcake ,Rimmel London 60 Seconds Super Shine...8ml,£4,£5.00 per 10ml,,toiletries-beauty
Rimmel London 60 Seconds Super Shine Nail Polish Double Decker Red,Rimmel London 60 Seconds Super Shine Na...8ml,£4,£5.00 per 10ml,,toiletries-beauty
Rimmel London 60 Seconds Supershine Nail Polish Etheral ,Rimmel London 60 Seconds Supers...8ml,£4,£5.00 per 10ml,,toiletries-beauty
Rimmel London 60 Seconds Super Shine Nail Polish Sweet Retreat,Rimmel London 60 Seconds Super Shin...8ml,£4,£5.00 per 10ml,,toiletries-beauty
Rimmel London Exaggerate Liquid Liner 100% Black,Rimmel London Exaggerate Li...2.5ml,£6,£24.00 per 10ml,,toiletries-beauty
Rimmel London Extra Super Lash Mascara Black Black,Rimmel London Extra Super L...8ml,£5,£6.25 per 10ml,,toiletries-beauty
Rimmel London Extra Super Lash Mascara Brown Black,Rimmel London Extra Super L...8ml,£5,£6.25 per 10ml,,toiletries-beauty
Rimmel London Glam'Eyes Professional Liquid Liner Black Glamour,Rimmel London Glam'Eyes Professional...3.5ml,£6,£17.14 per 10ml,,toiletries-beauty
Rimmel London Hide The Blemish Concealer 001 Ivory,Rimmel London Hide The Blem...,£5,,,toiletries-beauty
Rimmel London Hide The Blemish Concealer 002 Sand,Rimmel London Hide The Blem...,£5,,,toiletries-beauty
Rimmel London Hide The Blemish Concealer 004 Natural Beige,Rimmel London Hide The Blemish Co...,£5,,,toiletries-beauty
Rimmel London Lasting Finish 25HR Foundation 100 Ivory,Rimmel London Lasting Finish 25...30ml,£10,£3.33 per 10ml,,toiletries-beauty
Rimmel London Lasting Finish 25HR Foundation 103 True Ivory,Rimmel London Lasting Finish 25HR...30ml,£9,£3.00 per 10ml,,toiletries-beauty
Rimmel London Lasting Finish 25HR Foundation 200 Soft Beige,Rimmel London Lasting Finish 25HR...30ml,£10,£3.33 per 10ml,,toiletries-beauty
Rimmel London Lasting Finish 25HR Foundation 201 Classic Beige,Rimmel London Lasting Finish 25HR F...30ml,£10,£3.33 per 10ml,,toiletries-beauty
Rimmel London Lasting Finish 25HR Foundation 303 True Nude,Rimmel London Lasting Finish 25HR...30ml,£10,£3.33 per 10ml,,toiletries-beauty
Rimmel London Lasting Finish 25R Foundation 400 Natural Beige,Rimmel London Lasting Finish 25R Fo...30ml,£10,£3.33 per 10ml,,toiletries-beauty
Rimmel London Lasting Finish Lipstick Drop Of Sherry,Rimmel London Lasting Finish...4g,£4.50,£11.25 per 10g,"Offer price £4.50, was £6",toiletries-beauty
Rimmel London Lasting Finish Lipstick Heather Shimmer,Rimmel London Lasting Finish...4g,£4.50,£11.25 per 10g,"Offer price £4.50, was £6",toiletries-beauty
Rimmel London Lasting Finish Lipstick Nude Pink,Rimmel London Lasting Finish Lipstick Nude Pink4g,£4.50,£11.25 per 10g,"Offer price £4.50, was £6",toiletries-beauty
Rimmel London Lasting Finish Primer,Rimmel London Lasting Finish Primer30ml,£8,£2.67 per 10ml,,toiletries-beauty
Rimmel London Match Perfection Skin Tone Adaptive Concealer 010 Porcelain,Rimmel London Match Perfection...,£7,,,toiletries-beauty
Rimmel London Match Perfection Skin Tone Adaptive Concealer 050 True Beige,Rimmel London Match Perfection...,£7,,,toiletries-beauty
Rimmel London Match Perfection Skin Tone Adaptive Concealer 060 Mocha,Rimmel London Match Perfectio...,£7,,,toiletries-beauty
Rimmel London Nail Nurse Stronger Nail Polish Base Coat,Rimmel London Nail Nurse Strong...12ml,£4.50,£3.75 per 10ml,,toiletries-beauty
Rimmel London Oh My Gloss! Lip Gloss Purr Glossy Cat,Rimmel London Oh My Gloss! Li...6.5ml,£5,£7.69 per 10ml,"Offer price £5, was £7",toiletries-beauty
Rimmel London Oh My Gloss! Lip Gloss Stay My Rose,Rimmel London Oh My Gloss!...6.5ml,£5,£7.69 per 10ml,"Offer price £5, was £7",toiletries-beauty
Rimmel London Professional Eyebrow Pencil Dark Brown,Rimmel London Professional Ey...,£4.50,,,toiletries-beauty
Rimmel London Scandaleyes Reloaded Mascara Black ,Rimmel London Scandaleyes R...12ml,£9,£7.50 per 10ml,,toiletries-beauty
Rimmel London Soft Kohl Eyeliner Pencil Jet Black,Rimmel London Soft Kohl Eyeliner Pencil Jet Black,£3,,,toiletries-beauty
Rimmel London Soft Kohl Eyeliner Pencil Sable Brown,Rimmel London Soft Kohl Eyeli...,£3,,,toiletries-beauty
Rimmel London Stay Matte Pressed Powder Peach Glow,Rimmel London Stay Matte Pr...,£4.50,,,toiletries-beauty
Rimmel London Stay Matte Pressed Powder Sandstorm,Rimmel London Stay Matte Pr...,£4.50,,,toiletries-beauty
Rimmel London Stay Matte Pressed Powder Silky Beige,Rimmel London Stay Matte Pres...,£4.50,,,toiletries-beauty
Rimmel London Stay Matte Pressed Powder Transparent,Rimmel London Stay Matte Pres...,£4.50,,,toiletries-beauty
Rimmel London Super Gel French Manicure Nail Polish English Rose,Rimmel London Super Gel French Manicu...12ml,£6,£5.00 per 10ml,"Offer price £6, was £7",toiletries-beauty
Rimmel London Super Gel Nail Polish Grape Sorbet,Rimmel London Super Gel Nail Polish Grape Sorbet12ml,£6,£5.00 per 10ml,"Offer price £6, was £7",toiletries-beauty
Rimmel London Super Gel Nail Polish New Romantic,Rimmel London Super Gel Nail Polish New Romantic12ml,£6,£5.00 per 10ml,"Offer price £6, was £7",toiletries-beauty
Rimmel London Super Gel Nail Polish Top Coat,Rimmel London Super Gel Nail Polish Top Coat12ml,£6,£5.00 per 10ml,"Offer price £6, was £7",toiletries-beauty
Rimmel London Super Gel Nail Polish Urban Affair,Rimmel London Super Gel Nail Polish Urban Affair12ml,£6,£5.00 per 10ml,"Offer price £6, was £7",toiletries-beauty
Rimmel London WonderLuxe Volume Mascara Black,Rimmel London WonderLuxe...11ml,£9.50,£8.64 per 10ml,,toiletries-beauty
Rimmel Match Perfection Foundation 504 Deep Mocha ,Rimmel Match Perfection Fou...30ml,£4.50,£15.00 per 100ml,,toiletries-beauty
Rimmel Match Perfection Foundation Soft Beige,Rimmel Match Perfection Foundation Soft Beige30ml,£9,£3.00 per 10ml,,toiletries-beauty
Root Perfect Instant Root Concealer Spray Black,Root Perfect Instant Root Concealer Spray Black75ml,£3,£4.00 per 100ml,,toiletries-beauty
Root Perfect Instant Root Concealer Spray Blonde,Root Perfect Instant Root Concealer Spray Blonde75ml,£3,£4.00 per 100ml,,toiletries-beauty
Root Perfect Instant Root Concealer Spray Dark Brown,Root Perfect Instant Root Con...75ml,£3,£4.00 per 100ml,,toiletries-beauty
Root Perfect Instant Root Concealer Spray Light Brown,Root Perfect Instant Root Con...75ml,£3,£4.00 per 100ml,,toiletries-beauty
Root Perfect Instant Root Concealer Spray Medium Brown,Root Perfect Instant Root Conce...75ml,£3,£4.00 per 100ml,,toiletries-beauty
Sally Hansen Advanced Hard As Nails Strengthener Clear 13.3 Ml,Sally Hansen Advanced Har...,£6,,,toiletries-beauty
Sally Hansen Double Duty Base & Top Coat 13.3 Ml,Sally Hansen Double Duty Base & Top Coat 13.3 Ml,£6,,,toiletries-beauty
Sanex Biome Protect Anti-Irritation Deodorant Spray,Sanex Biome Protect Anti-Irritation Deodorant Spray200ml,£2,£1.00 per 100ml,"Offer price £2, was £3",toiletries-beauty
Sanex Biome Protect Anti-Irritation Roll On Deodorant,Sanex Biome Protect Anti-Irri...50ml,£1.95,£3.90 per 100ml,,toiletries-beauty
Sanex Biome Protect Dermo Hypoallergenic Bath Foam ,Sanex Biome Protect Dermo Hyp...450ml,£3,66.7p per 100ml,,toiletries-beauty
Sanex Biome Protect Dermo Hypoallergenic Shower Gel ,Sanex Biome Protect Dermo Hyp...450ml,£3,66.7p per 100ml,,toiletries-beauty
Sanex Biome Protect Dermo Kids Head To Toe Wash,Sanex Biome Protect Dermo...450ml,£3,66.7p per 100ml,,toiletries-beauty
Sanex Biome Protect Dermo Moisturising Bath Foam,Sanex Biome Protect Dermo M...450ml,£2.50,55.6p per 100ml,"Offer price £2.50, was £3",toiletries-beauty
Sanex Biome Protect Dermo Moisturising Shower Gel,Sanex Biome Protect Dermo M...450ml,£3,66.7p per 100ml,,toiletries-beauty
Sanex Biome Protect Dermo Pro Hydrate Shower Cream ,Sanex Biome Protect Dermo Pro...450ml,£3,66.7p per 100ml,,toiletries-beauty
Sanex Biome Protect Dermo Sensitive Bath Foam,Sanex Biome Protect Dermo...450ml,£2.50,55.6p per 100ml,"Offer price £2.50, was £3",toiletries-beauty
Sanex Biome Protect Dermo Sensitive Shower Cream,Sanex Biome Protect Dermo S...450ml,£3,66.7p per 100ml,,toiletries-beauty
Sanex Biome Protect Moisturising Deodorant Spray,Sanex Biome Protect Moistur...200ml,£2,£1.00 per 100ml,"Offer price £2, was £3",toiletries-beauty
Sanex Biome Protect Moisturising Roll On Deodorant,Sanex Biome Protect Moistur...50ml,£1.95,£3.90 per 100ml,,toiletries-beauty
Sanex Biome Protect Plus Atopicare Bath And Shower Oil ,Sanex Biome Protect Plus Atopic...414ml,£2.50,60.4p per 100ml,"Offer price £2.50, was £3",toiletries-beauty
Sanex Dermo Care Roll On Deodorant ,Sanex Dermo Care Roll On Deodorant 50ml,£1.25,£2.50 per 100ml,,toiletries-beauty
Sanex Dermo Invisible 24H Deodorant ,Sanex Dermo Invisible 24H Deodorant 65ml,£1.50,£2.31 per 100ml,"Offer price £1.50, was £2.45",toiletries-beauty
Sanex Dermo Invisible Antiperspirant Deodorant Spray ,Sanex Dermo Invisible Antiper...250ml,£2.50,£1.00 per 100ml,,toiletries-beauty
Sanex Dermo Invisible Dry Antiperspirant Roll On Deodorant ,Sanex Dermo Invisible Dry Antiper...50ml,£1.25,£2.50 per 100ml,,toiletries-beauty
Sanex Dermo Sensitive Anti-Perspirant Deodorant ,Sanex Dermo Sensitive Anti-Perspirant Deodorant 250ml,£2.50,£1.00 per 100ml,,toiletries-beauty
Sanex Dermo Sensitive Roll On Deodorant  ,Sanex Dermo Sensitive Roll On Deodorant  50ml,£1.25,£2.50 per 100ml,,toiletries-beauty
Sanex Dermo Sensitive Skin Hypoallergenic Bar Soap,Sanex Dermo Sensitive Skin...2 x 90g,£1,5.6p per 10g,,toiletries-beauty
Sanex for Men Dermo Active Control Anti-Perspirant 48H Roll On,Sanex for Men Dermo Active Control...50ml,£1.25,£2.50 per 100ml,,toiletries-beauty
Sanex Natur Protect Invisible Fresh With Natural Bamboo,Sanex Natur Protect Invisible F...50ml,£1.50,£3.00 per 100ml,,toiletries-beauty
Sanex Skin Protect Gentle Clean Shower Gel,Sanex Skin Protect Gentle Clean Shower Gel200ml,£1.25,62.5p per 100ml,,toiletries-beauty
Sanex Skin Protect Nourishing Shower Gel,Sanex Skin Protect Nourishing Shower Gel200ml,£1.25,62.5p per 100ml,,toiletries-beauty
Sanex Zero% Hydrating Shower Gel For All Skin Types,Sanex Zero% Hydrating Shower...225ml,£2.50,£1.11 per 100ml,,toiletries-beauty
Sanex Zero % Kids Head To Toe Wash,Sanex Zero % Kids Head To Toe Wash450ml,£2.50,55.6p per 100ml,"Offer price £2.50, was £3",toiletries-beauty
Sanex Zero % Normal Skin Bath Foam,Sanex Zero % Normal Skin Bath Foam450ml,£2.50,55.6p per 100ml,"Offer price £2.50, was £3",toiletries-beauty
Sanex Zero% Nourishing Shower Gel For Dry Skin,Sanex Zero% Nourishing Shower Gel For Dry Skin225ml,£2.50,£1.11 per 100ml,,toiletries-beauty
Sanex Zero % Sensitive Skin Shower Gel,Sanex Zero % Sensitive Skin Shower Gel450ml,£3,66.7p per 100ml,,toiletries-beauty
Sarah Jessica Parker Lovely Eau De Parfum Spray,Sarah Jessica Parker Love...100ml,£19.95,£19.95 per 100ml,,toiletries-beauty
Scholl Dry Skin Cream ,Scholl Dry Skin Cream 75ml,£6,£8.00 per 100ml,,toiletries-beauty
Schwarzkopf got2b 2Sexy Volumising Hairspray,Schwarzkopf got2b 2Sexy Volumising Hairspray300ml,£4,£1.34 per 100ml,"Offer price £4, was £5",toiletries-beauty
Schwarzkopf got2b Beach Matt Paste,Schwarzkopf got2b Beach Matt Paste100ml,£4,£4.00 per 100ml,"Offer price £4, was £5",toiletries-beauty
Schwarzkopf got2b Beach Matt Salt Spray,Schwarzkopf got2b Beach Matt Salt Spray200ml,£4,£2.00 per 100ml,"Offer price £4, was £5",toiletries-beauty
 Schwarzkopf Got2B Extra Fresh Dry Shampoo, Schwarzkopf Got2B Extra Fresh Dry Shampoo200ml,£2,£1.00 per 100ml,"Offer price £2, was £3",toiletries-beauty
Schwarzkopf Got2B Extra Volume Dry Shampoo,Schwarzkopf Got2B Extra Volume Dry Shampoo200ml,£2,£1.00 per 100ml,"Offer price £2, was £3",toiletries-beauty
Schwarzkopf got2b Glued Blasting Freeze Spray,Schwarzkopf got2b Glued Blasting Freeze Spray300ml,£4,£1.34 per 100ml,"Offer price £4, was £5",toiletries-beauty
Schwarzkopf Got2B Glued Blasting Freeze Spray ,Schwarzkopf Got2B Glued Blasting Freeze Spray 100ml,£3,£3.00 per 100ml,,toiletries-beauty
Schwarzkopf Got2b Glued Spiking Wax,Schwarzkopf Got2b Glued Spiking Wax75ml,£4,£5.33 per 100ml,"Offer price £4, was £4.50",toiletries-beauty
Schwarzkopf Got2b Heat Protecting Spray,Schwarzkopf Got2b Heat Protecting Spray200ml,£4,£2.00 per 100ml,"Offer price £4, was £4.50",toiletries-beauty
Schwarzkopf got2b iStyler Texture Clay,Schwarzkopf got2b iStyler Texture Clay75ml,£4,£5.33 per 100ml,"Offer price £4, was £4.50",toiletries-beauty
Schwarzkopf Got2b Oil-Licious Dry Mist,Schwarzkopf Got2b Oil-Licious Dry Mist200ml,£4,£2.00 per 100ml,"Offer price £4, was £4.50",toiletries-beauty
Schwarzkopf Got2B Oil-Licious Styling Oil,Schwarzkopf Got2B Oil-Licious Styling Oil50ml,£4,£8.00 per 100ml,"Offer price £4, was £5",toiletries-beauty
Schwarzkopf got2b Phenomenal Moulding Paste,Schwarzkopf got2b Pheno...100ml,£4,£4.00 per 100ml,"Offer price £4, was £5",toiletries-beauty
Schwarzkopf got2b Powderful Volumising Powder,Schwarzkopf got2b Powderf...10g,£4,£40.00 per 100g,"Offer price £4, was £5",toiletries-beauty
 Schwarzkopf Got2B Texturizing Dry Shampoo, Schwarzkopf Got2B Texturizing Dry Shampoo200ml,£2,£1.00 per 100ml,"Offer price £2, was £3",toiletries-beauty
Schwarzkopf Got2B Twisted Curling Mousse ,Schwarzkopf Got2B Twisted Curling Mousse 250ml,£4,£1.60 per 100ml,"Offer price £4, was £4.50",toiletries-beauty
Schwarzkopf Keratin Hairspray,Schwarzkopf Keratin Hairspray400ml,£4,£1.00 per 100ml,,toiletries-beauty
Schwarzkopf Keratin Heat Spray,Schwarzkopf Keratin Heat Spray200ml,£4,£2.00 per 100ml,,toiletries-beauty
Schwarzkopf LIVE Intense Colour+Lift Permanent Purple Hair Dye Ultra Violet,Schwarzkopf LIVE Intense Colour...,£5.50,,"Offer price £5.50, was £6.50",toiletries-beauty
Schwarzkopf LIVE Intense Colour 89 Bitter Sweet Choc Hair Dye,Schwarzkopf LIVE Intense Colour 89...,£5.50,,"Offer price £5.50, was £6.50",toiletries-beauty
Schwarzkopf Live Intense Colour Beach Blonde B12,Schwarzkopf Live Intense Colour Beach Blonde B12,£5.50,,"Offer price £5.50, was £6.50",toiletries-beauty
Schwarzkopf Live Intense Colour Cool Blonde B10,Schwarzkopf Live Intense Colour Cool Blonde B10,£5.50,,"Offer price £5.50, was £6.50",toiletries-beauty
Schwarzkopf Live Intense Colour Mango Twist 030,Schwarzkopf Live Intense Colour Mango Twist 030,£5.50,,"Offer price £5.50, was £6.50",toiletries-beauty
Schwarzkopf LIVE Intense Colour Permanent Black Hair Dye 099 Deep Black,Schwarzkopf LIVE Intense Colour Permanent...,£5.50,,"Offer price £5.50, was £6",toiletries-beauty
Schwarzkopf LIVE Intense Colour Permanent Blue Hair Dye 090 Cosmic Blue,Schwarzkopf LIVE Intense Colour Permanent...,£5.50,,"Offer price £5.50, was £6.50",toiletries-beauty
Schwarzkopf LIVE Intense Colour Permanent Brown Hair Dye 088 Urban Brown,Schwarzkopf LIVE Intense Colour...,£5.50,,"Offer price £5.50, was £6.50",toiletries-beauty
Schwarzkopf LIVE Intense Colour Permanent Brown Hair Dye Tempting Chocolate,Schwarzkopf LIVE Intense Colour...,£5.50,,"Offer price £5.50, was £6.50",toiletries-beauty
Schwarzkopf LIVE Intense Colour Permanent Purple Hair Dye 087 Mystic Violet,Schwarzkopf LIVE Intense Colour Permanent Pur...,£5.50,,"Offer price £5.50, was £6.50",toiletries-beauty
Schwarzkopf LIVE Intense Colour Permanent Red Hair Dye 035 Real Red,Schwarzkopf LIVE Intense Colour Permane...,£5.50,,"Offer price £5.50, was £6.50",toiletries-beauty
Schwarzkopf LIVE Intense Colour Permanent Red Hair Dye 043 Red Passion,Schwarzkopf LIVE Intense Colour Permanent...,£5.50,,"Offer price £5.50, was £6.50",toiletries-beauty
Schwarzkopf LIVE Intense Lightener Permanent Blonde Hair Dye 00B Max Blonde,Schwarzkopf LIVE Intense Lighte...,£5.50,,"Offer price £5.50, was £6.50",toiletries-beauty
Schwarzkopf LIVE Lightener + Twist Permanent Pink Hair Dye 101 Cool Rose,Schwarzkopf LIVE Lightener + Tw...,£5.50,,"Offer price £5.50, was £6",toiletries-beauty
Schwarzkopf LIVE Lightener + Twist Permanent Pink Hair Dye 105 Mauve Kiss,Schwarzkopf LIVE Lightener + Tw...105ml,£5.50,£5.24 per 100ml,"Offer price £5.50, was £6.50",toiletries-beauty
Schwarzkopf LIVE Lightener + Twist Permanent Purple Hair Dye 104 Cool Lilac,Schwarzkopf LIVE Lightener + Tw...,£5.50,,"Offer price £5.50, was £6",toiletries-beauty
Schwarzkopf LIVE Lightener Permanent Blonde Hair Dye Absolute Platinum,Schwarzkopf LIVE Lightener Pe...,£5.50,,"Offer price £5.50, was £6",toiletries-beauty
Schwarzkopf Live Pastel Spray Apricot,Schwarzkopf Live Pastel Spray Apricot125ml,£4.27,£3.42 per 100ml,,toiletries-beauty
Schwarzkopf Live Pretty Pastels Rose Gold P123,Schwarzkopf Live Pretty Pastels Rose Gold P123,£5.50,,"Offer price £5.50, was £6",toiletries-beauty
Schwarzkopf LIVE Pretty Pastels Semi-Permanent Purple Hair Dye Lilac Crush,Schwarzkopf LIVE Pretty Pastels...,£5.50,,"Offer price £5.50, was £6",toiletries-beauty
Schwarzkopf LIVE Ultra Brights Semi-Permanent Blue Hair Dye Electric Blue,Schwarzkopf LIVE Ultra Brights Semi-Permane...,£5.50,,"Offer price £5.50, was £6",toiletries-beauty
Schwarzkopf LIVE Ultra Brights Semi-Permanent Hair Dye 091 Raspberry Rebel,Schwarzkopf LIVE Ultra Brights...,£5.50,,"Offer price £5.50, was £6",toiletries-beauty
Schwarzkopf LIVE Ultra Brights Semi-Permanent Pink Hair Dye Shocking Pink,Schwarzkopf LIVE Ultra Brights...,£5.50,,"Offer price £5.50, was £6.50",toiletries-beauty
Schwarzkopf LIVE Ultra Brights Semi-Permanent Purple Hair Dye Purple Punk,Schwarzkopf LIVE Ultra Brights...,£5.50,,"Offer price £5.50, was £6",toiletries-beauty
Schwarzkopf LIVE Ultra Brights Semi-Permanent Red Hair Dye Pillar Box Red,Schwarzkopf LIVE Ultra Brights...,£5.50,,"Offer price £5.50, was £6",toiletries-beauty
Schwarzkopf LIVE Ultra Brights Semi-Permanent Silver Hair Dye Steel Silver,Schwarzkopf LIVE Ultra Brights Semi-Permane...,£5.50,,"Offer price £5.50, was £6",toiletries-beauty
Schwarzkopf Live Urban Metallics Dusty Silver U72,Schwarzkopf Live Urban Metallics Dusty Silver U72,£5.50,,"Offer price £5.50, was £6",toiletries-beauty
Schwarzkopf Live Urban Metallics Midnight Jade U75,Schwarzkopf Live Urban Meta...,£5.50,,"Offer price £5.50, was £6",toiletries-beauty
Schwarzkopf LIVE Urban Metallics Permanent Blue Hair Dye U67 Blue Mercury,Schwarzkopf LIVE Urban Metallic...,£5.50,,"Offer price £5.50, was £6",toiletries-beauty
Schwarzkopf LIVE Urban Metallics Permanent Purple Hair Dye Amethyst Chrome,Schwarzkopf LIVE Urban Metallic...,£5.50,,"Offer price £5.50, was £6.50",toiletries-beauty
Schwarzkopf LIVE Urban Metallics Permanent Silver Hair Dye Metallic Silver,Schwarzkopf LIVE Urban Metallics Permanent...,£5.50,,"Offer price £5.50, was £6.50",toiletries-beauty
Schwarzkopf Oleo Intense 1-10 Intense Black,Schwarzkopf Oleo Intense 1-10 Intense Black,£4,,"Offer price £4, was £5",toiletries-beauty
Schwarzkopf Oleo Intense 10-50 Light Ash Blonde,Schwarzkopf Oleo Intense 10-50 Light Ash Blonde,£4,,"Offer price £4, was £5",toiletries-beauty
Schwarzkopf Oleo Intense 3-10 Deep Brown,Schwarzkopf Oleo Intense 3-10 Deep Brown,£4,,"Offer price £4, was £5",toiletries-beauty
Schwarzkopf Oleo Intense 4-60 Gold Brown,Schwarzkopf Oleo Intense 4-60 Gold Brown,£4,,"Offer price £4, was £5",toiletries-beauty
Schwarzkopf Oleo Intense 4-86 Chocolate Brown,Schwarzkopf Oleo Intense 4-86 Chocolate Brown,£4,,"Offer price £4, was £5",toiletries-beauty
Schwarzkopf Oleo Intense 5-10 Light Brown,Schwarzkopf Oleo Intense 5-10 Light Brown,£4,,"Offer price £4, was £5",toiletries-beauty
Schwarzkopf Oleo Intense 5-77 Light Copper Brown,Schwarzkopf Oleo Intense 5-77 Light Copper Brown,£4,,"Offer price £4, was £5",toiletries-beauty
Schwarzkopf Oleo Intense 8-05 Beige Blonde,Schwarzkopf Oleo Intense 8-05 Beige Blonde,£4,,"Offer price £4, was £5",toiletries-beauty
Schwarzkopf Poly Color Raven Black 49              ,Schwarzkopf Poly Color Raven Black 49              ,£2.25,,,toiletries-beauty
Senokot Max Tablets,Senokot Max Tablets10 per pack,£3.50,35p each,,toiletries-beauty
Senokot Tablets Senna,Senokot Tablets Senna20 per pack,£3.50,17.5p each,,toiletries-beauty
Sensodyne Daily Care Deep Clean Gel Sensitive Toothpaste,Sensodyne Daily Care Deep Clean...75ml,£2.50,£3.33 per 100ml,,toiletries-beauty
Sensodyne Daily Care Gentle Whitening Sensitive Teeth Toothpaste,Sensodyne Daily Care Gentle...75ml,£2.50,£3.33 per 100ml,,toiletries-beauty
Sensodyne Daily Care Original Mint Sensitive Teeth Toothpaste,Sensodyne Daily Care Original Mint...75ml,£2.50,£3.33 per 100ml,,toiletries-beauty
Sensodyne Daily Care Soft Bristle Sensitive Toothbrush,Sensodyne Daily Care Soft Brist...,£2.50,,,toiletries-beauty
Sensodyne Nourish Gently Soothing Toothpaste,Sensodyne Nourish Gently Soothing Toothpaste75ml,£5,£6.67 per 100ml,,toiletries-beauty
Sensodyne Nourish Healthy White Toothpaste,Sensodyne Nourish Healthy White Toothpaste75ml,£5,£6.67 per 100ml,,toiletries-beauty
"Sensodyne Pronamel Daily Protection Enamel Care Toothpaste,",Sensodyne Pronamel Daily Protecti...75ml,£4,£5.33 per 100ml,,toiletries-beauty
"Sensodyne Pronamel Gentle Whitening Enamel Care Toothpaste,",Sensodyne Pronamel Gentle Whiteni...75ml,£4,£5.33 per 100ml,,toiletries-beauty
Sensodyne Pronamel Intensive Enamel Repair Extra Fresh Toothpaste,Sensodyne Pronamel Intensive Enamel R...75ml,£5,£6.67 per 100ml,,toiletries-beauty
Sensodyne Pronamel Intensive Enamel Repair Whitening Toothpaste,Sensodyne Pronamel Intensive Enamel R...75ml,£5,£6.67 per 100ml,,toiletries-beauty
Sensodyne Pronamel Kids Enamel Toothpaste 6-12 Years,Sensodyne Pronamel Kids Ename...50ml,£2,£4.00 per 100ml,,toiletries-beauty
Sensodyne Pronamel Mineral Boost Toothpaste 75ml,Sensodyne Pronamel Mineral...75ml,£2.50,£3.34 per 100ml,"Offer price £2.50, was £5",toiletries-beauty
Sensodyne Rapid Relief Original Sensitive Toothpaste,Sensodyne Rapid Relief Origin...75ml,£5,£6.67 per 100ml,,toiletries-beauty
Sensodyne Rapid Relief Sensitive Toothpaste,Sensodyne Rapid Relief Sensitive Toothpaste15ml,£1.55,£10.33 per 100ml,,toiletries-beauty
Sensodyne Rapid Relief Whitening Sensitive Toothpaste,Sensodyne Rapid Relief Whiten...75ml,£5,£6.67 per 100ml,,toiletries-beauty
Sensodyne Repair & Protect Deep Repair Extra Fresh Sensitive Toothpaste,Sensodyne Repair & Protect De...75ml,£3.75,£5.00 per 100ml,"Offer price £3.75, was £5.50",toiletries-beauty
Sensodyne Repair & Protect Deep Repair Sensitive Toothpaste,Sensodyne Repair & Protect Deep R...75ml,£3.75,£5.00 per 100ml,"Offer price £3.75, was £5.75",toiletries-beauty
Sensodyne Repair & Protect Deep Repair Whitening Sensitive Toothpaste,Sensodyne Repair & Protect De...75ml,£3.75,£5.00 per 100ml,"Offer price £3.75, was £5.75",toiletries-beauty
Sensodyne Sensitive Teeth Toothpaste Sensitivity & Gum Original,Sensodyne Sensitive Teeth Toothpaste...75ml,£3.50,£4.67 per 100ml,"Offer price £3.50, was £5",toiletries-beauty
Sensodyne Sensitive Teeth Toothpaste Sensitivity & Gum Whitening,Sensodyne Sensitive Teeth Toothpaste...75ml,£3.50,£4.67 per 100ml,"Offer price £3.50, was £5",toiletries-beauty
September Body Cleansing Body Wash Argan Oil ,September Body Cleansing...250ml,£2.99,£1.20 per 100ml,,toiletries-beauty
September Body Exfoliating Body Scrub Argan Oil,September Body Exfoliatin...150ml,£3.49,£2.33 per 100ml,,toiletries-beauty
September Body Nourishing Body Butter Argan Oil,September Body Nourishing...200ml,£3.99,£2.00 per 100ml,,toiletries-beauty
September Body Nourishing Body Oil Argan Oil,September Body Nourishi...150ml,£3.99,£2.66 per 100ml,,toiletries-beauty
September Body Nourishing Hand Cream Argan Oil,September Body Nourishing...75ml,£2.75,£3.67 per 100ml,,toiletries-beauty
September Hair Bolder Blonder Purple Mask Acai Berry Extract,September Hair Bolder Blonder Purpl...250ml,£6,£2.40 per 100ml,,toiletries-beauty
September Hair Bolder Blonder Purple Shampoo Acai Berry Extract,September Hair Bolder Blonder Purple...400ml,£6,£1.50 per 100ml,,toiletries-beauty
September Hair Colour Protect Conditioner Apricot Kernel Oil,September Hair Colour Protect Condi...400ml,£6,£1.50 per 100ml,,toiletries-beauty
September Hair Colour Protect Shampoo Apricot Kernel Oil,September Hair Colour Protect S...400ml,£6,£1.50 per 100ml,,toiletries-beauty
September Hair Purple Conditioner Acai Berry Extract,September Hair Purple Conditi...400ml,£6,£1.50 per 100ml,,toiletries-beauty
September Hair The Ultimate Conditioner Avocado Oil,September Hair The Ultimate C...400ml,£6,£1.50 per 100ml,,toiletries-beauty
September Hair The Ultimate Mask Avocado Oil ,September Hair The Ultima...250ml,£6,£2.40 per 100ml,,toiletries-beauty
September Hair The Ultimate Shampoo Avocado Oil,September Hair The Ultima...400ml,£6,£1.50 per 100ml,,toiletries-beauty
September Hair Volume & Shine Conditioner Grapefruit Peel Oil,September Hair Volume & Shine Condi...400ml,£6,£1.50 per 100ml,,toiletries-beauty
September Hair Volume & Shine Shampoo Grapefruit Peel Oil,September Hair Volume & Shine Sha...400ml,£6,£1.50 per 100ml,,toiletries-beauty
September Scent Midnight Aura Body Mist,September Scent Midnight Aura Body Mist100ml,£3.49,£3.49 per 100ml,,toiletries-beauty
September Scent Midnight Aura Eau De Toilette,September Scent Midnight Aura Eau De Toilette50ml,£4.99,£9.98 per 100ml,,toiletries-beauty
September Scent Rose Bloom Body Mist,September Scent Rose Bloom Body Mist100ml,£3.49,£3.49 per 100ml,,toiletries-beauty
September Scent Rose Bloom Eau De Toilette ,September Scent Rose Bloom Eau De Toilette 50ml,£4.99,£9.98 per 100ml,,toiletries-beauty
September Scent Solar Haze Body Mist,September Scent Solar Haze Body Mist100ml,£3.49,£3.49 per 100ml,,toiletries-beauty
September Scent Solar Haze Eau De Toilette,September Scent Solar Haze Eau De Toilette50ml,£4.99,£9.98 per 100ml,,toiletries-beauty
September Skin Daily Cleansing Cream Sweet Almond Oil,September Skin Daily Cleansin...150ml,£2.75,£1.83 per 100ml,,toiletries-beauty
September Skin Daily Hydrating Cream Sweet Almond Oil,September Skin Daily Hydratin...50ml,£4.75,£9.50 per 100ml,,toiletries-beauty
September Skin Go Glow Peel-Off Mask Coconut Oil,September Skin Go Glow Peel-Off Mask Coconut Oil75ml,£4.75,£6.33 per 100ml,,toiletries-beauty
September Skin Go Glow Serum Coconut Oil,September Skin Go Glow Serum Coconut Oil30ml,£5.49,£18.30 per 100ml,,toiletries-beauty
September Skin Go Glow Unifying Cream Coconut Oil,September Skin Go Glow Unif...50ml,£4.75,£9.50 per 100ml,,toiletries-beauty
September Skin Happy Hydration Mask Sweet Almond Oil,September Skin Happy Hydratio...150ml,£3.99,£2.66 per 100ml,,toiletries-beauty
September Skin Hyaluronic Acid Serum Sweet Almond Oil,September Skin Hyaluronic Aci...30ml,£5.49,£18.30 per 100ml,,toiletries-beauty
September Skin Illuminating Eye Gel Coconut Oil ,September Skin Illuminating...15ml,£3.99,£26.60 per 100ml,,toiletries-beauty
September Skin Nourishing Night Cream Sweet Almond Oil,September Skin Nourishing Night...50ml,£5.49,£10.98 per 100ml,,toiletries-beauty
Seven Seas JointCare Max Glucosamine 1500mg 30 Day Duo Pack,Seven Seas JointCare Max Glucosam...,£21,,,toiletries-beauty
Seven Seas JointCare Supplex with Glucosamine & Omega-3 30 Capsules,Seven Seas JointCare Supplex with Gluco...30 per pack,£5.95,19.8p each,"Offer price £5.95, was £7",toiletries-beauty
 Shockwaves Curls & Waves Hair Mousse , Shockwaves Curls & Waves Hair Mousse 200ml,£3,£1.50 per 100ml,Buy 2 for £4.50,toiletries-beauty
 Shockwaves Extra Strong Hold Hairspray, Shockwaves Extra Strong Hold Hairspray250ml,£2.75,£1.10 per 100ml,Buy 2 for £4.50,toiletries-beauty
 Shockwaves Messy Matt Clay, Shockwaves Messy Matt Clay75ml,£2.75,£3.67 per 100ml,Buy 2 for £4.50,toiletries-beauty
Shockwaves Ultra Strong Gel Spray ,Shockwaves Ultra Strong Gel Spray 150ml,£3,£2.00 per 100ml,Buy 2 for £4.50,toiletries-beauty
Shockwaves Ultra Strong Power Hair Gel,Shockwaves Ultra Strong Power Hair Gel200ml,£3,£1.50 per 100ml,Buy 2 for £4.50,toiletries-beauty
Shockwaves Ultra Strong Power Hold Hairspray,Shockwaves Ultra Strong Power Hold Hairspray250ml,£2.75,£1.10 per 100ml,Buy 2 for £4.50,toiletries-beauty
Shockwaves Ultra Strong Tuff Stuff Hair Gel,Shockwaves Ultra Strong Tuff Stuff Hair Gel200ml,£2.75,£1.38 per 100ml,Buy 2 for £4.50,toiletries-beauty
Shockwaves Volume Mousse,Shockwaves Volume Mousse200ml,£3,£1.50 per 100ml,Buy 2 for £4.50,toiletries-beauty
Silvikrin Classic Maximum Hold Hairspray,Silvikrin Classic Maximum Hold Hairspray75ml,£1.50,£2.00 per 100ml,Buy 3 for £3,toiletries-beauty
Silvikrin Firm Hold Hairspray,Silvikrin Firm Hold Hairspray250ml,£3.20,£1.28 per 100ml,,toiletries-beauty
Silvikrin Firm Hold Hairspray ,Silvikrin Firm Hold Hairspray 400ml,£4.25,£1.06 per 100ml,Buy 2 for £7,toiletries-beauty
Silvikrin Firm Hold Hairspray ,Silvikrin Firm Hold Hairspray 75ml,£1.50,£2.00 per 100ml,Buy 3 for £3,toiletries-beauty
Silvikrin Flex Hairspray,Silvikrin Flex Hairspray250ml,£2.70,£1.08 per 100ml,,toiletries-beauty
Silvikrin Flexible Hold Hairspray,Silvikrin Flexible Hold Hairspray400ml,£3.50,87.5p per 100ml,,toiletries-beauty
Silvikrin Maximum Hold Hairspray,Silvikrin Maximum Hold Hairspray250ml,£3.20,£1.28 per 100ml,,toiletries-beauty
Silvikrin Maximum Hold Hairspray ,Silvikrin Maximum Hold Hairspray 400ml,£4.25,£1.06 per 100ml,Buy 2 for £7,toiletries-beauty
Silvikrin Natural Hold Hairspray,Silvikrin Natural Hold Hairspray400ml,£4.25,£1.06 per 100ml,Buy 2 for £7,toiletries-beauty
Simple Brightening Eye Gel,Simple Brightening Eye Gel25ml,£8,£32.00 per 100ml,,toiletries-beauty
Simple Charcoal Purifying Sheet Mask ,Simple Charcoal Purifying Sheet Mask 21ml,£3.50,£1.67 per 10ml,,toiletries-beauty
Simple Cleansing Face Wipes Biodegradable,Simple Cleansing Face Wipes Biodegradable25 per pack,£2,8p each,,toiletries-beauty
Simple Cleansing Face Wipes Biodegradable ,Simple Cleansing Face Wipes Biodegradable 50 per pack,£3.50,7p each,,toiletries-beauty
Simple Cleansing Wipes + Anti-Bac Kind Defence,Simple Cleansing Wipes + Anti-Bac Kind Defence20 per pack,£4,20p each,,toiletries-beauty
Simple Clear Pore Polisher Face Scrub,Simple Clear Pore Polisher Face Scrub150ml,£5,£3.33 per 100ml,,toiletries-beauty
Simple Daily Skin Detox Deep Cleanse Bubbling Mask,Simple Daily Skin Detox Dee...,£3,,"Offer price £3, was £4",toiletries-beauty
Simple Exfoliating Facial Wipes 20 Wipes,Simple Exfoliating Facial Wipes 20 Wipes20 per pack,£2.30,11.5p each,"Offer price £2.30, was £4",toiletries-beauty
Simple Express Glow Clay Polish Protect 'N' Glow,Simple Express Glow Clay Polish Protect 'N' Glow150ml,£6,£4.00 per 100ml,,toiletries-beauty
Simple Face Wipes Bio Instant Protect & Glow,Simple Face Wipes Bio Instant Protect & Glow20 per pack,£2.50,12.5p each,"Offer price £2.50, was £3.50",toiletries-beauty
Simple Gentle Care Handwash,Simple Gentle Care Handwash250ml,£2,80p per 100ml,,toiletries-beauty
Simple Hydrating Eye Gel,Simple Hydrating Eye Gel25ml,£8,£32.00 per 100ml,,toiletries-beauty
Simple Hydrating Light Moisturiser ,Simple Hydrating Light Moisturiser 125ml,£3,£2.40 per 100ml,Buy 2 for £5,toiletries-beauty
Simple Kind to Eyes Biodegradable Eye Make-Up Remover Pads ,Simple Kind to Eyes Biodegradable...30 per pack,£3,10p each,Buy 2 for £5,toiletries-beauty
Simple Kind To Eyes Eye Make-Up Remover,Simple Kind To Eyes Eye Make-Up Remover125ml,£3,£2.40 per 100ml,Buy 2 for £5,toiletries-beauty
Simple Kind to Eyes Soothing Eye Balm ,Simple Kind to Eyes Soothing Eye Balm 15ml,£3,£20.00 per 100ml,Buy 2 for £5,toiletries-beauty
Simple Kind To Hair Gentle Care Conditioner ,Simple Kind To Hair Gentle Care Conditioner 400ml,£3,75p per 100ml,"Offer price £3, was £5",toiletries-beauty
 Simple Kind To Hair Gentle Cleansing Shampoo, Simple Kind To Hair Gentle Cleansing Shampoo400ml,£3,75p per 100ml,"Offer price £3, was £5",toiletries-beauty
Simple Kind to Skin Refreshing Facial Gel Wash,Simple Kind to Skin Refre...150ml,£3,£2.00 per 100ml,Buy 2 for £5,toiletries-beauty
Simple Kind To Skin Replenishing Moisturiser,Simple Kind To Skin Replenishing Moisturiser125ml,£3,£2.40 per 100ml,Buy 2 for £5,toiletries-beauty
Simple Micellar Cleansing Water ,Simple Micellar Cleansing Water 200ml,£3,£1.50 per 100ml,Buy 2 for £5,toiletries-beauty
Simple Micellar Cleansing Wipes 20 Wipes,Simple Micellar Cleansing Wipes 20 Wipes20 per pack,£2.30,11.5p each,"Offer price £2.30, was £4",toiletries-beauty
Simple Moisturising Facial Wash,Simple Moisturising Facial Wash150ml,£3,£2.00 per 100ml,Buy 2 for £5,toiletries-beauty
Simple Moisturising Facial Wash,Simple Moisturising Facial Wash50ml,£1.50,£3.00 per 100ml,,toiletries-beauty
Simple Moisturising Hand Wash With Chamomile Oil ,Simple Moisturising Hand Wash With Chamomile Oil 250ml,£2,80p per 100ml,,toiletries-beauty
Simple Protecting Mist + Anti-Bac Kind Defence,Simple Protecting Mist + Anti-Bac Kind Defence125ml,£6,£4.80 per 100ml,,toiletries-beauty
Simple Protect N Glow 48h Glow Sheet Mask ,Simple Protect N Glow 48h Glow Sheet Mask ,£3,,,toiletries-beauty
Simple Protect N Glow Illuminating Under Eye Skin Face ,Simple Protect N Glow Illuminat...,£3,,,toiletries-beauty
Simple Purifying Cleansing Lotion ,Simple Purifying Cleansing Lotion 200ml,£3,£1.50 per 100ml,Buy 2 for £5,toiletries-beauty
Simple Refreshing Shower Gel,Simple Refreshing Shower Gel500ml,£3,60p per 100ml,,toiletries-beauty
Simple Regeneration Age Resisting Facial Wash ,Simple Regeneration Age Resisting Facial Wash 150ml,£3,£2.00 per 100ml,"Offer price £3, was £6",toiletries-beauty
Simple Rest & Reset 72H Hydrating Gel Protect 'N' Glow,Simple Rest & Reset 72H Hydrati...50ml,£7,£14.00 per 100ml,,toiletries-beauty
Simple Rich Moisture Sheet Mask,Simple Rich Moisture Sheet Mask21ml,£2,£9.53 per 100ml,"Offer price £2, was £3",toiletries-beauty
Simple Serum Shot Hyaluronic,Simple Serum Shot Hyaluronic30ml,£5.36,£17.87 per 100ml,"Offer price £5.36, was £8",toiletries-beauty
Simple Serum Shot Niacinamide,Simple Serum Shot Niacinamide30ml,£5.36,£17.87 per 100ml,"Offer price £5.36, was £8",toiletries-beauty
Simple Serum Shot Vitamin Cef,Simple Serum Shot Vitamin Cef30ml,£5.36,£17.87 per 100ml,"Offer price £5.36, was £8",toiletries-beauty
Simple Soothing Facial Toner ,Simple Soothing Facial Toner 200ml,£3,£1.50 per 100ml,Buy 2 for £5,toiletries-beauty
Simple Triple Protect Moisturiser Spf 30 Protect 'N' Glow,Simple Triple Protect Moisturiser...40ml,£7,£17.50 per 100ml,,toiletries-beauty
Simple Ultra Calming Sheet Mask ,Simple Ultra Calming Sheet Mask ,£2,,"Offer price £2, was £3",toiletries-beauty
Simple Water Boost Micellar Wash,Simple Water Boost Micellar Wash150ml,£5,£3.33 per 100ml,,toiletries-beauty
Simplicity Decorative Slides 4 Pack,Simplicity Decorative Slides 4 Pack,£3,,,toiletries-beauty
Simplicity Hard Headband Tortoise,Simplicity Hard Headband Tortoise,£3,,,toiletries-beauty
Simplicity Mixed Bow Elastics 20 Pack,Simplicity Mixed Bow Elastics 20 Pack,£3,,,toiletries-beauty
Simplicity Mixed Soft Ponytailers,Simplicity Mixed Soft Ponytailers20 per pack,£3,15p each,,toiletries-beauty
Simplicity Satin Knotted Headband,Simplicity Satin Knotted Headband,£3,,,toiletries-beauty
Simplicity Self Hold Rollers Coral 4 Pack,Simplicity Self Hold Rollers Coral 4 Pack,£2.50,,,toiletries-beauty
Simplicity Small Scrunchies 4 Pack,Simplicity Small Scrunchies 4 Pack,£3,,,toiletries-beauty
Simplicity Soft Headband Single Twist Design 2 Pack,Simplicity Soft Headband Sing...,£3,,,toiletries-beauty
Simply Venus 2 Disposable Razors,Simply Venus 2 Disposable Razors8 per pack,£2.67,33.4p each,"Offer price £2.67, was £4",toiletries-beauty
So...Bali Breeze Body Mist,So...Bali Breeze Body Mist200ml,£4,£2.00 per 100ml,"Offer price £4, was £6",toiletries-beauty
Soft & Gentle Citrus Twist Anti-Perspirant Spray,Soft & Gentle Citrus Twist Anti-Perspirant Spray250ml,£2.30,92p per 100ml,,toiletries-beauty
Soft & Gentle Citrus Twist Roll On,Soft & Gentle Citrus Twist Roll On50ml,£1,£2.00 per 100ml,,toiletries-beauty
Soft & Gentle Fresh Blossom Anti-Perspirant Spray,Soft & Gentle Fresh Blossom...250ml,£2.30,92p per 100ml,,toiletries-beauty
Soft & Gentle Fresh Blossom Anti-Perspirant Spray,Soft & Gentle Fresh Blossom...150ml,£1.25,83.3p per 100ml,,toiletries-beauty
Soft & Gentle Fresh Blossom Roll On,Soft & Gentle Fresh Blossom Roll On50ml,£1,£2.00 per 100ml,,toiletries-beauty
Soft & Gentle Magnolia Hug Anti-Perspirant Spray,Soft & Gentle Magnolia Hug Anti-Perspirant Spray250ml,£2.30,92p per 100ml,,toiletries-beauty
Soft & Gentle Magnolia Hug Anti-Perspirant Spray,Soft & Gentle Magnolia Hug Anti-Perspirant Spray150ml,£1.25,83.3p per 100ml,,toiletries-beauty
Soft & Gentle Magnolia Hug Roll On,Soft & Gentle Magnolia Hug Roll On50ml,£1,20p per 10ml,,toiletries-beauty
Soft & Gentle Orchid Desire Anti-Perspirant Deodorant,Soft & Gentle Orchid Desire A...250ml,£2.30,92p per 100ml,,toiletries-beauty
So Ibiza Dreams Body Mist,So Ibiza Dreams Body Mist200ml,£4,£2.00 per 100ml,"Offer price £4, was £6",toiletries-beauty
So... Mykonos Nights Body Mist,So... Mykonos Nights Body Mist200ml,£4,£2.00 per 100ml,"Offer price £4, was £6",toiletries-beauty
So Unique Truffle Cream Body Mist,So Unique Truffle Cream Body Mist150ml,£5,£3.33 per 100ml,,toiletries-beauty
So Unique Vanilla Candy Body Mist,So Unique Vanilla Candy Body Mist150ml,£5,£3.33 per 100ml,,toiletries-beauty
Spider - Man Colour Changing Bath Fizzer ,Spider - Man Colour Changing Bath Fizzer ,£2.50,,,toiletries-beauty
Spiderman Bath Crayon & Sponge Set,Spiderman Bath Crayon & Sponge Set,£7,,,toiletries-beauty
Steradent Active Fresh Tablets,Steradent Active Fresh Tablets,£1.29,,,toiletries-beauty
Steradent Active Plus Denture Daily Cleaner Tablets,Steradent Active Plus Denture...30 per pack,£1.60,5.3p each,,toiletries-beauty
Steradent Pro White Denture Daily Cleaner Tablets,Steradent Pro White Denture...30 per pack,£1.80,6p each,,toiletries-beauty
St. Moriz Fast Tanning Mousse,St. Moriz Fast Tanning Mousse200ml,£6.99,£3.50 per 100ml,,toiletries-beauty
St. Moriz Tanning Mousse Medium,St. Moriz Tanning Mousse Medium200ml,£5.99,£3.00 per 100ml,,toiletries-beauty
Sudocrem Antiseptic Healing Cream,Sudocrem Antiseptic Healing Cream125g,£3.25,£2.60 per 100g,,toiletries-beauty
Sudocrem Antiseptic Healing Cream,Sudocrem Antiseptic Healing Cream250g,£4.90,£1.96 per 100g,,toiletries-beauty
Sunny The Pink One 5 Blade Razor,Sunny The Pink One 5 Blade Razor5 per pack,£6,£1.20 each,,toiletries-beauty
Sunny The Refills 4 Blades,Sunny The Refills 4 Blades4 per pack,£4,£1.00 each,,toiletries-beauty
Sunny The Refills 8 Blades,Sunny The Refills 8 Blades8 per pack,£10,£1.25 each,,toiletries-beauty
Sunny The Teal One 5 Blade Razor,Sunny The Teal One 5 Blade Razor5 per pack,£6,£1.20 each,,toiletries-beauty
Super Facialist Firming Daily Brightening Cleanser,Super Facialist Firming Daily Brightening Cleanser150ml,£8,£5.33 per 100ml,,toiletries-beauty
Super Facialist Firming Intense Facial Serum ,Super Facialist Firming Intense Facial Serum 30ml,£15,£50.00 per 100ml,,toiletries-beauty
Super Facialist Firming Super Lift Day Cream ,Super Facialist Firming Super Lift Day Cream 50ml,£17,£34.00 per 100ml,,toiletries-beauty
Super Facialist Firming Super Lift Night Cream ,Super Facialist Firming Super Lift Night Cream 50ml,£17,£34.00 per 100ml,,toiletries-beauty
Super Facialist Glow Boost Serum,Super Facialist Glow Boost Serum30ml,£16,£53.33 per 100ml,,toiletries-beauty
Super Facialist Rosehip Hydrate Gentle Foaming Cleanser,Super Facialist Rosehip Hydrate...150ml,£11,£7.33 per 100ml,,toiletries-beauty
Super Facialist Rose Hydrate Brighten & Refine Facial Scrub,Super Facialist Rose Hydrate Brig...150ml,£9,£6.00 per 100ml,,toiletries-beauty
Super Facialist Rose Hydrate Radiance Day Cream Spf15,Super Facialist Rose Hydrate...75ml,£15,£20.00 per 100ml,,toiletries-beauty
Super Facialist Salicylic Acid Anti Blemish Cleansing Wash 150Ml,Super Facialist Salicylic Acid Anti B...150ml,£8,£5.33 per 100ml,,toiletries-beauty
Super Facialist Salicylic Acid Anti Blemish Facial Scrub,Super Facialist Salicylic Acid...125ml,£9,£7.20 per 100ml,,toiletries-beauty
Super Facialist Salicylic Acid Anti Blemish Purifying Clay Mask,Super Facialist Salicylic Acid Anti B...125ml,£10,£8.00 per 100ml,,toiletries-beauty
Super Facialist Vitamin C+ Brighten Dark Circles Eye Cream ,Super Facialist Vitamin C+ Bright...15ml,£13,£86.67 per 100ml,,toiletries-beauty
Super Facialist Vitamin C+ Brighten Skin Renew Cleansing Oil,Super Facialist Vitamin C+ Brighten...20ml,£11,£55.00 per 100ml,,toiletries-beauty
Super Facialist Vitamin C+ Gentle Daily Micro Polish Wash,Super Facialist Vitamin C+ Gentle...125ml,£10,£8.00 per 100ml,,toiletries-beauty
Super Facialist Vitamin C+ Skin Defence Daily Moisturiser,Super Facialist Vitamin C+ Skin D...75ml,£17,£22.67 per 100ml,,toiletries-beauty
Sure Antiperspirant Deodorant Nonstop Freesia & Waterlily ,Sure Antiperspirant Deodorant Non...250ml,£3,£1.20 per 100ml,,toiletries-beauty
Sure Antiperspirant Deodorant Roll On Nonstop Invisible Aqua,Sure Antiperspirant Deodorant Roll...50ml,£2,£4.00 per 100ml,,toiletries-beauty
Sure Antiperspirant Deodorant Roll On Nonstop Uplifting & Fresh ,Sure Antiperspirant Deodorant Roll On...50ml,£2,£4.00 per 100ml,,toiletries-beauty
Sure For Men Active Dry Anti Perspirant Nonstop Deodorant,Sure For Men Active Dry Anti Pers...150ml,£2.50,£1.67 per 100ml,,toiletries-beauty
Sure For Men Anti Perspirant Clean Scent Maximum Protection,Sure For Men Anti Perspirant Clea...150ml,£5,£3.33 per 100ml,,toiletries-beauty
Sure For Men Invisible Ice Anti Perspirant ,Sure For Men Invisible Ice Anti Perspirant 150ml,£2.50,£1.67 per 100ml,,toiletries-beauty
Sure For Men Invisible Ice Anti Perspirant Nonstop Deodorant,Sure For Men Invisible Ice Anti Per...250ml,£2.50,£1.00 per 100ml,"Offer price £2.50, was £3",toiletries-beauty
Sure For Men Quantum Dry Anti Perspirant Nonstop Deodorant,Sure For Men Quantum Dry Anti Per...150ml,£2.50,£1.67 per 100ml,,toiletries-beauty
Sure For Men Quantum Dry Anti Perspirant Nonstop Deodorant,Sure For Men Quantum Dry Anti Per...250ml,£2.50,£1.00 per 100ml,"Offer price £2.50, was £3",toiletries-beauty
Sure Invisible Roll On Clear Aqua ,Sure Invisible Roll On Clear Aqua 50ml,£1.25,£2.50 per 100ml,,toiletries-beauty
Sure Men Anti-perspirant Deodorant Non stop Sensitive,Sure Men Anti-perspirant Deod...250ml,£3,£1.20 per 100ml,,toiletries-beauty
Sure Men Antiperspirant Deodorant Active Dry Aerosol ,Sure Men Antiperspirant Deodo...200ml,£2,£1.00 per 100ml,,toiletries-beauty
Sure Men Antiperspirant Deodorant Invisible Ice Aerosol ,Sure Men Antiperspirant Deodora...200ml,£2,£1.00 per 100ml,,toiletries-beauty
Sure Men Antiperspirant Deodorant Quantum Dry Aerosol,Sure Men Antiperspirant Deodo...200ml,£2,£1.00 per 100ml,,toiletries-beauty
Sure Men Antiperspirant Deodorant Roll On Nonstop Quantum Dry ,Sure Men Antiperspirant Deodorant R...50ml,£2,£4.00 per 100ml,,toiletries-beauty
Sure Men Invisible Ice Anti-perspirant Deodorant Aerosol,Sure Men Invisible Ice Anti-per...150ml,£1.60,£1.07 per 100ml,,toiletries-beauty
Sure Men Maximum Protection Clear Scent,Sure Men Maximum Protection Clear Scent45ml,£5.50,£12.22 per 100ml,,toiletries-beauty
Sure Men Motion Sense Quantum Dry 48H Anti-Perspirant ,Sure Men Motion Sense Quantum D...150ml,£1.60,£1.07 per 100ml,,toiletries-beauty
Sure Men Original Dry Roll-On Anti-Perspirant Deodorant,Sure Men Original Dry Roll-On A...50ml,£1.25,£2.50 per 100ml,,toiletries-beauty
Sure Men Sensitive Anti-Perspirant Deodorant Roll On,Sure Men Sensitive Anti-Persp...50ml,£1,£2.00 per 100ml,,toiletries-beauty
Sure Men Sensitive Anti-perspirant Deodorant Stick,Sure Men Sensitive Anti-per...50ml,£2,£4.00 per 100ml,,toiletries-beauty
Sure Motion Sense Bright Bouquet Deodorant ,Sure Motion Sense Bright Bouquet Deodorant 150ml,£1.60,£1.07 per 100ml,,toiletries-beauty
Sure Motion Sense Invisible Aqua Deodorant ,Sure Motion Sense Invisible Aqua Deodorant 150ml,£1.60,£1.07 per 100ml,,toiletries-beauty
Sure MotionSense Invisible Pure Deodorant,Sure MotionSense Invisible Pure Deodorant250ml,£1,40p per 100ml,,toiletries-beauty
Sure Nonstop Bright Bouquet,Sure Nonstop Bright Bouquet150ml,£2.50,£1.67 per 100ml,,toiletries-beauty
Sure Nonstop Bright Bouquet,Sure Nonstop Bright Bouquet250ml,£2.50,£1.00 per 100ml,"Offer price £2.50, was £3",toiletries-beauty
Sure Nonstop Cotton Dry,Sure Nonstop Cotton Dry150ml,£2.50,£1.67 per 100ml,,toiletries-beauty
Sure Nonstop Cotton Dry,Sure Nonstop Cotton Dry250ml,£2.50,£1.00 per 100ml,"Offer price £2.50, was £3",toiletries-beauty
Sure Nonstop Invisible Aqua,Sure Nonstop Invisible Aqua250ml,£2.50,£1.00 per 100ml,"Offer price £2.50, was £3",toiletries-beauty
Sure Nonstop Invisible Pure,Sure Nonstop Invisible Pure150ml,£2,£1.33 per 100ml,,toiletries-beauty
Sure Sport Cool Anti Perspirant Nonstop Deodorant Sport,Sure Sport Cool Anti Perspirant...250ml,£2.50,£1.00 per 100ml,"Offer price £2.50, was £3",toiletries-beauty
Sure Watermelon & Cactus Nonstop Spray,Sure Watermelon & Cactus Nonstop Spray250ml,£2.50,£1.00 per 100ml,"Offer price £2.50, was £3",toiletries-beauty
Sure Women Antiperspirant Deodorant Bright Bouquet Aerosol ,Sure Women Antiperspirant Deodora...200ml,£2,£1.00 per 100ml,,toiletries-beauty
Sure Women Antiperspirant Deodorant Cotton Dry Aerosol ,Sure Women Antiperspirant Deodo...200ml,£2,£1.00 per 100ml,,toiletries-beauty
Sure Women Antiperspirant Deodorant Invisible Pure Aerosol ,Sure Women Antiperspirant Deodora...200ml,£2,£1.00 per 100ml,,toiletries-beauty
Sure Women Clean Scent Maximum Protection Anti-Perspirant ,Sure Women Clean Scent Maximum Pr...45ml,£5,£11.11 per 100ml,,toiletries-beauty
Sure Women Cool Blue Roll-On Anti-Perspirant Deodorant,Sure Women Cool Blue Roll-On An...50ml,£1.25,£2.50 per 100ml,,toiletries-beauty
Sure Women Cotton Dry Roll-On Anti-Perspirant Deodorant,Sure Women Cotton Dry Roll-On A...50ml,£1.25,£2.50 per 100ml,,toiletries-beauty
Sure Women Invisible Aqua Anti-perspirant Deodorant Stick,Sure Women Invisible Aqua Anti-pe...40ml,£2,£5.00 per 100ml,,toiletries-beauty
Sure Women Maximum Protection Confidence Anti-Perspirant Deodorant,Sure Women Maximum Protection Confidenc...45ml,£5,£11.11 per 100ml,,toiletries-beauty
Sure Workout Anti-Perspirant,Sure Workout Anti-Perspirant200ml,£3,£1.50 per 100ml,,toiletries-beauty
Tampax Compak Regular Tampons with Applicator 18 pack,Tampax Compak Regular Tampons...18 per pack,£2.50,13.9p each,,toiletries-beauty
Tampax Compak Super Plus Tampons with Applicator 18 pack,Tampax Compak Super Plus Tampon...18 per pack,£2.50,13.9p each,,toiletries-beauty
Tampax Compak Super Tampons with Applicator 18 pack,Tampax Compak Super Tampons w...18 per pack,£2.50,13.9p each,,toiletries-beauty
Tampax Pearl Compak Regular Tampons Applicator 8 pack,Tampax Pearl Compak Regular T...8 per pack,£1.20,15p each,,toiletries-beauty
Tampax Pearl Compak Super Plus Tampons With Applicator,Tampax Pearl Compak Super Plus...16 per pack,£3.40,21.3p each,Buy 2 for £5.50,toiletries-beauty
Tampax Pearl Compak Super Tampons,Tampax Pearl Compak Super Tampons16 per pack,£3.40,21.3p each,Buy 2 for £5.50,toiletries-beauty
Tampax Pearl Compak Super Tampons Applicator 8 pack,Tampax Pearl Compak Super Tam...,£1.20,,,toiletries-beauty
Tampax Pearl Compak Tampons Regular,Tampax Pearl Compak Tampons Regular16 per pack,£3.40,21.3p each,Buy 2 for £5.50,toiletries-beauty
Tampax Pearl Regular Tampons with Applicator 18 pack,Tampax Pearl Regular Tampons...18 per pack,£3.40,18.9p each,Buy 2 for £5.50,toiletries-beauty
Tampax Pearl Super Plus Tampons with Applicator 18 pack,Tampax Pearl Super Plus Tampons...18 per pack,£3.40,18.9p each,Buy 2 for £5.50,toiletries-beauty
Tampax Pearl Super Tampons with Applicator 18 pack,Tampax Pearl Super Tampons...18 per pack,£3.40,18.9p each,Buy 2 for £5.50,toiletries-beauty
Tampax Regular Tampons with Cardboard Applicator 20 pack,Tampax Regular Tampons with Car...20 per pack,£2,10p each,,toiletries-beauty
Tampax Super Plus Tampons with Cardboard Applicator 20 pack,Tampax Super Plus Tampons with Ca...20 per pack,£2,10p each,,toiletries-beauty
Tampax Super Tampons with Cardboard Applicator 20 pack,Tampax Super Tampons with Cardb...20 per pack,£2,10p each,,toiletries-beauty
TENA Incontinence Pants Plus L,TENA Incontinence Pants Plus L8 per pack,£9.50,£1.19 each,"TENA Unisex Pants - Buy 3, Save 5%",toiletries-beauty
TENA Incontinence Pants Plus M,TENA Incontinence Pants Plus M9 per pack,£9.50,£1.06 each,"TENA Unisex Pants - Buy 3, Save 5%",toiletries-beauty
TENA Incontinence Pants Plus XL,TENA Incontinence Pants Plus XL12 per pack,£13.95,£1.16 each,"TENA Unisex Pants - Buy 3, Save 5%",toiletries-beauty
TENA Incontinence Pants Super M,TENA Incontinence Pants Super M12 per pack,£13.95,£1.16 each,"TENA Unisex Pants - Buy 3, Save 5%",toiletries-beauty
Tena Lady Discreet Mini Pads,Tena Lady Discreet Mini Pads20 per pack,£2.25,11.3p each,,toiletries-beauty
TENA Lady Discreet Normal Incontinence Pads,TENA Lady Discreet Normal Incontinence Pads12 per pack,£2.25,18.8p each,,toiletries-beauty
TENA Lady Discreet Normal Incontinence Pads Duo,TENA Lady Discreet Normal...,£5,,,toiletries-beauty
TENA Lady Extra Incontinence Pads,TENA Lady Extra Incontinence Pads10 per pack,£2.25,22.5p each,,toiletries-beauty
TENA Lady Extra Incontinence Pads Duo,TENA Lady Extra Incontinence Pads Duo2 x 10 per pack,£5,25p each,,toiletries-beauty
TENA Lady Extra Plus Incontinence Pads,TENA Lady Extra Plus Incontinence Pads8 per pack,£2.25,28.1p each,,toiletries-beauty
TENA Lady Extra Plus Incontinence Pads Duo,TENA Lady Extra Plus Incontinence Pads Duo16 per pack,£4.99,31.2p each,,toiletries-beauty
TENA Lady Maxi Incontinence Pads,TENA Lady Maxi Incontinence Pads6 per pack,£2.25,37.5p each,,toiletries-beauty
TENA Lady Maxi Night Incontinence Pads,TENA Lady Maxi Night Incontinence Pads6 per pack,£2.25,37.5p each,,toiletries-beauty
TENA Lady Maxi Night Incontinence Pads Duo,TENA Lady Maxi Night Incontinence Pads Duo2 x 6 per pack,£5,41.7p each,,toiletries-beauty
Tena Lady Pants Plus 8 Large,Tena Lady Pants Plus 8 Large,£8.49,,,toiletries-beauty
TENA Lady Silhouette Incontinence Pants Normal L Duo,TENA Lady Silhouette Incontin...2 x 5 per pack,£8.49,84.9p each,,toiletries-beauty
TENA Lady Silhouette Incontinence Pants Normal M Duo,TENA Lady Silhouette Incontin...2 x 6 per pack,£8.49,70.8p each,,toiletries-beauty
TENA Lady Silhouette Incontinence Pants Plus M,TENA Lady Silhouette Incontinence Pants Plus M,£8.49,,,toiletries-beauty
Tena Lights Sensitive Ultra Incontinence Pads Mini,Tena Lights Sensitive Ultra Incontinence Pads Mini20 per pack,£2.50,12.5p each,,toiletries-beauty
Tena Lights Sensitive Ultra Incontinence Pads Normal,Tena Lights Sensitive Ultra Incontinence Pads Normal16 per pack,£2.50,15.6p each,,toiletries-beauty
TENA Men Active Fit Incontinence Pants Plus L,TENA Men Active Fit Incontinence Pants Plus L8 per pack,£8.50,£1.06 each,,toiletries-beauty
TENA Men Active Fit Incontinence Pants Plus M,TENA Men Active Fit Incontinence Pants Plus M9 per pack,£8.50,94.4p each,,toiletries-beauty
TENA Men Level 2 Incontinence Absorbent Protector,TENA Men Level 2 Incontinen...10 per pack,£4.50,45p each,,toiletries-beauty
Tena Men Premium Fit Incontinence Pants Medium,Tena Men Premium Fit Inco...10 per pack,£8.50,85p each,,toiletries-beauty
Tena Men Premium Pants Large,Tena Men Premium Pants Large8 per pack,£8.50,£1.06 each,,toiletries-beauty
Tena Pants Super Large,Tena Pants Super Large12 per pack,£13.95,£1.16 each,"TENA Unisex Pants - Buy 3, Save 5%",toiletries-beauty
Tena Silhouette Pants Black L,Tena Silhouette Pants Black L9 per pack,£8.49,94.3p each,,toiletries-beauty
Tena Silhouette Pants Normal Noir M,Tena Silhouette Pants Normal Noir M10 per pack,£8.49,84.9p each,,toiletries-beauty
Tena Silhouette Underwear High Waist Plus Black Large,Tena Silhouette Underwear Hig...8 per pack,£8.49,£1.06 each,,toiletries-beauty
Tena Silhouette Underwear High Waist Plus Black Medium,Tena Silhouette Underwear High...9 per pack,£8.49,94.3p each,,toiletries-beauty
Tepe EasyPick Orange Size XS/S Interdental Brushes,Tepe EasyPick Orange Size X...36 per pack,£4,11.1p each,,toiletries-beauty
Tepe Interdental Brush 0.4mm Size 0 Pink Brushes,Tepe Interdental Brush 0.4m...6 per pack,£3.25,54.2p each,,toiletries-beauty
Tepe Interdental Brush 0.5mm Size 2 Red Brushes,Tepe Interdental Brush 0.5mm Size 2 Red Brushes6 per pack,£3.25,54.2p each,,toiletries-beauty
Tepe Interdental Brush 0.6Mm Size 3 Blue Brushes,Tepe Interdental Brush 0.6M...6 per pack,£3.25,54.2p each,,toiletries-beauty
Tepe Interdental Brush 0.7mm Size 4 Yellow Brushes,Tepe Interdental Brush 0.7m...6 per pack,£3.25,54.2p each,,toiletries-beauty
The Detangler Classic Unicorn Print Detangler Hair Brush,The Detangler Classic Unicorn P...,£7,,,toiletries-beauty
The Detangler On The Go Leopard Print Detangler Hair Brush,The Detangler On The Go Leopard P...,£7,,,toiletries-beauty
The Detangler Vented Paddle Brush,The Detangler Vented Paddle Brush,£8,,,toiletries-beauty
"Together Beautiful Hair, Skin & Nail Daily Capsules ","Together Beautiful Hair, Skin & Nail Daily Capsules 60 per pack",£14.99,25p each,,toiletries-beauty
Totm Organic Cotton Applicator Tampons Regular ,Totm Organic Cotton Appli...16 per pack,£3.20,20p each,,toiletries-beauty
Totm Organic Cotton Applicator Tampons Super,Totm Organic Cotton Applicator Tampons Super14 per pack,£3.20,22.9p each,,toiletries-beauty
Totm Organic Cotton Medium Flow Pads,Totm Organic Cotton Medium Flow Pads10 per pack,£3.35,33.5p each,,toiletries-beauty
Totm Organic Cotton Super Flow Pads,Totm Organic Cotton Super Flow Pads10 per pack,£3.35,33.5p each,,toiletries-beauty
Totm Reusable Menstrual Cup Size 2,Totm Reusable Menstrual Cup Size 2,£18,,,toiletries-beauty
Tresemme Ash Blonde Mask,Tresemme Ash Blonde Mask200ml,£6,£3.00 per 100ml,,toiletries-beauty
Tresemme Beauty-full Strength Conditioner ,Tresemme Beauty-full Strength Conditioner 680ml,£3.75,55.1p per 100ml,,toiletries-beauty
Tresemme Beauty-full Strength Shampoo,Tresemme Beauty-full Strength Shampoo680ml,£3.75,55.1p per 100ml,,toiletries-beauty
Tresemme Biotin Repair ,Tresemme Biotin Repair 170ml,£4,£2.35 per 100ml,,toiletries-beauty
Tresemme Biotin Repair Conditioner,Tresemme Biotin Repair Conditioner680ml,£3.75,55.1p per 100ml,,toiletries-beauty
Tresemme Biotin Repair Shampoo,Tresemme Biotin Repair Shampoo680ml,£3.75,55.1p per 100ml,,toiletries-beauty
Tresemme Cleanse & Replenish 2 in 1 Shampoo & Conditioner,Tresemme Cleanse & Replenish 2 in...900ml,£4,44.4p per 100ml,,toiletries-beauty
Tresemme Coconut Mask,Tresemme Coconut Mask440ml,£3.50,79.5p per 100ml,,toiletries-beauty
Tresemme Colour Revitalise Hair Shampoo,Tresemme Colour Revitalise Hair Shampoo900ml,£4,44.4p per 100ml,,toiletries-beauty
Tresemme Conditioner Biotin Repair,Tresemme Conditioner Biotin Repair440ml,£4,90.9p per 100ml,,toiletries-beauty
Tresemme Conditioner Keratin Smooth ,Tresemme Conditioner Keratin Smooth 440ml,£4,90.9p per 100ml,,toiletries-beauty
Tresemme Deep Cleansing Hair Shampoo,Tresemme Deep Cleansing Hair Shampoo900ml,£4,44.4p per 100ml,,toiletries-beauty
TRESemme Extra Hold Hairspray   ,TRESemme Extra Hold Hairspray   250ml,£3,£1.20 per 100ml,"Offer price £3, was £3.20",toiletries-beauty
Tresemme Flexible Hold Hair Spray,Tresemme Flexible Hold Hair Spray250ml,£3,£1.20 per 100ml,,toiletries-beauty
Tresemme Freeze Hold Hairspray,Tresemme Freeze Hold Hairspray250ml,£3,£1.20 per 100ml,,toiletries-beauty
 Tresemme Heat Defence Care & Protect Spray, Tresemme Heat Defence Care & Protect Spray300ml,£4,£1.33 per 100ml,"Offer price £4, was £5.50",toiletries-beauty
 Tresemme Heat Protect Spray, Tresemme Heat Protect Spray200ml,£4,£2.00 per 100ml,"Offer price £4, was £5.50",toiletries-beauty
Tresemme Keratin Smooth,Tresemme Keratin Smooth170ml,£4,£2.35 per 100ml,,toiletries-beauty
Tresemme Keratin Smooth Conditioner,Tresemme Keratin Smooth Conditioner680ml,£3.75,55.1p per 100ml,,toiletries-beauty
Tresemme Keratin Smooth Shampoo,Tresemme Keratin Smooth Shampoo680ml,£3.75,55.1p per 100ml,,toiletries-beauty
Tresemme Light Blonde Mask ,Tresemme Light Blonde Mask 200ml,£6,£3.00 per 100ml,,toiletries-beauty
Tresemme Luxurious Moisture Conditioner,Tresemme Luxurious Moisture Conditioner100ml,£1.55,£1.55 per 100ml,,toiletries-beauty
Tresemme Moisture Rich Shampoo     100Ml,Tresemme Moisture Rich Shampoo     100Ml100ml,£1.55,£1.55 per 100ml,,toiletries-beauty
Tresemme Pro Pure Airlight Volume Shampoo,Tresemme Pro Pure Airlight Volume Shampoo380ml,£4.50,£1.18 per 100ml,,toiletries-beauty
Tresemme Pro Pure Damage Recovery Conditioner,Tresemme Pro Pure Damage...380ml,£4.50,£1.18 per 100ml,,toiletries-beauty
Tresemme Pro Pure Damage Recovery Shampoo,Tresemme Pro Pure Dam...380ml,£4.50,£1.18 per 100ml,,toiletries-beauty
Tresemme Purify & Hydrate Conditioner ,Tresemme Purify & Hydrate Conditioner 170ml,£4,£2.35 per 100ml,,toiletries-beauty
Tresemme Remoisturising Hair Conditioner,Tresemme Remoisturising Hair Conditioner900ml,£4,44.4p per 100ml,,toiletries-beauty
Tresemme Revitalised Colour Conditioner,Tresemme Revitalised Colour Conditioner680ml,£3.75,55.1p per 100ml,,toiletries-beauty
Tresemme Revitalised Colour Shampoo,Tresemme Revitalised Colour Shampoo680ml,£3.75,55.1p per 100ml,,toiletries-beauty
Tresemme Rich Moisture Conditioner,Tresemme Rich Moisture Conditioner900ml,£4,44.4p per 100ml,,toiletries-beauty
Tresemme Rich Moisture Shampoo,Tresemme Rich Moisture Shampoo900ml,£4,44.4p per 100ml,,toiletries-beauty
Tresemme Salon Styling Extra Hold Hair Spray,Tresemme Salon Styling Extra Hold Hair Spray400ml,£4,£1.00 per 100ml,"Offer price £4, was £5",toiletries-beauty
Tresemme Salon Styling Firm Hold Hair Spray,Tresemme Salon Styling Firm Hold Hair Spray400ml,£4,£1.00 per 100ml,"Offer price £4, was £5",toiletries-beauty
 Tresemme Salon Styling Freeze Hold Hair Spray, Tresemme Salon Styling Freeze Hold Hair Spray400ml,£4,£1.00 per 100ml,"Offer price £4, was £5",toiletries-beauty
Tresemme Shampoo Biotin Repair,Tresemme Shampoo Biotin Repair440ml,£4,90.9p per 100ml,,toiletries-beauty
Truyu Ceramic Stone Pedicure Foot File,Truyu Ceramic Stone Pedicure Foot File,£5,,,toiletries-beauty
Truyu Metro Tweezer Duo Set,Truyu Metro Tweezer Duo Set,£5.25,,,toiletries-beauty
Truyu Starter Set,Truyu Starter Set,£7.70,,,toiletries-beauty
Vaseline Expert Care Dry Skin Healing Balm ,Vaseline Expert Care Dry Skin Healing Balm 250ml,£4,£1.60 per 100ml,"Offer price £4, was £6",toiletries-beauty
Vaseline Expert Care Elasticity Restore Body Lotion ,Vaseline Expert Care Elastici...400ml,£5.33,£1.33 per 100ml,"Offer price £5.33, was £8",toiletries-beauty
Vaseline Expert Care Instant Dry Skin Rescue Body Lotion,Vaseline Expert Care Instant Dr...75ml,£2.67,£3.56 per 100ml,"Offer price £2.67, was £4",toiletries-beauty
Vaseline Hand Cream + Anti-Bacterial,Vaseline Hand Cream + Anti-Bacterial75ml,£3,£4.00 per 100ml,"Offer price £3, was £4",toiletries-beauty
Vaseline Instant Dry Skin Rescue Body Lotion,Vaseline Instant Dry Skin Rescue Body Lotion400ml,£5.33,£1.33 per 100ml,"Offer price £5.33, was £8",toiletries-beauty
Vaseline Intensive Care Aloe Soothe Body Lotion,Vaseline Intensive Care Aloe Soothe Body Lotion400ml,£3,75p per 100ml,"Offer price £3, was £6",toiletries-beauty
Vaseline Intensive Care Aloe Spray Moisturiser,Vaseline Intensive Care Aloe Spray Moisturiser190ml,£6,£3.16 per 100ml,,toiletries-beauty
Vaseline Intensive Care Cocoa Lotion,Vaseline Intensive Care Cocoa Lotion400ml,£3,75p per 100ml,"Offer price £3, was £6",toiletries-beauty
Vaseline Intensive Care Cocoa Spray Moisturiser,Vaseline Intensive Care Cocoa Spray Moisturiser190ml,£6,£3.16 per 100ml,,toiletries-beauty
Vaseline Intensive Care Essential Lotion,Vaseline Intensive Care Essential Lotion400ml,£3,75p per 100ml,"Offer price £3, was £6",toiletries-beauty
Vaseline Lip Therapy Cocoa Butter Tin,Vaseline Lip Therapy Cocoa Butter Tin20g,£1.50,£7.50 per 100g,Buy 2 for £2,toiletries-beauty
Vaseline Lip Therapy Original Lip Balm,Vaseline Lip Therapy Original Lip Balm10g,£1.65,£16.50 per 100g,"Offer price £1.65, was £2.50",toiletries-beauty
Vaseline Lip Therapy Original Tin,Vaseline Lip Therapy Original Tin20g,£1.50,£7.50 per 100g,Buy 2 for £2,toiletries-beauty
Vaseline Lip Therapy Pink Diamond,Vaseline Lip Therapy Pink Diamond20g,£2,£10.00 per 100g,"Offer price £2, was £3",toiletries-beauty
Vaseline Lip Therapy Rosy Lips Tin,Vaseline Lip Therapy Rosy Lips Tin20g,£1.50,£7.50 per 100g,Buy 2 for £2,toiletries-beauty
Vaseline Lip Therapy Rosy Tinted Lip Balm Tube,Vaseline Lip Therapy Rosy Tinted Lip Balm Tube10g,£1.65,£16.50 per 100g,"Offer price £1.65, was £2.50",toiletries-beauty
Vaseline Lip Therapy With Aloe Vera ,Vaseline Lip Therapy With Aloe Vera 20g,£1.50,£7.50 per 100g,Buy 2 for £2,toiletries-beauty
Vaseline Lotion Dark Spot Rescue,Vaseline Lotion Dark Spot Rescue100ml,£2.68,£2.68 per 100ml,"Offer price £2.68, was £4",toiletries-beauty
Vaseline Original Petroleum Jelly,Vaseline Original Petroleum Jelly50g,£1.50,£3.00 per 100g,,toiletries-beauty
Vatika Naturals Argan Shampoo,Vatika Naturals Argan Shampoo400ml,£4,£1.00 per 100ml,,toiletries-beauty
Vatika Naturals Black Seed Shampoo,Vatika Naturals Black Seed Shampoo400ml,£4.50,£1.13 per 100ml,,toiletries-beauty
Veet Face Hair Removal Kit Sensitive Skin,Veet Face Hair Removal Kit Sensitive Skin2 x 50ml,£7,£7.00 per 100ml,,toiletries-beauty
Veet In Shower Hair Removal Cream Body & Legs for Sensitive Skin,Veet In Shower Hair Removal Cream Bod...150ml,£8.50,£5.67 per 100ml,,toiletries-beauty
Veet Miraculous Oil for Pre & Post Hair Removal for Face & Body,Veet Miraculous Oil for Pre & Post Ha...100ml,£7.20,72p per 10ml,"Offer price £7.20, was £9",toiletries-beauty
Veet Oriental Wax  Essential Oils & Floral Vanilla Fragrance,Veet Oriental Wax  Essential Oils &...250ml,£10,£4.00 per 100ml,,toiletries-beauty
Veet Pure Hair Removal Cream Body & Legs for Sensitive Skin,Veet Pure Hair Removal Cream Body...200ml,£8.59,£4.30 per 100ml,,toiletries-beauty
Veet Pure Hair Removal Cream Body & Legs for Sensitive Skin,Veet Pure Hair Removal Cream Body...100ml,£5.50,£5.50 per 100ml,,toiletries-beauty
Veet Spray Hair Removal Cream Body & Legs for Sensitive Skin,Veet Spray Hair Removal Cream Body...150ml,£8.50,£5.67 per 100ml,,toiletries-beauty
"Veet Wax Strips Body & Legs for Sensitive Skin,  Wax Strips",Veet Wax Strips Body & Legs for S...40 per pack,£10.40,26p each,"Offer price £10.40, was £14",toiletries-beauty
"Veet Wax Strips Face for Sensitive Skin, Wax Strips","Veet Wax Strips Face for Sensitive Skin, Wax Strips20ml",£7.49,£37.45 per 100ml,,toiletries-beauty
"Veet Wax Strips Face for Sensitive Skin, Wax Strips","Veet Wax Strips Face for Sensitive Skin, Wax Strips40 per pack",£10.40,26p each,"Offer price £10.40, was £13",toiletries-beauty
Veet Wax Strips With Easy-Gel Sensitive Skin Bikini & Underarm ,Veet Wax Strips With Easy-Gel Sensiti...30 per pack,£10.88,36.2p each,"Offer price £10.88, was £13",toiletries-beauty
Venus & Olay Razor Blades Refills 3 Pack,Venus & Olay Razor Blades Refills 3 Pack3 per pack,£13,£4.33 each,,toiletries-beauty
Venus 3 Multicoloured Disposable Razors 4 Pack,Venus 3 Multicoloured Disposable Razors 4 Pack,£2.67,,"Offer price £2.67, was £4",toiletries-beauty
Venus Comfort Glide Leopard Razor,Venus Comfort Glide Leopard Razor,£13,,,toiletries-beauty
Venus Comfortglide Spa Breeze Razor Starter Pack- Handle + 3 Blades,Venus Comfortglide Spa Breeze Razor Sta...,£14,,,toiletries-beauty
Venus Fig Post Shave Serum,Venus Fig Post Shave Serum50ml,£6.66,£13.32 per 100ml,"Offer price £6.66, was £10",toiletries-beauty
Venus Oceana Disposable Razors ,Venus Oceana Disposable Razors 3 per pack,£3.84,£1.28 each,"Offer price £3.84, was £5.75",toiletries-beauty
Venus Olay Blades 6 Pack,Venus Olay Blades 6 Pack,£20.50,,"Offer price £20.50, was £23.50",toiletries-beauty
Venus Razor Blades Extra Smooth Blades,Venus Razor Blades Extra Smooth Blades4 per pack,£12,£3.00 each,,toiletries-beauty
Venus Satin Care Shaving Gel for Sensitive Skin,Venus Satin Care Shaving Gel for Sensitive Skin200ml,£3,£1.50 per 100ml,,toiletries-beauty
Venus Satin Care Shaving Gel with Touch of Olay,Venus Satin Care Shaving Gel with Touch of Olay200ml,£2.67,£1.34 per 100ml,"Offer price £2.67, was £4",toiletries-beauty
Venus Spa Blades,Venus Spa Blades8 per pack,£20.50,£2.56 each,"Offer price £20.50, was £23.50",toiletries-beauty
Venus Swirl Flaxball Razor for Women and 3 Refill Razor Blades,Venus Swirl Flaxball Razor for Wome...,£23.50,,,toiletries-beauty
Venus Swirl Flexball Razor,Venus Swirl Flexball Razor,£13,,,toiletries-beauty
Venus Swirl Razor & 8 Blades,Venus Swirl Razor & 8 Blades,£20,,"Offer price £20, was £26.50",toiletries-beauty
Venus Swirl Razor Blades Refills 3 Pack,Venus Swirl Razor Blades Refills 3 Pack,£13,,,toiletries-beauty
Venus Tropical Disposable Razors 3 Pack,Venus Tropical Disposable Razors 3 Pack3 per pack,£7,£2.33 each,,toiletries-beauty
Vitabiotics Menopace Original Tablets,Vitabiotics Menopace Original Tablets30 per pack,£4,13.3p each,,toiletries-beauty
 VO5 Flexible Natural Hold Hairspray, VO5 Flexible Natural Hold Hairspray400ml,£4.50,£1.13 per 100ml,,toiletries-beauty
VO5 Heat Protect Serum,VO5 Heat Protect Serum50ml,£4.25,£8.50 per 100ml,,toiletries-beauty
VO5 Heat Protect Styling Spray,VO5 Heat Protect Styling Spray200ml,£4.25,£2.13 per 100ml,,toiletries-beauty
 VO5 Invisible Extra Firm Hold Hairspray, VO5 Invisible Extra Firm Hold Hairspray400ml,£4.50,£1.13 per 100ml,,toiletries-beauty
 VO5 Invisible Firm Hold Hairspray, VO5 Invisible Firm Hold Hairspray400ml,£4.50,£1.13 per 100ml,,toiletries-beauty
 VO5 Invisible Ultimate Hold Hairspray, VO5 Invisible Ultimate Hold Hairspray400ml,£4.50,£1.13 per 100ml,,toiletries-beauty
Vo5 Invisible Ultimate Hold Hairspray,Vo5 Invisible Ultimate Hold Hairspray250ml,£4.25,£1.70 per 100ml,,toiletries-beauty
VO5 Matt Clay,VO5 Matt Clay75ml,£3.65,£4.87 per 100ml,,toiletries-beauty
VO5 Mega Hold Gel Spray,VO5 Mega Hold Gel Spray200ml,£4.25,£2.13 per 100ml,,toiletries-beauty
VO5 Mega Hold Styling Gel,VO5 Mega Hold Styling Gel200ml,£4.25,£2.13 per 100ml,,toiletries-beauty
 VO5 Rework Putty, VO5 Rework Putty150ml,£4.25,£2.83 per 100ml,,toiletries-beauty
VO5 Smoothly Does It Curl Defining Mousse,VO5 Smoothly Does It Curl Defining Mousse200ml,£4.25,£2.13 per 100ml,,toiletries-beauty
VO5 Styling Wax,VO5 Styling Wax75ml,£3.65,£4.87 per 100ml,,toiletries-beauty
 VO5 Surfstyle Paste, VO5 Surfstyle Paste150ml,£4.25,£2.83 per 100ml,,toiletries-beauty
VO5 Tame & Shine Spray Finishing Spray,VO5 Tame & Shine Spray Finishing Spray100ml,£4.25,£4.25 per 100ml,,toiletries-beauty
 VO5 Texturising Gum, VO5 Texturising Gum75ml,£3.65,£4.87 per 100ml,,toiletries-beauty
 VO5 Thickening Powder, VO5 Thickening Powder7g,£4.25,£6.07 per 10g,,toiletries-beauty
Vo5 Volume Blow Dry Hair Spray,Vo5 Volume Blow Dry Hair Spray200ml,£4.25,£2.13 per 100ml,,toiletries-beauty
VO5 Volume Boost Gel Spray,VO5 Volume Boost Gel Spray200ml,£4.25,£2.13 per 100ml,,toiletries-beauty
 VO5 Wet Look Styling Gel, VO5 Wet Look Styling Gel200ml,£4.25,£2.13 per 100ml,,toiletries-beauty
Voltarol Joint Pain Relief Gel,Voltarol Joint Pain Relief Gel50g,£11,£22.00 per 100g,,toiletries-beauty
Vosene Kids 3 in 1 Shampoo ,Vosene Kids 3 in 1 Shampoo 250ml,£2,80p per 100ml,,toiletries-beauty
Vosene Kids Defence Conditioning Spray ,Vosene Kids Defence Conditioning Spray 150ml,£2,£1.33 per 100ml,,toiletries-beauty
Vosene Original Anti-Dandruff Shampoo,Vosene Original Anti-Dandruff Shampoo300ml,£2,66.7p per 100ml,,toiletries-beauty
Wash & Go Shampoo & Conditioner 2 In 1 Classic,Wash & Go Shampoo & Conditioner 2 In 1 Classic200ml,£1,50p per 100ml,,toiletries-beauty
Weleda Skin Food,Weleda Skin Food30ml,£8,£26.67 per 100ml,,toiletries-beauty
Weleda Skin Food Light,Weleda Skin Food Light30ml,£8,£26.67 per 100ml,,toiletries-beauty
Weleda Skin Food Lip Balm ,Weleda Skin Food Lip Balm 8ml,£7,£87.50 per 100ml,,toiletries-beauty
Wella Define & Mousse ,Wella Define & Mousse 200ml,£4,£2.00 per 100ml,"Offer price £4, was £5.99",toiletries-beauty
Wella Deluxe Shine & Repair Hairspray,Wella Deluxe Shine & Repair Hairspray250ml,£4,£1.60 per 100ml,"Offer price £4, was £6",toiletries-beauty
Wella Deluxe Style & Restore Serum ,Wella Deluxe Style & Restore Serum 50ml,£4.65,£9.30 per 100ml,"Offer price £4.65, was £7",toiletries-beauty
Wella Deluxe Styling Oil Rich ,Wella Deluxe Styling Oil Rich 100ml,£4.65,£4.65 per 100ml,"Offer price £4.65, was £7",toiletries-beauty
Wella Oil Infused Spray ,Wella Oil Infused Spray 150ml,£4,£2.67 per 100ml,"Offer price £4, was £6",toiletries-beauty
 Wella Silvikrin Hairspray Natural Hold, Wella Silvikrin Hairspray Natural Hold250ml,£2.70,£1.08 per 100ml,,toiletries-beauty
Westlab Mindful Bath Salts ,Westlab Mindful Bath Salts 1kg,£4.50,£4.50 per kg,,toiletries-beauty
Westlab Pure Mineral Bathing Epsom Salt,Westlab Pure Mineral Bathing Epsom Salt1kg,£2.80,28p per 100g,,toiletries-beauty
Westlab Sleep Bath Salts ,Westlab Sleep Bath Salts 1kg,£4.50,£4.50 per kg,,toiletries-beauty
Westlab Soothing Dead Sea Bath Salt,Westlab Soothing Dead Sea Bath Salt1kg,£2.80,28p per 100g,,toiletries-beauty
Wilkinson Sword Beauty Eyebrow Shaper 3Pk,Wilkinson Sword Beauty Eyebrow Shaper 3Pk,£3,,,toiletries-beauty
Wilkinson Sword Classic Double Edge Men's Safety Razor With 5 Blades,Wilkinson Sword Classic Double Edge Men...,£20,,,toiletries-beauty
Wilkinson Sword Extra 2 Beauty Women's Disposable Razors,Wilkinson Sword Extra 2 Beauty...5 per pack,£1.65,33p each,,toiletries-beauty
Wilkinson Sword Extra 2 Sensitive Men's Disposable Razors,Wilkinson Sword Extra 2 Sensitive...10 per pack,£3.30,33p each,,toiletries-beauty
Wilkinson Sword Finest Bristle Brush,Wilkinson Sword Finest Bristle Brush,£4,,,toiletries-beauty
Wilkinson Sword Hydro 3 Skin Protection Value Pack Handle + 9 Blades,Wilkinson Sword Hydro 3 Skin Protection...,£18.75,,,toiletries-beauty
Wilkinson Sword Hydro 5 Comfort Razor,Wilkinson Sword Hydro 5 Comfort Razor,£8.50,,,toiletries-beauty
Wilkinson Sword Hydro 5 Comfort Refills ,Wilkinson Sword Hydro 5 Comfort Refills 4 per pack,£10.50,£2.63 each,,toiletries-beauty
Wilkinson Sword Hydro 5 Men's Razor ,Wilkinson Sword Hydro 5 Men's Razor ,£8.50,,,toiletries-beauty
Wilkinson Sword Hydro 5 Men's Razor Blades,Wilkinson Sword Hydro 5 Men's Razor Blades4 per pack,£10.50,£2.63 each,,toiletries-beauty
Wilkinson Sword Hydro 5 Skin Protection Razor + 9 Blades,Wilkinson Sword Hydro 5 Skin Pr...,£24.75,,,toiletries-beauty
Wilkinson Sword Hydro Sense Energize Razor,Wilkinson Sword Hydro Sense Energize Razor,£6.70,,,toiletries-beauty
Wilkinson Sword Intuition Bikini Razor,Wilkinson Sword Intuition Bikini Razor,£15,,,toiletries-beauty
Wilkinson Sword Intuition Complete 3 X Blades,Wilkinson Sword Intuition Complete 3 X Blades3 per pack,£8.50,£2.83 each,,toiletries-beauty
Wilkinson Sword Intuition Complete Razor,Wilkinson Sword Intuition Complete Razor,£5.67,,"Offer price £5.67, was £7.80",toiletries-beauty
Wilkinson Sword Intuition Ultra Moisture Women's Razor,Wilkinson Sword Intuition Ultra...,£8.50,,,toiletries-beauty
Wilkinson Sword Intuition Ultra Moisture Women's Razor Blades,Wilkinson Sword Intuition Ultra Moi...3 per pack,£8.50,£2.83 each,,toiletries-beauty
Wilkinson Sword Intuition Ultra Moisture Xxl Value Pack,Wilkinson Sword Intuition Ultra...,£15,,,toiletries-beauty
Wilkinson Sword Quattro for Women Razor,Wilkinson Sword Quattro for Women Razor,£6.75,,,toiletries-beauty
Wilkinson Sword Quattro for Women Razor Blades x3,Wilkinson Sword Quattro for...3 per pack,£6.75,£2.25 each,,toiletries-beauty
Wilkinson Sword Quattro for Women Sensitive Disposable Razors x3,Wilkinson Sword Quattro for Women Sen...3 per pack,£6,£2.00 each,,toiletries-beauty
Wilkinson Sword Quattro Titanium Sensitive Men's Razor with 9 Blades,Wilkinson Sword Quattro Titanium Sensit...8 per pack,£15,£1.88 each,"Offer price £15, was £20",toiletries-beauty
Wilkinson Sword Shaving Soap,Wilkinson Sword Shaving Soap125g,£2.30,£1.84 per 100g,,toiletries-beauty
Wilkinson Sword Skin Defense 5 Blade Razor,Wilkinson Sword Skin Defense 5 Blade Razor3 per pack,£4.33,£1.45 each,"Offer price £4.33, was £6",toiletries-beauty
Wilkinson Sword Xtreme 3 Beauty Women's Disposable Razors,Wilkinson Sword Xtreme 3 Beauty W...,£4.20,,,toiletries-beauty
Wilkinson Sword Xtreme 3 Sensitive Men's Disposable Razors,Wilkinson Sword Xtreme 3 Sensitiv...4 per pack,£3.75,93.8p each,,toiletries-beauty
Wilkinson Sword Xtreme 3 Ultimate Plus Razors,Wilkinson Sword Xtreme 3 Ultimate Plus Razors4 per pack,£3.80,95.2p each,"Offer price £3.80, was £5.75",toiletries-beauty
Wisdom Chlorhexidine Clean Mint Antibacterial Mouthwash ,Wisdom Chlorhexidine Clean Mint...300ml,£2,66.7p per 100ml,,toiletries-beauty
Wisdom Chlorhexidine Clean Mint Antibacterial Mouthwash,Wisdom Chlorhexidine Clean Mint...300ml,£2,66.7p per 100ml,,toiletries-beauty
Wisdom Clean Between Pro Fine Interdental Brushes,Wisdom Clean Between Pro Fi...30 per pack,£2,6.7p each,,toiletries-beauty
Wisdom Clean Between Pro Medium Interdental Brushes ,Wisdom Clean Between Pro Medi...30 per pack,£2,6.7p each,,toiletries-beauty
Wisdom Control Grip Firm Toothbrush,Wisdom Control Grip Firm Toothbrush,£1,,Buy 2 for £1.50,toiletries-beauty
Wisdom Control Grip Medium Brush,Wisdom Control Grip Medium Brush,£1,,Buy 2 for £1.50,toiletries-beauty
Wisdom Daily Use Interdental Brushes,Wisdom Daily Use Interdental Brushes30 per pack,£3,10p each,,toiletries-beauty
Wisdom Fresh Effect Floss 30m,Wisdom Fresh Effect Floss 30m,£2.45,,,toiletries-beauty
Wisdom Xtra Clean Medium Toothbrushes,Wisdom Xtra Clean Medium Toothbrushes4 per pack,£3,75p each,,toiletries-beauty
Womans Passion Peel Off Mask,Womans Passion Peel Off Mask,£1,,,toiletries-beauty
Worth Paris Je Reviens Eau de Toilette,Worth Paris Je Reviens Eau de Toilette50ml,£7,£14.00 per 100ml,,toiletries-beauty
Wrights Cleansing Traditional Soap Bar,Wrights Cleansing Traditional Soap Bar125g,80p,64p per 100g,,toiletries-beauty
Wuka Basics Hipster Medium Flow Period Pants Size L,Wuka Basics Hipster Medium Fl...,£12,,,toiletries-beauty
Yes To Coconut Ultra Hydrating Paper Mask,Yes To Coconut Ultra Hydrating Paper Mask20ml,£3,£15.00 per 100ml,,toiletries-beauty
Yes To Cucumbers Calming Mud Mask,Yes To Cucumbers Calming Mud Mask10ml,£3,£30.00 per 100ml,,toiletries-beauty
Yes To Grapefruit Vitamin C Glow-Boosting Bubbling Paper Mask,Yes To Grapefruit Vitamin C Glow-Bo...20ml,£4,£20.00 per 100ml,,toiletries-beauty
Yes To Grapefruit Vitamin C Glow-Boosting Unicorn Mud Mask,Yes To Grapefruit Vitamin C Glow...,£3,,,toiletries-beauty
Yes To Grapefruit Vitamin C Glow Boosting Paper Mask,Yes To Grapefruit Vitamin C G...20ml,£3,£15.00 per 100ml,,toiletries-beauty
Yes To Tomatoes Blemishing Fighting Paper Mask,Yes To Tomatoes Blemishin...20ml,£3,£15.00 per 100ml,,toiletries-beauty
Yes To Tomatoes Detoxifying Charcoal Mud Mask,Yes To Tomatoes Detoxifyi...10ml,£3,£30.00 per 100ml,,toiletries-beauty
Yes To Tomatoes Detoxifying Charcoal Paper Mask,Yes To Tomatoes Detoxifyi...,£3,,,toiletries-beauty
Yes To Tomatoes Detoxifying Charcoal Peel-Off Mask,Yes To Tomatoes Detoxifying...10ml,£4,£4.00 per 10ml,,toiletries-beauty
Ella's Kitchen Organic Pear and Peach Baby Rice Baby Pouch 4+ Months,Ella's Kitchen Or...120g,£1.30,£1.08 per 100g,Buy 5 for £6,toys-entertainment
Ella'S Kitchen Raspberry + Mango Puff Pops ,Ella'S Kitchen...4 x 9g,£2.25,£6.25 per 100g,,toys-entertainment
Ella's Kitchen Organic Cheese and Apple Melty Sticks Baby Snack 7+ Months,Ella's Kitchen...16g,£1.20,75p per 10g,,toys-entertainment
"12"" Pearl Assorted Balloons","12"" Pearl Assorted Balloons8 per pack",£1.99,24.9p each,,toys-entertainment
 18th Balloons Birthday Card, 18th Balloons Birthday Card,£2.25,£2.25 each,,toys-entertainment
18th Birthday Card,18th Birthday Card,£2.15,£2.15 each,,toys-entertainment
18th Birthday Card,18th Birthday Card,£1.99,£1.99 each,,toys-entertainment
40th Birthday Card,40th Birthday Card,£1.95,£1.95 each,,toys-entertainment
40th Birthday Card,40th Birthday Card,£1.99,£1.99 each,,toys-entertainment
50th Birthday Card,50th Birthday Card,£1.95,£1.95 each,,toys-entertainment
50th Birthday Card,50th Birthday Card,£1.99,£1.99 each,,toys-entertainment
60th Birthday Card,60th Birthday Card,£1.99,£1.99 each,,toys-entertainment
Abacus 18th Birthday Card,Abacus 18th Birthday Card,£2.90,£2.90 each,,toys-entertainment
Abacus 1St Birthday - Cute Koala Card,Abacus 1St Birthday - Cute Koala Card,£2,£2.00 each,,toys-entertainment
Abacus 1st Birthday Elephant Card,Abacus 1st Birthday Elephant Card,£2,£2.00 each,,toys-entertainment
Abacus 2nd Birthday - Cheeky Monkeys Card,Abacus 2nd Birthday - Cheeky Monkeys Card,£2,£2.00 each,,toys-entertainment
Abacus 2nd Birthday - Magical Unicorn Card ,Abacus 2nd Birthday - Magical Unicorn Card ,£2,£2.00 each,,toys-entertainment
Abacus 30th Birthday Card,Abacus 30th Birthday Card,£2.90,£2.90 each,,toys-entertainment
Abacus 3rd Birthday - Fab Flamingo Card,Abacus 3rd Birthday - Fab Flamingo Card,£2,£2.00 each,,toys-entertainment
Abacus 3rd Birthday - Zebra Party Card,Abacus 3rd Birthday - Zebra Party Card,£2,£2.00 each,,toys-entertainment
Abacus 40th Birthday Card,Abacus 40th Birthday Card,£2.90,£2.90 each,,toys-entertainment
Abacus 50th Birthday Card,Abacus 50th Birthday Card,£2.90,£2.90 each,,toys-entertainment
Abacus 70th Birthday Card,Abacus 70th Birthday Card,£2.90,£2.90 each,,toys-entertainment
Abacus 80th Birthday Card,Abacus 80th Birthday Card,£2.90,£2.90 each,,toys-entertainment
Abacus 90th Birthday Card,Abacus 90th Birthday Card,£2.90,£2.90 each,,toys-entertainment
Abacus Ahoy There! Birthday Card,Abacus Ahoy There! Birthday Card,£2.25,£2.25 each,,toys-entertainment
Abacus Birthday Express Card,Abacus Birthday Express Card,£2.25,£2.25 each,,toys-entertainment
Abacus Girls Birthday Card - Dino,Abacus Girls Birthday Card - Dino,£2,£2.00 each,,toys-entertainment
Abacus Girls Birthday Card - Sloth,Abacus Girls Birthday Card - Sloth,£2,£2.00 each,,toys-entertainment
Abacus Granddaughter Cake Birthday Card,Abacus Granddaughter Cake Birthday Card,£2.50,£2.50 each,,toys-entertainment
Abacus Hearts Gift Wrap (Plastic Free Packaging),Abacus Hearts Gift Wrap (Plastic Free Packaging)2 per pack,£2,£1.00 each,,toys-entertainment
Abacus Llama Birthday Card,Abacus Llama Birthday Card,£2.25,£2.25 each,,toys-entertainment
Abacus Peonies & Pushbike Birthday Card,Abacus Peonies & Pushbike Birthday Card,£2,£2.00 each,,toys-entertainment
Abacus Peonies & Roses Birthday Card,Abacus Peonies & Roses Birthday Card,£2,£2.00 each,,toys-entertainment
Abacus Rainbow Stripe Gift Wrap (Plastic Free Packaging),Abacus Rainbow Stripe Gift Wrap...2 per pack,£2,£1.00 each,,toys-entertainment
Abacus Space Rocket Birthday Card,Abacus Space Rocket Birthday Card,£2.25,£2.25 each,,toys-entertainment
Abacus Thank You Lion & Dinosaur Notecard Pack,Abacus Thank You Lion & Dinosaur Notecard Pack2 x 4 per pack,£3.35,41.9p each,,toys-entertainment
Abacus Thank you Llama & Unicorn Notecard Pack,Abacus Thank you Llama & Unicorn Notecard Pack2 x 4 per pack,£3.35,41.9p each,,toys-entertainment
"Ambi Toys Pop Up Pals, 18mths+","Ambi Toys Pop Up Pals, 18mths+",£20,£20.00 each,,toys-entertainment
Anniversary Hearts Card,Anniversary Hearts Card,£2.15,£2.15 each,,toys-entertainment
Aquabeads Easy Starter Set 31999,Aquabeads Easy Starter Set 31999,£10,,,toys-entertainment
Astro Venture Space Capsule,Astro Venture Space Capsule,£7.50,,"Offer price £7.50, was £10",toys-entertainment
Astro Venture Space Rover,Astro Venture Space Rover,£9,,"Offer price £9, was £12",toys-entertainment
Astro Venture Space Shuttle,Astro Venture Space Shuttle,£15,,,toys-entertainment
A Superhero Like You,A Superhero Like You,£8,£8.00 each,,toys-entertainment
Avengers 4th Birthday Card,Avengers 4th Birthday Card,£2,£2.00 each,,toys-entertainment
Avengers 5th Birthday Card,Avengers 5th Birthday Card,£2.50,£2.50 each,,toys-entertainment
Avengers 6th Birthday Card,Avengers 6th Birthday Card,£2.50,£2.50 each,,toys-entertainment
Avenir Activity Book Dress Up Fun,Avenir Activity Book Dress Up Fun,£10.15,£10.15 each,,toys-entertainment
Avenir Activity Book Magical Water Painting,Avenir Activity Book Magical Water Painting4 per pack,£10.15,£2.54 each,,toys-entertainment
Avenir Loopie Fun Bunny Bag,Avenir Loopie Fun Bunny Bag,£14.70,£14.70 each,,toys-entertainment
Avenir Scratch Dragon,Avenir Scratch Dragon,£4.25,£4.25 each,,toys-entertainment
Avenir Sewing Doll Llama,Avenir Sewing Doll Llama,£13.99,£13.99 each,,toys-entertainment
Avenir Sewing Doll Unicorn,Avenir Sewing Doll Unicorn,£13.99,£13.99 each,,toys-entertainment
Avo Party Birthday Greeting Card,Avo Party Birthday Greeting Card,£2.70,£2.70 each,,toys-entertainment
Baby Inflatable Pool 1yrs+ ,Baby Inflatable Pool 1yrs+ ,£19,£19.00 each,,toys-entertainment
Balloon Pump ,Balloon Pump ,£3,£3.00 each,,toys-entertainment
Balloons Paper Table Cover 120cm,Balloons Paper Table Cover 120cm,£3,£3.00 each,,toys-entertainment
Baylis & Harding Signature Collection Mini Stack Gift Set ,Baylis & Harding Signature Collec...,£12,,,toys-entertainment
Baylis & Harding Wild Fig & Pomegranate Wash Bag,Baylis & Harding Wild Fig & Pomegranate Wash Bag,£30,,,toys-entertainment
Bean & Avocado Popper,Bean & Avocado Popper,£4,,,toys-entertainment
Bedtime Stories For Stressed Out Adults,Bedtime Stories For Stressed Out Adults,£18,£18.00 each,,toys-entertainment
Big Hugs Bunnies Blank Card,Big Hugs Bunnies Blank Card,£2,£2.00 each,,toys-entertainment
"Big Mamma Cucina Popolare, Contemporary Italian Recipes","Big Mamma Cucina Popolare, Cont...",£28.95,£28.95 each,,toys-entertainment
Bio Kraft  Recyclable Paper Straws,Bio Kraft  Recyclable Paper Straws20 per pack,£2,10p each,,toys-entertainment
"Birthday Banner, Blue, 12ft","Birthday Banner, Blue, 12ft",£1.75,£1.75 each,,toys-entertainment
Birthday Candles In Holders,Birthday Candles In Holders12 per pack,£1.20,10p each,,toys-entertainment
Birthday Dots Paper Napkin,Birthday Dots Paper Napkin16 per pack,£1.75,10.9p each,,toys-entertainment
Birthday Drinks Card,Birthday Drinks Card,£2.35,£2.35 each,,toys-entertainment
Birthday Monsters Gift Wrap Sheets & Tags (Plastic Free),Birthday Monsters Gift Wrap She...2 per pack,£2.50,£1.25 each,,toys-entertainment
Birthday Tweetings Card,Birthday Tweetings Card,£1.95,£1.95 each,,toys-entertainment
Bisto Best Beef Gravy Granules,Bisto Best Beef Gravy Granules230g,£3,£1.30 per 100g,,toys-entertainment
Bisto Best Pork Gravy Granules,Bisto Best Pork Gravy Granules230g,£3,£1.30 per 100g,,toys-entertainment
Blue Bio Paper Napkins,Blue Bio Paper Napkins20 per pack,£1.75,8.8p each,,toys-entertainment
Bluey & Family 4 Figure Pack,Bluey & Family 4 Figure Pack4 per pack,£15,£3.75 each,,toys-entertainment
Bluey Ice Cream Cart & Figure,Bluey Ice Cream Cart & Figure,£11.25,,"Offer price £11.25, was £15",toys-entertainment
Bluey Wooden Memory Game,Bluey Wooden Memory Game,£7,,,toys-entertainment
Bluey Wooden YoYo,Bluey Wooden YoYo,£3,,,toys-entertainment
Bonnie The Bunny Kids Umbrella,Bonnie The Bunny Kids Umbrella,£12.30,£12.30 each,,toys-entertainment
"Book Of Funny Stories, Puffin ","Book Of Funny Stories, Puffin ",£9.80,£9.80 each,,toys-entertainment
"Book of Modern Speeches, Paperback","Book of Modern Speeches, Paperback",£17,£17.00 each,,toys-entertainment
Boys Nutmeg Christmas All Over Print Polo 1-1.5 Years,Boys Nutmeg Christmas All Ove...,£7,,,toys-entertainment
Bright & Beautiful Floral Blank Card,Bright & Beautiful Floral Blank Card,£1.85,£1.85 each,,toys-entertainment
Bright Easter Egg Oval Plastic Tray,Bright Easter Egg Oval Plastic Tray,£5.35,£5.35 each,,toys-entertainment
"Brown Bio Bagasse Cups, 240ml","Brown Bio Bagasse Cups, 240ml10 per pack",£2,20p each,,toys-entertainment
"Bubble Bottle, 1 per pack","Bubble Bottle, 1 per pack",£2,£2.00 each,,toys-entertainment
Bunnies Happy Anniversary Card,Bunnies Happy Anniversary Card,£2.50,£2.50 each,,toys-entertainment
Casdon Dyson Ball Vacuum Cleaner,Casdon Dyson Ball Vacuum Cleaner,£20.99,,,toys-entertainment
Casdon Play Cash,Casdon Play Cash,£2,,,toys-entertainment
Casdon Supermarket Till,Casdon Supermarket Till,£20,,,toys-entertainment
Champagne Anniversary Card,Champagne Anniversary Card,£2.50,£2.50 each,,toys-entertainment
Church with Daffodils Easter Cards,Church with Daffodils Easter Cards5 per pack,£3.40,68p each,,toys-entertainment
Classic Waddingtons Number 1 Playing Cards,Classic Waddingtons Number 1 Playing Cards,£2.50,£2.50 each,,toys-entertainment
Club Green God Save The King Banner,Club Green God Save The King Banner2m,£2.50,£1.25 per 1m,,toys-entertainment
Club Green Gold Crown Garland,Club Green Gold Crown Garland2.5m,£2.50,£1.00 per 1m,,toys-entertainment
Club Green King Charles Flag Bunting,Club Green King Charles Flag Bunting3m,£2.50,83.3p per 1m,,toys-entertainment
Club Green King Charles Flags,Club Green King Charles Flags6 per pack,£2,33.3p each,,toys-entertainment
Club Green Royally British Balloon Bundle 12 Pack,Club Green Royally British Balloon Bundle 12 Pack12 per pack,£4,33.3p each,,toys-entertainment
Club Green Union Jack Flags,Club Green Union Jack Flags6 per pack,£2,33.3p each,,toys-entertainment
Club Green Union Jack Party Hats,Club Green Union Jack Party Hats10 per pack,£3,30p each,,toys-entertainment
"Cocktail Dictionary, Octopus Publishing Group","Cocktail Dictionary, Octopus Publishing Group",£19.60,£19.60 each,,toys-entertainment
 Colour Flame Birthday Candles With Holders, Colour Flame Birthday Candles With Holders10 per pack,£2.49,24.9p each,,toys-entertainment
Colourful Gingham Easter Hanging Swirl,Colourful Gingham Easter Hanging Swirl3 per pack,£2,66.7p each,,toys-entertainment
"Comfort MOB, Hodder & Stoughton","Comfort MOB, Hodder & Stoughton",£23.30,£23.30 each,,toys-entertainment
Copper Holo Bottle Bag,Copper Holo Bottle Bag,£2.50,£2.50 each,,toys-entertainment
Crayola 10 Washable Kid's Paint,Crayola 10 Washable Kid's Paint,£9.50,£9.50 each,,toys-entertainment
Crayola 12 Anti Dust Coloured Chalk,Crayola 12 Anti Dust Coloured Chalk,£2,£2.00 each,,toys-entertainment
"Crayola 24 Supertips, 4yrs+","Crayola 24 Supertips, 4yrs+",£8.60,£8.60 each,,toys-entertainment
"Crayola 24 Twistable Crayons, 3yrs+","Crayola 24 Twistable Crayons, 3yrs+24 per pack",£8,33.3p each,,toys-entertainment
Crayola 9 Washable Glitter Glue,Crayola 9 Washable Glitter Glue,£5.65,£5.65 each,,toys-entertainment
Crayola Colours of the World Washable Markers,Crayola Colours of the World Washable Markers,£13,£13.00 each,,toys-entertainment
Crayola Crayons,Crayola Crayons24 per pack,£2.50,10.4p each,,toys-entertainment
Crayola Washable Kids Paint 18 Pack,Crayola Washable Kids Paint 18 Pack,£6,£6.00 each,,toys-entertainment
Cream Compostable Paper Napkins,Cream Compostable Paper Napkins125 per pack,£3.50,2.8p each,,toys-entertainment
Cream Compostable Paper Napkins,Cream Compostable Paper Napkins50 per pack,£2,4p each,,toys-entertainment
Curious Universe Mess Free Magic Painting Wild Animals,Curious Universe Mess Free Magi...,£4,,,toys-entertainment
"Cute Money Wallet Card, Pack of 4","Cute Money Wallet Card, Pack of 4",£1.50,£1.50 each,,toys-entertainment
Dad Birthday Card,Dad Birthday Card,£2.95,£2.95 each,,toys-entertainment
Dad Birthday Card,Dad Birthday Card,£2.50,£2.50 each,,toys-entertainment
Dandelion Breeze Sympathy Card,Dandelion Breeze Sympathy Card,£2.50,£2.50 each,,toys-entertainment
Dark Blue Dunicel Table Cover 118x180cm,Dark Blue Dunicel Table Cover 118x180cm,£3.50,£3.50 each,,toys-entertainment
Daughter Birthday Card,Daughter Birthday Card,£2.15,£2.15 each,,toys-entertainment
Dear Dad Memory Journal of a Lifetime Book,Dear Dad Memory Journal of a Lifetime Book,£12.99,£12.99 each,,toys-entertainment
Dear Grandad Memory Journal of a Lifetime Book,Dear Grandad Memory Journal of a Lifetime Book,£12.99,£12.99 each,,toys-entertainment
Dear Grandma Memory Journal of a Lifetime,Dear Grandma Memory Journal of a Lifetime,£12.99,£12.99 each,,toys-entertainment
Dear Mum Memory Journal of a Lifetime,Dear Mum Memory Journal of a Lifetime,£12.99,£12.99 each,,toys-entertainment
Dear Zoo- 40th Anniversary Edition,Dear Zoo- 40th Anniversary Edition,£8.45,£8.45 each,,toys-entertainment
Death by Burrito Cook Book,Death by Burrito Cook Book,£21.90,£21.90 each,,toys-entertainment
Decorative Easter Eggs Cards,Decorative Easter Eggs Cards4 per pack,£2.50,62.5p each,,toys-entertainment
Dickie Toys RC Tumbling Flippy Vehicle,Dickie Toys RC Tumbling Flippy Vehicle,£18,,,toys-entertainment
Dinosaur Birthday Card,Dinosaur Birthday Card,£1.25,£1.25 each,,toys-entertainment
Dinosaur Birthday Card,Dinosaur Birthday Card,£2.50,£2.50 each,,toys-entertainment
Dinosaurs Top Trumps Classics Card Game,Dinosaurs Top Trumps Classics Card Game,£6,£6.00 each,,toys-entertainment
"Disney Frozen, 1001 Stickers","Disney Frozen, 1001 Stickers",£5.99,£5.99 each,,toys-entertainment
Disney Frozen 2 Mini Memory Game,Disney Frozen 2 Mini Memory Game,£6,£6.00 each,,toys-entertainment
Disney Frozen 4th Birthday Card,Disney Frozen 4th Birthday Card,£3,£3.00 each,,toys-entertainment
Disney Frozen 5th Birthday Card,Disney Frozen 5th Birthday Card,£2.50,£2.50 each,,toys-entertainment
"Disney Pixar 500 Stickers, Activity book","Disney Pixar 500 Stickers, Activity book",£3.99,£3.99 each,,toys-entertainment
Disney Princess 4th Birthday Card,Disney Princess 4th Birthday Card,£2.50,£2.50 each,,toys-entertainment
Disney Princess Wrapping Paper,Disney Princess Wrapping Paper,£2,£2.00 each,,toys-entertainment
Dobble Card Game,Dobble Card Game,£12,,,toys-entertainment
"Dots Recyclable Paper Plates, 22cm ","Dots Recyclable Paper Plates, 22cm 10 per pack",£2.50,25p each,,toys-entertainment
Dragon 3D Pinata,Dragon 3D Pinata,£12.99,£12.99 each,,toys-entertainment
Dr. Oetker 18 Party Candles,Dr. Oetker 18 Party Candles,£1.55,,,toys-entertainment
Dr. Oetker 6 Celebration Candles,Dr. Oetker 6 Celebration Candles,£1.99,,,toys-entertainment
Drumond Park The Logo Board Game,Drumond Park The Logo Board Game,£8,,,toys-entertainment
"Duni Bagasse Plates, 18cm ","Duni Bagasse Plates, 18cm 10 per pack",£2.50,25p each,,toys-entertainment
Duni Bio Pastel Recyclable Paper Straws,Duni Bio Pastel Recyclable Paper Straws25 per pack,£3.75,15p each,,toys-entertainment
"Dunisilk Table Cover, Cream, 138x200cm","Dunisilk Table Cover, Cream, 138x200cm",£4,£4.00 each,,toys-entertainment
"Dunisilk Table Cover, White, 138x220cm","Dunisilk Table Cover, White, 138x220cm",£4,£4.00 each,,toys-entertainment
Duracell Alkaline Button LR44 Batteries 1.5V (76A / A76 / V13GA),Duracell Alkaline Button LR44 Batteri...2 per pack,£4.50,£2.25 each,,toys-entertainment
Duracell Alkaline Button LR44 Batteries 1.5V (76A / A76 / V13GA),Duracell Alkaline Button LR44 Batteri...4 per pack,£8,£2.00 each,,toys-entertainment
Duracell Alkaline MN21 Batteries 12V (A23 / 23A / V23GA),Duracell Alkaline MN21 Batterie...2 per pack,£5,£2.50 each,,toys-entertainment
Duracell Alkaline N Batteries 1.5V (E90 / LR1),Duracell Alkaline N Batteries 1.5V (E90 / LR1)2 per pack,£5,£2.50 each,,toys-entertainment
Duracell Battery Charger Charges In 45 Min With 2 AA And 2 AAA Batteries ,Duracell Battery Charger Charges In 45 Min...,£30,,,toys-entertainment
Duracell Battery Charger Charges In 4 Hours With 2 AA And 2 AAA Batteries ,Duracell Battery Charger Charges In 4 Hours...,£15,,,toys-entertainment
Duracell Hearing Aid Batteries Size 13,Duracell Hearing Aid Batteries Size 136 per pack,£5,83.3p each,,toys-entertainment
Duracell Hearing Aid Batteries Size 312,Duracell Hearing Aid Batteries Size 3126 per pack,£5,83.3p each,,toys-entertainment
Duracell High Power Lithium 123 Batteries 3V (CR123 / CR123A / CR17345),Duracell High Power Lithium 1...2 per pack,£10,£5.00 each,,toys-entertainment
Duracell High Power Lithium CR2 Batteries 3V (CR1H270),Duracell High Power Lithium CR2...2 per pack,£6,£3.00 each,,toys-entertainment
Duracell Lithium Coin 2016 Batteries 3V (CR2016 / DL2016),Duracell Lithium Coin 2016 Batter...2 per pack,£5,£2.50 each,,toys-entertainment
Duracell Lithium Coin 2025 Batteries 3V (CR2025 / DL2025),Duracell Lithium Coin 2025 Batter...2 per pack,£5,£2.50 each,,toys-entertainment
Duracell Lithium Coin 2032 Batteries 3V (CR2032 / DL2032),Duracell Lithium Coin 2032 Batter...2 per pack,£5,£2.50 each,,toys-entertainment
Duracell Lithium Coin 2032 Batteries 3V (CR2032 / DL2032),Duracell Lithium Coin 2032 Batter...4 per pack,£8,£2.00 each,,toys-entertainment
Duracell Optimum AAA Alkaline Batteries LR03 ,Duracell Optimum AAA Alkaline Batteries LR03 4 per pack,£5.50,£1.38 each,,toys-entertainment
Duracell Optimum AAA Alkaline Batteries LR03 ,Duracell Optimum AAA Alkaline Batteries LR03 8 per pack,£8,£1.00 each,"Offer price £8, was £9.75",toys-entertainment
Duracell Optimum AAA Alkaline Batteries LR03,Duracell Optimum AAA Alkaline Batteries LR0312 per pack,£13,£1.08 each,,toys-entertainment
Duracell Optimum AA Alkaline Batteries LR6 ,Duracell Optimum AA Alkaline Batteries LR6 8 per pack,£8,£1.00 each,"Offer price £8, was £9.75",toys-entertainment
Duracell Optimum AA Alkaline Batteries LR6,Duracell Optimum AA Alkaline Batteries LR612 per pack,£13,£1.08 each,,toys-entertainment
Duracell Optimum AA Alkaline Batteries LR6,Duracell Optimum AA Alkaline Batteries LR64 per pack,£5.50,£1.38 each,,toys-entertainment
Duracell Plus 9V Alkaline Batteries,Duracell Plus 9V Alkaline Batteries2 per pack,£7.50,£3.75 each,,toys-entertainment
Duracell Plus 9V Alkaline Battery,Duracell Plus 9V Alkaline Battery,£4.50,,,toys-entertainment
Duracell Plus AAA Alkaline Batteries LR03 ,Duracell Plus AAA Alkaline Batteries LR03 4 per pack,£4.75,£1.19 each,,toys-entertainment
Duracell Plus AAA Alkaline Batteries LR03,Duracell Plus AAA Alkaline Batteries LR038 per pack,£8,£1.00 each,,toys-entertainment
Duracell Plus AAA Alkaline Batteries LR03,Duracell Plus AAA Alkaline Batteries LR0312 per pack,£10.75,89.6p each,,toys-entertainment
Duracell Plus AAA Alkaline Batteries LR03 ,Duracell Plus AAA Alkaline Batteries LR03 20 per pack,£15.25,76.3p each,,toys-entertainment
Duracell Plus AA Alkaline Batteries LR6 ,Duracell Plus AA Alkaline Batteries LR6 4 per pack,£4.75,£1.19 each,,toys-entertainment
Duracell Plus AA Alkaline Batteries LR6 ,Duracell Plus AA Alkaline Batteries LR6 8 per pack,£8,£1.00 each,,toys-entertainment
Duracell Plus AA Alkaline Batteries LR6 ,Duracell Plus AA Alkaline Batteries LR6 12 per pack,£10.75,89.6p each,,toys-entertainment
Duracell Plus AA Alkaline Batteries LR6,Duracell Plus AA Alkaline Batteries LR620 per pack,£15.25,76.3p each,,toys-entertainment
Duracell Plus C Alkaline Batteries ,Duracell Plus C Alkaline Batteries 2 per pack,£4,£2.00 each,,toys-entertainment
Duracell Plus C Alkaline Batteries,Duracell Plus C Alkaline Batteries4 per pack,£7,£1.75 each,,toys-entertainment
Duracell Plus D Alkaline Batteries,Duracell Plus D Alkaline Batteries2 per pack,£4,£2.00 each,,toys-entertainment
Duracell Plus D Batteries,Duracell Plus D Batteries4 per pack,£8,£2.00 each,,toys-entertainment
Duracell Rechargeable AA 1300mAh Batteries,Duracell Rechargeable AA 1300mAh Batteries4 per pack,£14,£3.50 each,,toys-entertainment
Duracell Rechargeable AA 2500mAh Batteries,Duracell Rechargeable AA 2500mAh Batteries4 per pack,£15,£3.75 each,,toys-entertainment
Duracell Rechargeable AAA 750mAh Batteries,Duracell Rechargeable AAA 750mAh Batteries4 per pack,£14,£3.50 each,,toys-entertainment
Duracell Rechargeable AAA 900mAh Batteries,Duracell Rechargeable AAA 900mAh Batteries4 per pack,£15,£3.75 each,,toys-entertainment
Easter Activity Pack,Easter Activity Pack,£2.85,£2.85 each,,toys-entertainment
Easter Bunny Card,Easter Bunny Card,£2,£2.00 each,,toys-entertainment
Easter Bunny Gift Bag,Easter Bunny Gift Bag,£1.50,£1.50 each,,toys-entertainment
Easter Bunny Mini Treat Bags 3pk,Easter Bunny Mini Treat Bags 3pk3 per pack,£4,£1.33 each,,toys-entertainment
Easter Bunny Money Wallet ,Easter Bunny Money Wallet ,£1,£1.00 each,,toys-entertainment
Easter Colouring Book,Easter Colouring Book,£2.90,£2.90 each,,toys-entertainment
Easter Cupcake with Bunny Toppers Kit for 12,Easter Cupcake with Bunny Toppers Kit for 1212 per pack,£2,16.7p each,,toys-entertainment
Easter Egg Hunt Clue Signs 10pcs,Easter Egg Hunt Clue Signs 10pcs10 per pack,£3.50,35p each,,toys-entertainment
Easter Egg Hunt Game ,Easter Egg Hunt Game 4 per pack,£4.45,£1.11 each,,toys-entertainment
Easter Egg Hunt Kit ,Easter Egg Hunt Kit 6 per pack,£9.40,£1.57 each,,toys-entertainment
Easter Egg Hunt Kit,Easter Egg Hunt Kit,£2.85,£2.85 each,,toys-entertainment
Easter Pin The Tail On The Bunny Game,Easter Pin The Tail On The Bunny Game,£3.55,£3.55 each,,toys-entertainment
Easter Sticker Book,Easter Sticker Book100 per pack,£1.50,1.5p each,,toys-entertainment
Easter Tableware Kit,Easter Tableware Kit,£6.05,£6.05 each,,toys-entertainment
Easter Wreath Craft Set,Easter Wreath Craft Set2 per pack,£3,£1.50 each,,toys-entertainment
"Eat, Sleep, Game, Repeat! Birthday Card","Eat, Sleep, Game, Repeat! Birthday Card",£1.25,£1.25 each,,toys-entertainment
Eggcellent Birthday Greeting Card,Eggcellent Birthday Greeting Card,£2.70,£2.70 each,,toys-entertainment
Elegant Eggs Napkins,Elegant Eggs Napkins20 per pack,£2.95,14.8p each,,toys-entertainment
Elephant Fun Gift Wrap Sheets & Tags (Plastic Free),Elephant Fun Gift Wrap Sheets...2 per pack,£2.50,£1.25 each,,toys-entertainment
Elmer The Elephant,Elmer The Elephant,£7.95,£7.95 each,,toys-entertainment
Emma Bridgewater Amazing Dad Greeting Card,Emma Bridgewater Amazin...,£2.75,£2.75 each,,toys-entertainment
Emma Bridgewater Amazing Mum Birthday Card,Emma Bridgewater Amazin...,£2.75,£2.75 each,,toys-entertainment
Emma Bridgewater Another Year Anniversary Card,Emma Bridgewater Another...,£2.75,£2.75 each,,toys-entertainment
Emma Bridgewater Blue Flowers Birthday Card,Emma Bridgewater Blue Flowers Birthday Card,£2.75,£2.75 each,,toys-entertainment
"Emma Bridgewater Cream Stars Gift Bag, Small 13X13cm",Emma Bridgewater Cream Stars...,£3.15,£3.15 each,,toys-entertainment
Emma Bridgewater Easter Daffodils & Bee Cards 5pk,Emma Bridgewater Easter Daffodils & Bee Cards 5pk5 per pack,£3.40,68p each,,toys-entertainment
Emma Bridgewater Get Well Soon Card,Emma Bridgewater Get Well Soon Card,£2.75,£2.75 each,,toys-entertainment
Emma Bridgewater Happy Birthday Card,Emma Bridgewater Happy Birthday Card,£2.75,£2.75 each,,toys-entertainment
Emma Bridgewater Hearts Gift Wrap & Tag Pack,Emma Bridgewater Hearts...2 per pack,£2.05,£1.03 each,,toys-entertainment
Emma Bridgewater Hearts Paper Napkins,Emma Bridgewater Hearts Paper Napkins20 per pack,£3.60,18p each,,toys-entertainment
Emma Bridgewater Hooray Birthday Card,Emma Bridgewater Hooray Birthday Card,£2.75,£2.75 each,,toys-entertainment
Emma Bridgewater Love Anniversary Card,Emma Bridgewater Love Anniversary Card,£2.75,£2.75 each,,toys-entertainment
Emma Bridgewater Mr & Mrs Wedding Card,Emma Bridgewater Mr & Mrs Wedding Card,£2.75,£2.75 each,,toys-entertainment
Emma Bridgewater New Hearts Gift Bag,Emma Bridgewater New Hearts Gift Bag,£6.25,£6.25 each,,toys-entertainment
"Emma Bridgewater New Hearts Gift Bag, Mini 13X13cm",Emma Bridgewater New Hearts...,£3.15,£3.15 each,,toys-entertainment
Emma Bridgewater Nice Present Bottle Bag,Emma Bridgewater Nice Present Bottle Bag,£3.95,£3.95 each,,toys-entertainment
"Emma Bridgewater Nice Present Gift Bag, Medium","Emma Bridgewater Nice Present Gift Bag, Medium",£4,£4.00 each,,toys-entertainment
Emma Bridgewater Pink Heart Blank Card,Emma Bridgewater Pink Heart Blank Card,£2.75,£2.75 each,,toys-entertainment
Emma Bridgewater Polka Dot Paper Napkins,Emma Bridgewater Polka Dot Paper Napkins20 per pack,£3.60,18p each,,toys-entertainment
Emma Bridgewater Starry Skies Gift Wrap & Tags,Emma Bridgewater Starry Skies Gift Wrap & Tags2 per pack,£2,£1.00 each,,toys-entertainment
Emma Bridgewater Stars Birthday Card,Emma Bridgewater Stars Birthday Card,£2.75,£2.75 each,,toys-entertainment
Emma Bridgewater Wedding Vows Card,Emma Bridgewater Wedding Vows Card,£2.90,£2.90 each,,toys-entertainment
Emma Bridgewater Wonderful Grandma Greeting Card,Emma Bridgewater Wonderful...,£2.60,£2.60 each,,toys-entertainment
Energizer Alkaline Power AA Batteries,Energizer Alkaline Power AA Batteries24 per pack,£12,50p each,,toys-entertainment
Energizer Alkaline Power Batteries Maxi AAA,Energizer Alkaline Power Batteries Maxi AAA24 per pack,£12,50p each,,toys-entertainment
Energizer Cr2032 Lithium Batteries ,Energizer Cr2032 Lithium Batteries ,£9,,,toys-entertainment
Energizer Lr44/A76 Alkaline Batteries,Energizer Lr44/A76 Alkaline Batteries4 per pack,£7.50,£1.88 each,,toys-entertainment
Energizer Max 9V Batteries ,Energizer Max 9V Batteries 2 per pack,£6,£3.00 each,,toys-entertainment
Energizer Max AA,Energizer Max AA12 per pack,£7,58.3p each,"Offer price £7, was £9",toys-entertainment
Energizer Max AAA Batteries ,Energizer Max AAA Batteries 4 per pack,£3.75,93.8p each,,toys-entertainment
Energizer Max AAA Batteries Alkaline,Energizer Max AAA Batteries Alkaline12 per pack,£7,58.3p each,"Offer price £7, was £9",toys-entertainment
Energizer Max Aa Batteries,Energizer Max Aa Batteries4 per pack,£3.75,93.8p each,,toys-entertainment
Energizer Max D Batteries ,Energizer Max D Batteries 4 per pack,£6,£1.50 each,,toys-entertainment
Energizer Zink Air Hearing Aid Batteries Size 312 ,Energizer Zink Air Hearing Aid Batteries Size 312 8 per pack,£6,75p each,,toys-entertainment
Epic Birthday Card,Epic Birthday Card,£2.50,£2.50 each,,toys-entertainment
Fab Friends Birthday Greeting Card,Fab Friends Birthday Greeting Card,£2.70,£2.70 each,,toys-entertainment
Fantastically Great Women Who Changed The World,Fantastically Great Women...,£8.99,£8.99 each,,toys-entertainment
Farm Sounds,Farm Sounds,£15.65,£15.65 each,,toys-entertainment
Fire Birthday Card,Fire Birthday Card,£2,£2.00 each,,toys-entertainment
Fisher Price Laugh & Learn DigiPuppy,Fisher Price Laugh & Learn DigiPuppy6 per pack,£11.80,£1.97 each,,toys-entertainment
Fisher Price Laugh & Learn Smart Phone,Fisher Price Laugh & Learn Smart Phone,£11,,,toys-entertainment
Fisher Price Lil' Gamer,Fisher Price Lil' Gamer,£14.35,£14.35 each,,toys-entertainment
Five Minutes' Peace,Five Minutes' Peace,£9.65,£9.65 each,,toys-entertainment
Flamingo Birthday Card,Flamingo Birthday Card,£1.25,£1.25 each,,toys-entertainment
Flaunt It Birthday Greeting Card,Flaunt It Birthday Greeting Card,£2.70,£2.70 each,,toys-entertainment
Floral Cross Easter Cards,Floral Cross Easter Cards5 per pack,£3.40,68p each,,toys-entertainment
Floral Happy Birthday Card,Floral Happy Birthday Card,£2.75,£2.75 each,,toys-entertainment
Football Birthday Candles,Football Birthday Candles6 per pack,£2.49,41.5p each,,toys-entertainment
Football Boots Birthday Card,Football Boots Birthday Card,£1.25,£1.25 each,,toys-entertainment
Football Paper Cups 260ml,Football Paper Cups 260ml8 per pack,£1.99,24.9p each,,toys-entertainment
Football Paper Napkins,Football Paper Napkins16 per pack,£1.49,9.3p each,,toys-entertainment
Football Paper Plates 23cm,Football Paper Plates 23cm8 per pack,£1.99,24.9p each,,toys-entertainment
Free Gin Birthday Card,Free Gin Birthday Card,£2,£2.00 each,,toys-entertainment
"Fresh Metal Car Assortment, 1 per pack","Fresh Metal Car Assortment, 1 per pack",£2,£2.00 each,,toys-entertainment
From the Oven to the Table,From the Oven to the Table,£27,£27.00 each,,toys-entertainment
"From You To Me, Hopes & Wishes For You","From You To Me, Hopes & Wishes For You",£10.15,£10.15 each,,toys-entertainment
"From You To Me, Promises For You","From You To Me, Promises For You",£10.15,£10.15 each,,toys-entertainment
"From You To Me, The Only Bear For Me","From You To Me, The Only Bear For Me",£10.15,£10.15 each,,toys-entertainment
From You To Me - A Tale For A Sleepy Bunny,From You To Me - A Tale For A Sleepy Bunny,£10.15,£10.15 each,,toys-entertainment
Fumfings Animal Pack Farm,Fumfings Animal Pack Farm,£6,£6.00 each,,toys-entertainment
Fumfings Large Safari Animal Pack,Fumfings Large Safari Animal Pack,£6,£6.00 each,,toys-entertainment
Galt 10 Chalks,Galt 10 Chalks,£1.50,£1.50 each,,toys-entertainment
Galt 3 Non Spill Pots,Galt 3 Non Spill Pots,£5.40,£5.40 each,,toys-entertainment
Galt 6 Poster Paints,Galt 6 Poster Paints,£3.10,£3.10 each,,toys-entertainment
"Galt Brilliant Hair Bands, 6yrs+","Galt Brilliant Hair Bands, 6yrs+",£10,£10.00 each,,toys-entertainment
"Galt Card Craft, 8yrs+","Galt Card Craft, 8yrs+",£13,£13.00 each,,toys-entertainment
Galt Counting Puzzle,Galt Counting Puzzle,£13.95,£13.95 each,,toys-entertainment
Galt Discovery Puzzle,Galt Discovery Puzzle,£12.90,£12.90 each,,toys-entertainment
Galt Fill & Spill Fruit Basket,Galt Fill & Spill Fruit Basket,£18.60,£18.60 each,,toys-entertainment
Galt Flower Rings,Galt Flower Rings,£6.50,£6.50 each,,toys-entertainment
"Galt Follow Me Ball, 6mths+","Galt Follow Me Ball, 6mths+",£16,£16.00 each,,toys-entertainment
"Galt Jungle Pals Skittles 8"", 12mths+","Galt Jungle Pals Skittles 8"", 12mths+",£16,£16.00 each,,toys-entertainment
Galt Liquid Paints,Galt Liquid Paints,£11.85,£11.85 each,,toys-entertainment
Galt Monster Magnets,Galt Monster Magnets,£7.20,£7.20 each,,toys-entertainment
Galt Nail Design Case,Galt Nail Design Case,£19.40,£19.40 each,,toys-entertainment
Galt Paint box,Galt Paint box,£5.15,£5.15 each,,toys-entertainment
"Galt Pop-up Toy, 12mths+","Galt Pop-up Toy, 12mths+",£9,£9.00 each,,toys-entertainment
Galt Soap Making Kit,Galt Soap Making Kit,£13.30,£13.30 each,,toys-entertainment
Galt Squeeze n Brush - 5 Glitter Colours 3+,Galt Squeeze n Brush - 5 Glitter Colours 3+,£4.50,£4.50 each,,toys-entertainment
"Galt Toys Glow Lab, 6yrs+","Galt Toys Glow Lab, 6yrs+",£13,£13.00 each,,toys-entertainment
"Galt Toys Magnetic Lab, 6yrs+","Galt Toys Magnetic Lab, 6yrs+",£13,£13.00 each,,toys-entertainment
"Galt Toys  Rainbow Lab, 6yrs+","Galt Toys  Rainbow Lab, 6yrs+",£15,£15.00 each,,toys-entertainment
"Galt Toys Slime Lab, 5 yrs+","Galt Toys Slime Lab, 5 yrs+",£13,£13.00 each,,toys-entertainment
Galt Travel Activity Case,Galt Travel Activity Case,£14.90,£14.90 each,,toys-entertainment
"Galt Water Magic Dinosaurs, 3yrs+","Galt Water Magic Dinosaurs, 3yrs+",£7,£7.00 each,,toys-entertainment
Galt Water Magic Under The Sea,Galt Water Magic Under The Sea,£5.99,,,toys-entertainment
"Galt Water Magic Vehicles, 3yrs+","Galt Water Magic Vehicles, 3yrs+",£7,£7.00 each,,toys-entertainment
Galt Window Markers,Galt Window Markers,£5.15,£5.15 each,,toys-entertainment
"Gazillion 2L Bubble Solution, 3yrs+","Gazillion 2L Bubble Solution, 3yrs+",£6.50,£6.50 each,,toys-entertainment
"Gazillion 2L Giant Bubble Solution, 3yrs+","Gazillion 2L Giant Bubble Solution, 3yrs+",£6.99,£6.99 each,,toys-entertainment
Gazillion Incredibubble Wand,Gazillion Incredibubble Wand,£10.45,£10.45 each,,toys-entertainment
Gi-Go Baby Care Pack,Gi-Go Baby Care Pack,£4,,,toys-entertainment
"Giant Road Puzzle, 3yrs+","Giant Road Puzzle, 3yrs+",£15,£15.00 each,,toys-entertainment
Gigo Baby Care Pack,Gigo Baby Care Pack,£4.65,,,toys-entertainment
"Gin How To Drink It, Octopus Publishing Group","Gin How To Drink It, Octopus Publishing Group",£19.60,£19.60 each,,toys-entertainment
"Glass Rainbow Hanging Decoration, Multi","Glass Rainbow Hanging Decoration, Multi",£8,£8.00 each,,toys-entertainment
"Glenmuir Womens Bamboo Sports Trainer Socks, White, Size 4-8",Glenmuir Womens Bamboo Sports Train...3 per pack,£12.99,£4.33 each,,toys-entertainment
"Glenmuir Womens Bamboo Trainer Socks, Black, Size 4-8",Glenmuir Womens Bamboo Traine...3 per pack,£12.99,£4.33 each,,toys-entertainment
Glimma Girlz Styling Heads,Glimma Girlz Styling Heads,£10,,,toys-entertainment
"Glow in the Dark Mould & Paint Dinosaur, 5yrs+","Glow in the Dark Mould & Paint Dinosaur, 5yrs+",£12,£12.00 each,,toys-entertainment
Golf Happy Birthday Card,Golf Happy Birthday Card,£2.60,£2.60 each,,toys-entertainment
Good Luck Bee Awesome Card,Good Luck Bee Awesome Card,£2.45,£2.45 each,,toys-entertainment
Good Vibes Birthday Card,Good Vibes Birthday Card,£1.25,£1.25 each,,toys-entertainment
Grafix 3D Foam Sticker Shapes,Grafix 3D Foam Sticker Shapes,75p,,,toys-entertainment
Grafix Craft Carry Pack,Grafix Craft Carry Pack,£4,,,toys-entertainment
Grafix Craft Sticks,Grafix Craft Sticks80 per pack,75p,0.9p each,,toys-entertainment
Grafix Jumbo Crayons,Grafix Jumbo Crayons12 per pack,£2,16.7p each,,toys-entertainment
Grafix Pastel Gel Pens,Grafix Pastel Gel Pens8 per pack,£1.50,18.8p each,,toys-entertainment
Grafix Poster Paints,Grafix Poster Paints6 per pack,£2,33.3p each,,toys-entertainment
Grafix Splash Sprinkler W/Ball,Grafix Splash Sprinkler W/Ball,£7,,,toys-entertainment
Grafix Stamper Markers,Grafix Stamper Markers7 per pack,£2,28.6p each,,toys-entertainment
Grandad Birthday Card,Grandad Birthday Card,£2.15,£2.15 each,,toys-entertainment
Grandma Bumble Bee Birthday Card,Grandma Bumble Bee Birthday Card,£2.90,£2.90 each,,toys-entertainment
Green Science Hybrid Solar Power Water Pump,Green Science Hybrid Solar Power Water Pump,£21.99,£21.99 each,,toys-entertainment
Green Science Windmill Generator,Green Science Windmill Generator,£12.99,£12.99 each,,toys-entertainment
Grow Your Own Chilli Plants,Grow Your Own Chilli Plants,£13,£13.00 each,,toys-entertainment
"Hamlyn All Colour Cookery, 200 Tapas & Spanish Dishes","Hamlyn All Colour Cookery, 20...",£6.75,£6.75 each,,toys-entertainment
Hand Finished Candles Birthday Card,Hand Finished Candles Birthday Card,£1.50,£1.50 each,,toys-entertainment
Hand Finished Happy Birthday Card,Hand Finished Happy Birthday Card,£1.50,£1.50 each,,toys-entertainment
Hand Finished Happy Birthday Card,Hand Finished Happy Birthday Card,£1.50,£1.50 each,,toys-entertainment
Hand Finished Happy Birthday Matey Card,Hand Finished Happy Birthday Matey Card,£1.50,£1.50 each,,toys-entertainment
Hand Finished Happy Birthday To You Card,Hand Finished Happy Birthday To You Card,£1.50,£1.50 each,,toys-entertainment
Happiest Sister Birthday Card,Happiest Sister Birthday Card,£2.49,£2.49 each,,toys-entertainment
Happy Beer Day Card ,Happy Beer Day Card ,£2.35,£2.35 each,,toys-entertainment
Happy Birthday Balloon Foil Dot Card ,Happy Birthday Balloon Foil Dot Card ,£2.40,£2.40 each,,toys-entertainment
"Happy Birthday Banner, Pink ","Happy Birthday Banner, Pink ",£1.75,£1.75 each,,toys-entertainment
Happy Birthday Beer Card,Happy Birthday Beer Card,£2.60,£2.60 each,,toys-entertainment
Happy Birthday Gift Wrap Sheets,Happy Birthday Gift Wrap Sheets2 per pack,£3,£1.50 each,,toys-entertainment
Happy Birthday Gift Wrap Sheets & Tags,Happy Birthday Gift Wrap Sheets & Tags2 per pack,£3,£1.50 each,,toys-entertainment
Happy Birthday Heres to You! Card,Happy Birthday Heres to You! Card,£3,£3.00 each,,toys-entertainment
Happy Easter Banner,Happy Easter Banner,£2.30,£2.30 each,,toys-entertainment
Happy Kid Ball Tumblin Mixer,Happy Kid Ball Tumblin Mixer,£14,,,toys-entertainment
Happy Kid Create & Play Racers,Happy Kid Create & Play Racers,£10,,,toys-entertainment
Harry Potter Colouring Book,Harry Potter Colouring Book,£12,£12.00 each,,toys-entertainment
Harry Potter Glasses,Harry Potter Glasses4 per pack,£4.25,£1.06 each,,toys-entertainment
Harry Potter Greatest Witches and Wizards Top Trumps Specials Card Game,Harry Potter Greatest Witches...,£9,£9.00 each,,toys-entertainment
Harry Potter Mini Nano Figure Assortment,Harry Potter Mini Nano Figure Assortment,£2,,,toys-entertainment
Hasbro Monopoly Grab & Go,Hasbro Monopoly Grab & Go,£6.99,,,toys-entertainment
Have a Classic Cars Birthday Card,Have a Classic Cars Birthday Card,£2.35,£2.35 each,,toys-entertainment
Hawksmoor - Restaurants & Recipes,Hawksmoor - Restaurants & Recipes,£30,£30.00 each,,toys-entertainment
Hedgehog Greeting Card,Hedgehog Greeting Card,£1.25,£1.25 each,,toys-entertainment
Henry Vacuum Cleaner,Henry Vacuum Cleaner,£11.50,,,toys-entertainment
Hey Duggee Hug Squishy,Hey Duggee Hug Squishy,£5,,,toys-entertainment
Hey Duggee Toothbrush & Hand Washing Time With Duggee,Hey Duggee Toothbrush & Hand...,£13.50,,"Offer price £13.50, was £18",toys-entertainment
Hinkler Neon Rock Painting Activity Set,Hinkler Neon Rock Painting Activity Set,£6.99,,,toys-entertainment
Hinkler Zap Extra Nail Art Activity Set,Hinkler Zap Extra Nail Art Activity Set,£6,,,toys-entertainment
Hollywood Rides Assorted,Hollywood Rides Assorted,£8,,,toys-entertainment
Honeycomb Decorations,Honeycomb Decorations3 per pack,£6.90,£2.30 each,,toys-entertainment
Horrible Science Explosive Experiments 8yrs+,Horrible Science Explosive Experiments 8yrs+,£18,£18.00 each,,toys-entertainment
Hot Wheels Monster Trucks Demolition Doubles,Hot Wheels Monster Trucks Demolition Doubles,£10.70,£10.70 each,,toys-entertainment
Hot Wheels Shark Chomp Transport,Hot Wheels Shark Chomp Transport,£17.60,£17.60 each,,toys-entertainment
Hot Wheels Shark Chomp Transporter,Hot Wheels Shark Chomp Transporter,£14,,,toys-entertainment
Husband Anniversary Card,Husband Anniversary Card,£2.89,£2.89 each,,toys-entertainment
Hy-Pro Basketball Size 5,Hy-Pro Basketball Size 5,£6,,,toys-entertainment
Hy-Pro Football Gift Set,Hy-Pro Football Gift Set,£12,,,toys-entertainment
Hy-Pro Funburst Hand Pump,Hy-Pro Funburst Hand Pump,£4.50,,,toys-entertainment
Hy-Pro Skills Goal Set,Hy-Pro Skills Goal Set,£16,,,toys-entertainment
Hy-Pro Training Goalkeeper Gloves,Hy-Pro Training Goalkeeper Gloves,£6,,,toys-entertainment
"Ice Cream Bubbles, 5yrs+","Ice Cream Bubbles, 5yrs+",£2,£2.00 each,,toys-entertainment
I Don't Want to Wash My Hands!,I Don't Want to Wash My Hands!,£7.99,£7.99 each,,toys-entertainment
If You Care FSC Certified Large Cupcake Cases,If You Care FSC Certified Large Cupcake Cases,£3,£3.00 each,,toys-entertainment
Independent and Unofficial Guide to Minecraft Top Trumps Specials Card Game,Independent and Unofficial Guid...,£8.70,£8.70 each,,toys-entertainment
Invisibobble Clear Sparkle Kids Hair Ties,Invisibobble Clear Sparkle Kids Hair Ties3 per pack,£4,£1.33 each,,toys-entertainment
Invisibobble Rainbow Kids Hair Ties ,Invisibobble Rainbow Kids Hair Ties 3 per pack,£4,£1.33 each,,toys-entertainment
"Jack & Lily Ballerina Gift Bag, Medium","Jack & Lily Ballerina Gift Bag, Medium",£4.15,£4.15 each,,toys-entertainment
"Jack & Lily Zebra Gift Bag, Medium","Jack & Lily Zebra Gift Bag, Medium",£4.15,£4.15 each,,toys-entertainment
Jaguar Birthday Card,Jaguar Birthday Card,£1.95,£1.95 each,,toys-entertainment
Joie Glitter Straws,Joie Glitter Straws,£4,,,toys-entertainment
Joie Metal Straws,Joie Metal Straws6 per pack,£8,£1.33 each,,toys-entertainment
Jungle Sounds,Jungle Sounds,£13.99,£13.99 each,,toys-entertainment
Keycraft Mini Hatching Egg Dinosaur,Keycraft Mini Hatching Egg Dinosaur,£2,£2.00 each,,toys-entertainment
"Keycraft Small Light-Up Bath Toy, 1 Each","Keycraft Small Light-Up Bath Toy, 1 Each",£3.50,£3.50 each,,toys-entertainment
Kids Christmas Fairisle Cream Jumper 1-1.5 years,Kids Christmas Fairisle Cream Jumper 1-1.5 years,£10,,,toys-entertainment
Kids Create 50 Assorted Pipe Cleaners 3+,Kids Create 50 Assorted Pipe Cleaners 3+,£1.50,£1.50 each,,toys-entertainment
Kids Create Mixed Bag Of Feathers 3+,Kids Create Mixed Bag Of Feathers 3+,£1.50,£1.50 each,,toys-entertainment
"Kidz Labs Create Your Own Mug Design Markers, 3yrs+",Kidz Labs Create Your Own Mug...,£6.90,£6.90 each,,toys-entertainment
"Kidz Labs Spy Science, 8yrs+","Kidz Labs Spy Science, 8yrs+",£13,£13.00 each,,toys-entertainment
Kraft Easter Gift Bag,Kraft Easter Gift Bag,£1.50,£1.50 each,,toys-entertainment
Lamaze Doll My Friend Emily Buggy Toy 0mths+,Lamaze Doll My Friend Emily Buggy Toy 0mths+,£15,£15.00 each,,toys-entertainment
Lamaze Flip Flap Dragon Buggy Toy 0mths+,Lamaze Flip Flap Dragon Buggy Toy 0mths+,£15,£15.00 each,,toys-entertainment
"Lamaze Freddie The Firefly Buggy Toy, 0mths+","Lamaze Freddie The Firefly Buggy Toy, 0mths+",£15,£15.00 each,,toys-entertainment
"Lamaze Freddie The Firefly Highchair Toy, 6mths+",Lamaze Freddie The Firefly...,£15,£15.00 each,,toys-entertainment
"Lamaze Gardenbug Wrist Rattle & Footfinder Set, 0mths+",Lamaze Gardenbug Wrist Rattle &...,£15,£15.00 each,,toys-entertainment
"Lamaze Musical Inchworm, 0mths+","Lamaze Musical Inchworm, 0mths+",£17,£17.00 each,,toys-entertainment
Lamaze Play & Grow Rusty the Robot Buggy Toy 0mths+,Lamaze Play & Grow Rusty the...,£15,£15.00 each,,toys-entertainment
"Large T-Rex Hatching Egg, 3yrs+","Large T-Rex Hatching Egg, 3yrs+",£6,£6.00 each,,toys-entertainment
" Large Triceratops Hatching Egg, 3yrs+"," Large Triceratops Hatching Egg, 3yrs+",£6,£6.00 each,,toys-entertainment
Lego City Electric Sports Car 60383,Lego City Electric Sports Car 60383,£9,,,toys-entertainment
Lego City Fire Rescue Boat 60373,Lego City Fire Rescue Boat 60373,£18,,,toys-entertainment
LEGO City Holiday Camper Van 60283,LEGO City Holiday Camper Van 60283,£18,£18.00 each,,toys-entertainment
Lego City Holiday Camper Van 60283,Lego City Holiday Camper Van 60283,£18,,,toys-entertainment
Lego City Mobile Police Dog Training,Lego City Mobile Police Dog Training,£18,,,toys-entertainment
Lego City Police Bike Chase 60392,Lego City Police Bike Chase 60392,£9,,,toys-entertainment
LEGO City Police Car ,LEGO City Police Car ,£9.55,£9.55 each,,toys-entertainment
Lego City Police Car 60312,Lego City Police Car 60312,£9,,,toys-entertainment
Lego City Police Helicopter Toy,Lego City Police Helicopter Toy,£10.50,,,toys-entertainment
LEGO City Race Car ,LEGO City Race Car ,£9.55,£9.55 each,,toys-entertainment
Lego City Stunt Competition 60299,Lego City Stunt Competition 60299,£18,,,toys-entertainment
LEGO City Stuntz Park ,LEGO City Stuntz Park ,£26.50,£26.50 each,,toys-entertainment
LEGO Classic Blue Baseplate 10714,LEGO Classic Blue Baseplate 10714,£8,£8.00 each,,toys-entertainment
Lego Classic Creative Monsters 11017,Lego Classic Creative Monsters 11017,£9,,,toys-entertainment
LEGO Classic White Baseplate 11010,LEGO Classic White Baseplate 11010,£8,£8.00 each,,toys-entertainment
Lego Creator Dolphin & Turtle 31128,Lego Creator Dolphin & Turtle 31128,£9,,,toys-entertainment
LEGO Creator Dolphin and Turtle ,LEGO Creator Dolphin and Turtle ,£9.55,£9.55 each,,toys-entertainment
Lego Creator Fantasy Forest Creatures 31125,Lego Creator Fantasy Forest Creatures 31125,£13,,,toys-entertainment
Lego Creator Mighty Dinosaurs,Lego Creator Mighty Dinosaurs,£13,,,toys-entertainment
LEGO Creator Super Robot ,LEGO Creator Super Robot ,£9.55,£9.55 each,,toys-entertainment
LEGO Disney Princess Annas Castle Courtyard ,LEGO Disney Princess Annas Castle Courtyard ,£9.60,£9.60 each,,toys-entertainment
Lego Disney Princess Anna's Castle Courtyard 43198,Lego Disney Princess Anna's...,£9,,,toys-entertainment
LEGO Disney Princess Elsas Castle Courtyard ,LEGO Disney Princess Elsas Castle Courtyard ,£9.60,£9.60 each,,toys-entertainment
Lego Disney Princess Twirling Rapunzel 43214,Lego Disney Princess Twirling Rapunzel 43214,£9,,,toys-entertainment
LEGO DUPLO Bath Time Fun - Floating Animal Train ,LEGO DUPLO Bath Time Fun...,£19.05,£19.05 each,,toys-entertainment
LEGO DUPLO Bath Time Fun Floating Red Panda ,LEGO DUPLO Bath Time Fun Floating Red Panda ,£9.55,£9.55 each,,toys-entertainment
LEGO DUPLO Farm Animal Care 10949,LEGO DUPLO Farm Animal Care 10949,£10.30,£10.30 each,,toys-entertainment
LEGO DUPLO Truck & Tracked Excavator 10931,LEGO DUPLO Truck & Tracked Excavator 10931,£18,£18.00 each,,toys-entertainment
Lego Friends Donut Shop 41723,Lego Friends Donut Shop 41723,£9,,,toys-entertainment
Lego Friends Forest House,Lego Friends Forest House,£25,,,toys-entertainment
Lego Friends Mobile Bubble Tea Shop 41733,Lego Friends Mobile Bubble Tea Shop 41733,£9,,,toys-entertainment
Lego Friends Mobile Fashion Boutique 41719,Lego Friends Mobile Fashion Boutique 41719,£9,,,toys-entertainment
Lego Friends Pet Clinic,Lego Friends Pet Clinic,£18,,,toys-entertainment
Lego Harry Potter Hogwarts Carriage & Thestrals 76400,Lego Harry Potter Hogwarts Ca...,£18,,,toys-entertainment
Lego Harry Potter Hogwarts Moment Potions Class 76383,Lego Harry Potter Hogwarts Mo...,£32.50,,,toys-entertainment
Lego Harry Potter Hogwarts Polyjuice Potion Mistake 76386,Lego Harry Potter Hogwarts Polyju...,£20.99,,,toys-entertainment
Lego Hogwarts Moment Transfiguration Class,Lego Hogwarts Moment Transfiguration Class,£28,,,toys-entertainment
Lego Jurassic World Blue & Beta Velociraptor 76946,Lego Jurassic World Blue & Beta Velociraptor 76946,£25,,,toys-entertainment
Lego Marvel Black Panther Dragon Flyer 76186,Lego Marvel Black Panth...,£18,,,toys-entertainment
Lego Marvel Super Heroes Black Panther Mech 76204,Lego Marvel Super Heroes Bl...,£9,,,toys-entertainment
Lego Marvel Super Heroes Iron Mech,Lego Marvel Super Heroes Iron Mech,£9,,,toys-entertainment
Lego Marvel Super Heroes Wolverine Mech,Lego Marvel Super Heroes Wolverine Mech,£9,,,toys-entertainment
Lego Minecraft Dessert 21177,Lego Minecraft Dessert 21177,£9,,,toys-entertainment
Lego Minecraft The Bee Cottage 21241,Lego Minecraft The Bee Cottage 21241,£18,,,toys-entertainment
Lego Minecraft The Bee Farm 21165,Lego Minecraft The Bee Farm 21165,£18,,,toys-entertainment
Lego Minecraft The Horse Stable,Lego Minecraft The Horse Stable,£20.99,,,toys-entertainment
Lego Minecraft The Mushroom House 21179,Lego Minecraft The Mushroom House 21179,£18,,,toys-entertainment
Lego Minecraft The Swamp Adventure 21240,Lego Minecraft The Swamp Adventure 21240,£9,,,toys-entertainment
Lego Minecraft Toy,Lego Minecraft Toy,£10.50,,,toys-entertainment
Lego Ninjago Jay's Thunder Dragon Evo 71760,Lego Ninjago Jay's Thun...,£18,,,toys-entertainment
Lego Ninjago Kai's Blade Cycle 71734,Lego Ninjago Kai's Blade Cycle 71734,£10.50,,,toys-entertainment
Lego Ninjago Kais Ninja Race Car Evo,Lego Ninjago Kais Ninja Race Car Evo,£9,,,toys-entertainment
Lego Ninjago Lloyd's Ninja Street Bike 71788,Lego Ninjago Lloyd's Ninja Street Bike 71788,£9,,,toys-entertainment
Lego Ninjago Zane's Power Up Mech Evo 71761,Lego Ninjago Zane's Pow...,£9,,,toys-entertainment
Lego Speed Champions 007 Aston Martin DB5 76911,Lego Speed Champions 007...,£20,,,toys-entertainment
Lego Speed Champions 76900,Lego Speed Champions 76900,£18,,,toys-entertainment
Lego Speed Champions Fast & Furious 1970 Dodge Charger 16912,Lego Speed Champions Fast & Furious...,£20,,,toys-entertainment
Lego Speed Champions Lamborghini Countach 76908,Lego Speed Champions Lamb...,£20,,,toys-entertainment
Lego Speed Champions Mclaren Elva,Lego Speed Champions Mclaren Elva,£18,,,toys-entertainment
LEGO Spidey Hulk vs. Rhino Truck Showdown ,LEGO Spidey Hulk vs. Rhino Truck Showdown ,£19.15,£19.15 each,,toys-entertainment
Lego Star Wars At At Vs Tauntaun Microfighters,Lego Star Wars At At Vs Tauntaun Microfighters,£18,,,toys-entertainment
Lego Star Wars Boba Fett Mini Starship 75344,Lego Star Wars Boba Fett Mini Starship 75344,£9,,,toys-entertainment
Lego Star Wars Clone Troopers 75345,Lego Star Wars Clone Troopers 75345,£18,,,toys-entertainment
Lego Star Wars Dark Trooper Attack 75324,Lego Star Wars Dark Trooper Attack 75324,£25,,,toys-entertainment
Lego Star Wars Hoth Battle Pack,Lego Star Wars Hoth Battle Pack,£18,,,toys-entertainment
Lego Star Wars Razor Crest Microfighter,Lego Star Wars Razor Crest Microfighter,£9,,,toys-entertainment
Lego Star Wars Resistance X-Wing,Lego Star Wars Resistance X-Wing,£18,,,toys-entertainment
Lego Super Heroes Hulk Mech 76241,Lego Super Heroes Hulk Mech 76241,£13,,,toys-entertainment
Lego Super Heroes Thanos Mech 76242,Lego Super Heroes Thanos Mech 76242,£13,,,toys-entertainment
Lego Super Heroes Thor Love & Thunder 76207,Lego Super Heroes Thor Love & Thunder 76207,£18,,,toys-entertainment
Lego Technic Dump Truck 42147,Lego Technic Dump Truck 42147,£9,,,toys-entertainment
Lego Technic Monster Jam Dragon 42149,Lego Technic Monster Jam Dragon 42149,£18,,,toys-entertainment
Lego The Batman Batman & Selina Kyle Motorcycle Pursuit 76179,Lego The Batman Batman & Selina Kyl...,£13,,,toys-entertainment
Light Up Unicorn Toy,Light Up Unicorn Toy,£4,£4.00 each,,toys-entertainment
Lilac Easter Plate,Lilac Easter Plate8 per pack,£1.75,21.9p each,,toys-entertainment
Lilac Easter Tablecover,Lilac Easter Tablecover,£2.50,£2.50 each,,toys-entertainment
Lilac Happy Easter Napkin,Lilac Happy Easter Napkin16 per pack,£1.50,9.4p each,,toys-entertainment
Lion & Mouse Birthday Card,Lion & Mouse Birthday Card,£2.50,£2.50 each,,toys-entertainment
LOL Surprise Foil Balloon 45cm,LOL Surprise Foil Balloon 45cm,£2.49,£2.49 each,,toys-entertainment
Look inside our World Kids Book,Look inside our World Kids Book,£9.99,£9.99 each,,toys-entertainment
"Look Inside Space, from Usborne","Look Inside Space, from Usborne",£11,£11.00 each,,toys-entertainment
"Look Inside Your Body, from Usborne","Look Inside Your Body, from Usborne",£10,£10.00 each,,toys-entertainment
Lynx All Stars Trio Gift Set,Lynx All Stars Trio Gift Set600g,£14,£2.33 per 100g,,toys-entertainment
Made In India,Made In India,£22.50,£22.50 each,,toys-entertainment
"Magical, Myths & Legends","Magical, Myths & Legends",£15,£15.00 each,,toys-entertainment
Magical Animal Rock Painting,Magical Animal Rock Painting,£15.99,£15.99 each,,toys-entertainment
Magical Unicorn Birthday Card,Magical Unicorn Birthday Card,£1.25,£1.25 each,,toys-entertainment
Magical Unicorn Napkins,Magical Unicorn Napkins16 per pack,£1.49,9.3p each,,toys-entertainment
Magical Unicorn Party Bags,Magical Unicorn Party Bags8 per pack,99p,12.4p each,,toys-entertainment
Magical Unicorn Plates 23cm,Magical Unicorn Plates 23cm8 per pack,£1.99,24.9p each,,toys-entertainment
Magical Unicorn Table Cover,Magical Unicorn Table Cover,£2.50,£2.50 each,,toys-entertainment
Magical Unicorn Temporary Tattoos ,Magical Unicorn Temporary Tattoos 2 per pack,£2.95,£1.48 each,,toys-entertainment
Magic Mixies Mixlings Single Pack,Magic Mixies Mixlings Single Pack,£6,,,toys-entertainment
Maharajah Card,Maharajah Card,£2.39,£2.39 each,,toys-entertainment
Majigg Tin of Marbles,Majigg Tin of Marbles,£3.95,£3.95 each,,toys-entertainment
"Make Your Own Origami Lights, 5yrs+","Make Your Own Origami Lights, 5yrs+",£14.50,£14.50 each,,toys-entertainment
Mamma Ohh Mother's Day Card,Mamma Ohh Mother's Day Card,£2.50,£2.50 each,,toys-entertainment
"Marble Run, 4yrs+","Marble Run, 4yrs+",£13,£13.00 each,,toys-entertainment
Mars Converters,Mars Converters,£11,,,toys-entertainment
Mars Robot,Mars Robot,£8,,,toys-entertainment
Marvel Nano Figure Assortment,Marvel Nano Figure Assortment,£1.88,,"Offer price £1.88, was £2.50",toys-entertainment
Marvel Wrapping Paper,Marvel Wrapping Paper,£2,£2.00 each,,toys-entertainment
"Match & Spell Next Steps, 5yrs+","Match & Spell Next Steps, 5yrs+",£8.60,£8.60 each,,toys-entertainment
"Melissa & Doug Dinosaur Stamp Set, 4yrs+","Melissa & Doug Dinosaur Stamp Set, 4yrs+",£12,£12.00 each,,toys-entertainment
"Melissa & Doug Magnetic Wooden Game Fishing, 3yrs+",Melissa & Doug Magnetic Woo...,£12,£12.00 each,,toys-entertainment
Melissa & Doug Off To The Speedway Wooden Race Car Carrier,Melissa & Doug Off To The Speedwa...,£17.50,,,toys-entertainment
Melissa & Doug Reusable Puffy Stickers - Dinosaurs,Melissa & Doug Reusable Puffy Stickers - Dinosaurs,£5,£5.00 each,,toys-entertainment
Melissa & Doug Reusable Puffy Stickers - Vehicles,Melissa & Doug Reusable Puffy Stickers - Vehicles,£5,£5.00 each,,toys-entertainment
"Melissa & Doug Reusable Puffy Stickers Pirate, 4yrs+",Melissa & Doug Reusable Puffy...,£5,£5.00 each,,toys-entertainment
"Melissa & Doug Reusable Sticker Pad Dress-Up, 3yrs+",Melissa & Doug Reusable Stick...,£6,£6.00 each,,toys-entertainment
"Melissa & Doug Reusable Sticker Pad Fairies, 3yrs+","Melissa & Doug Reusable Sticker Pad Fairies, 3yrs+",£6,£6.00 each,,toys-entertainment
"Melissa & Doug Reusable Sticker Pad Habitats, 3yrs+",Melissa & Doug Reusable Stick...,£6,£6.00 each,,toys-entertainment
"Melissa & Doug Reusable Sticker Pad Play House, 3yrs+",Melissa & Doug Reusable Stick...,£6,£6.00 each,,toys-entertainment
"Melissa & Doug Reusable Sticker Pad Vehicles, 3yrs+","Melissa & Doug Reusable Sticker Pad Vehicles, 3yrs+",£6,£6.00 each,,toys-entertainment
Melissa & Doug Wooden Jumbo Beads,Melissa & Doug Wooden Jumbo Beads,£5.25,,,toys-entertainment
Melissa & Doug Wooden Play Food 22 Pieces,Melissa & Doug Wooden Play Food 22 Pieces,£17.50,,,toys-entertainment
"Melissa & Doug Wooden Stringing Beads, 4yrs+","Melissa & Doug Wooden Stringing Beads, 4yrs+",£15,£15.00 each,,toys-entertainment
Meowing Heads Smitten Kitten,Meowing Heads Smitten Kitten450g,£7,£1.56 per 100g,,toys-entertainment
"Mindful Kids, 50 Mindfulness Activities","Mindful Kids, 50 Mindfulness Activities",£10.99,£10.99 each,,toys-entertainment
Minecraft Nano Figure Blind Bag,Minecraft Nano Figure Blind Bag,£3,,,toys-entertainment
Mini Chicks Easter Decoration,Mini Chicks Easter Decoration,£1.50,£1.50 each,,toys-entertainment
Money Bank Robot,Money Bank Robot,£17.99,£17.99 each,,toys-entertainment
"Monkey Puzzle, by Julia Donaldson","Monkey Puzzle, by Julia Donaldson",£6.99,£6.99 each,,toys-entertainment
Monopoly Bid,Monopoly Bid,£5.80,£5.80 each,,toys-entertainment
Monopoly Deal Card Game,Monopoly Deal Card Game,£4.50,,"Offer price £4.50, was £6",toys-entertainment
Monster Magnets,Monster Magnets,£4.50,,"Offer price £4.50, was £6",toys-entertainment
Morrisons 360 White LED Icicle Lights With Clear Cable,Morrisons 360 White LED Icicle...,£25,,,toys-entertainment
Morrisons AAA Battery,Morrisons AAA Battery12 per pack,£7,58.3p each,,toys-entertainment
Morrisons AA Battery,Morrisons AA Battery12 per pack,£7,58.3p each,,toys-entertainment
Morrisons Blue Confetti Napkins,Morrisons Blue Confetti Napkins20 per pack,£1.50,7.5p each,,toys-entertainment
Morrisons Boys Thinsulate Fleece Hat One Size,Morrisons Boys Thinsulate Fleece Hat One Size,£4,,,toys-entertainment
Morrisons Bubbling Mower,Morrisons Bubbling Mower,£13,,,toys-entertainment
Morrisons Bunny Footprints,Morrisons Bunny Footprints,£1.50,,,toys-entertainment
Morrisons Bunny Garland,Morrisons Bunny Garland,£2.50,,,toys-entertainment
Morrisons Card Bunny Ears And Glasses,Morrisons Card Bunny Ears And Glasses,£2,,,toys-entertainment
Morrisons Carrot Bonnet Decorations,Morrisons Carrot Bonnet Decorations,£1,,,toys-entertainment
Morrisons Children's Easter Bonnet,Morrisons Children's Easter Bonnet,£1,,,toys-entertainment
Morrisons Chocolate Mould,Morrisons Chocolate Mould,£3.50,,,toys-entertainment
Morrisons Colouring & Activity Book,Morrisons Colouring & Activity Book,£1.25,,,toys-entertainment
Morrisons Daisy Print Vase,Morrisons Daisy Print Vase,£5,,,toys-entertainment
Morrisons Easter Bingo Game,Morrisons Easter Bingo Game,£2.50,,,toys-entertainment
Morrisons Easter Bonnet Decorating Kit,Morrisons Easter Bonnet Decorating Kit,£2.50,,,toys-entertainment
Morrisons Easter Bunny Napkins,Morrisons Easter Bunny Napkins,£1.50,,,toys-entertainment
Morrisons Easter Bunny Plates,Morrisons Easter Bunny Plates,£1.50,,,toys-entertainment
Morrisons Easter Craft Kit,Morrisons Easter Craft Kit,£2.50,,,toys-entertainment
Morrisons Easter Dominoes Game,Morrisons Easter Dominoes Game,£2,,,toys-entertainment
Morrisons Easter Gonk,Morrisons Easter Gonk,£6,,,toys-entertainment
Morrisons Easter Mug,Morrisons Easter Mug,£2,,,toys-entertainment
Morrisons Easter Paper Chains,Morrisons Easter Paper Chains,£1,,,toys-entertainment
Morrisons Easter Ribbon Pack,Morrisons Easter Ribbon Pack,£1.50,,,toys-entertainment
Morrisons Easter Sticker Sheets,Morrisons Easter Sticker Sheets,£1,,,toys-entertainment
Morrisons Easter Treat Bag Pack,Morrisons Easter Treat Bag Pack,£3,,,toys-entertainment
Morrisons Egg And Spoon Race Game,Morrisons Egg And Spoon Race Game,£5,,,toys-entertainment
Morrisons Egg Hunt Hanging Sign,Morrisons Egg Hunt Hanging Sign,£1.50,,,toys-entertainment
Morrisons Egg Hunt Sign Kit,Morrisons Egg Hunt Sign Kit,£2,,,toys-entertainment
Morrisons Egg Hunt Stick Decorations,Morrisons Egg Hunt Stick Decorations,£2.50,,,toys-entertainment
Morrisons Extra Large Bunny Gift Bag,Morrisons Extra Large Bunny Gift Bag,£1.50,,,toys-entertainment
Morrisons Extra Long Life Alkaline Batteries AA,Morrisons Extra Long Life Alkaline Batteries AA4 per pack,£3,75p each,,toys-entertainment
Morrisons Extra Long Life Alkaline Batteries AAA,Morrisons Extra Long Life Alkaline Batteries AAA4 per pack,£3,75p each,,toys-entertainment
Morrisons Extra Long Life Alkaline Batteries C,Morrisons Extra Long Life Alkaline Batteries C2 per pack,£3,£1.50 each,,toys-entertainment
Morrisons Extra Long Life Alkaline Battery 9V,Morrisons Extra Long Life Alkaline Battery 9V,£3,,,toys-entertainment
Morrisons Extra Long Life Alkaline Battery D,Morrisons Extra Long Life Alkaline Battery D2 per pack,£3,£1.50 each,,toys-entertainment
Morrisons Fillable Treat Boxes,Morrisons Fillable Treat Boxes,£2,,,toys-entertainment
Morrisons Fluffy Treat Bag Bunny,Morrisons Fluffy Treat Bag Bunny,£3.50,,,toys-entertainment
Morrisons Fluffy Treat Bag Chick,Morrisons Fluffy Treat Bag Chick,£3.50,,,toys-entertainment
Morrisons Foil Tray Bakes 4 Pack,Morrisons Foil Tray Bakes 4 Pack4 per pack,£2,50p each,,toys-entertainment
Morrisons Fruit & Veg Shopping Basket,Morrisons Fruit & Veg Shopping Basket,£5.99,,,toys-entertainment
Morrisons Garden Noughts & Crosses,Morrisons Garden Noughts & Crosses,£7.50,,,toys-entertainment
Morrisons Gingham Table Cloth,Morrisons Gingham Table Cloth,£2.50,,,toys-entertainment
Morrisons Girls Thinsulate Fleece Hat One Size,Morrisons Girls Thinsulate Fleece Hat One Size,£4,,,toys-entertainment
Morrisons Grass Effect Table Runner,Morrisons Grass Effect Table Runner,£5,,,toys-entertainment
Morrisons Hanging Egg Pack,Morrisons Hanging Egg Pack,£4,,,toys-entertainment
Morrisons Hanging Honeycomb Egg Decorations ,Morrisons Hanging Honey...,£2,,,toys-entertainment
Morrisons Hanging Pom Pom Decorations,Morrisons Hanging Pom Pom Decorations,£4,,,toys-entertainment
Morrisons Hanging Sign,Morrisons Hanging Sign,£2,,,toys-entertainment
Morrisons Heart String Light 8L,Morrisons Heart String Light 8L,£7,,,toys-entertainment
Morrisons Honeycomb Bunny Table Decoration,Morrisons Honeycomb Bunny Table Decoration,£1.50,,,toys-entertainment
Morrisons Kids Gardening Set,Morrisons Kids Gardening Set,£8,,,toys-entertainment
Morrisons Ladies Thinsulate Fleece Hat One Size,Morrisons Ladies Thinsula...,£4,,,toys-entertainment
Morrisons Ladies Thinsulate Gloves One Size,Morrisons Ladies Thinsu...,£4,,,toys-entertainment
Morrisons Lamb Bonnet Decorations,Morrisons Lamb Bonnet Decorations,£1,,,toys-entertainment
Morrisons Large Chick Gift Bag,Morrisons Large Chick Gift Bag,£1,,,toys-entertainment
Morrisons Lithium Batteries Cr2016,Morrisons Lithium Batteries Cr20164 per pack,£2.50,62.5p each,,toys-entertainment
Morrisons Lithium Batteries Cr2025,Morrisons Lithium Batteries Cr20254 per pack,£2.50,62.5p each,,toys-entertainment
Morrisons Lr44 Alkaline,Morrisons Lr44 Alkaline4 per pack,£2.50,62.5p each,,toys-entertainment
Morrisons Make Your Own Cross Stitch Decorations Set,Morrisons Make Your Own Cross...,£3,,,toys-entertainment
Morrisons Medium Daisy Gift Bag,Morrisons Medium Daisy Gift Bag,80p,,,toys-entertainment
Morrisons Mens Thinsulate Fleece Hat One Size,Morrisons Mens Thinsulate Fleece Hat One Size,£4,,,toys-entertainment
Morrisons Men Thinsulate Fleece Gloves One Size,Morrisons Men Thinsulate Fleece Gloves One Size,£4,,,toys-entertainment
Morrisons Mini Chicks Bonnet Decorations,Morrisons Mini Chicks Bonnet Decorations,£1,,,toys-entertainment
Morrisons Mother's Day Flamingo Plush Medium,Morrisons Mother's Day Flamingo Plush Medium,£6,,,toys-entertainment
Morrisons Mother's Day Medium Elephant Plush,Morrisons Mother's Day Medium Elephant Plush,£6,,,toys-entertainment
Morrisons Mother's Day Small Elephant Plush,Morrisons Mother's Day Small Elephant Plush,£4,,,toys-entertainment
Morrisons Nibble Platters 3 Pack,Morrisons Nibble Platters 3 Pack3 per pack,£2,66.7p each,,toys-entertainment
Morrisons Paint Your Own Eggs Set,Morrisons Paint Your Own Eggs Set,£3.50,,,toys-entertainment
Morrisons Paint Your Own Wooden Hanging Egg,Morrisons Paint Your Own Wooden Hanging Egg,£1,,,toys-entertainment
Morrisons Pink Spot Napkins,Morrisons Pink Spot Napkins20 per pack,£1.50,7.5p each,,toys-entertainment
Morrisons Rabbit Pencil Case Set,Morrisons Rabbit Pencil Case Set,£3.50,,,toys-entertainment
Morrisons Rainbow Baby Pool,Morrisons Rainbow Baby Pool,£15,,,toys-entertainment
Morrisons Rainbow Mini Chicks Bonnet Decorations,Morrisons Rainbow Mini Chic...,£1,,,toys-entertainment
Morrisons Rechargeable AAA Batteries 900mAh,Morrisons Rechargeable AAA Batteries 900mAh,£8,,,toys-entertainment
Morrisons Rechargeable Batteries AA,Morrisons Rechargeable Batteries AA4 x 1 per pack,£8,£2.00 each,,toys-entertainment
Morrisons Reusable Wine Glass 10Pk,Morrisons Reusable Wine Glass 10Pk,£2.50,,,toys-entertainment
Morrisons Silver Bow Christmas Clips,Morrisons Silver Bow Christmas Clips2 per pack,£3.50,£1.75 each,,toys-entertainment
Morrisons Silver Xmas Crackers,Morrisons Silver Xmas Crackers12 per pack,£4,33.3p each,,toys-entertainment
Morrisons Small Roasting Trays 2 Pack,Morrisons Small Roasting Trays 2 Pack2 per pack,£2.75,£1.38 each,,toys-entertainment
Morrisons Splash & Spray Water Pad,Morrisons Splash & Spray Water Pad,£12,,,toys-entertainment
Morrisons The Best Cheeseboard Cracker Selection,Morrisons The Best Cheesebo...250g,£3.99,£1.60 per 100g,,toys-entertainment
Morrisons Turbo Bubble Blaster,Morrisons Turbo Bubble Blaster,£10,,,toys-entertainment
Morrisons Valentines Give A Little Love Hanging Heart Photo Frame,Morrisons Valentines Give A Little Lo...,£3.50,,,toys-entertainment
Morrisons Valentines Heart Keyring,Morrisons Valentines Heart Keyring,£2,,,toys-entertainment
Morrisons Valentines Medium Bear,Morrisons Valentines Medium Bear,£6,,,toys-entertainment
Morrisons Valentines Paper Love Tokens,Morrisons Valentines Paper Love Tokens,£1.50,,,toys-entertainment
Morrisons Valentines Truth Or Dare Scratch Cards,Morrisons Valentines Truth Or Dare Scratch Cards,£2.50,,,toys-entertainment
Morrisons White Daisy Bonnet Decorations,Morrisons White Daisy Bonnet Decorations,£1,,,toys-entertainment
Morrisons White Tablecover 120cm X 180cm,Morrisons White Table...,£3,,,toys-entertainment
Morrisons Window And Wall Clings,Morrisons Window And Wall Clings,£1,,,toys-entertainment
Morrisons Wooden Croquet Set,Morrisons Wooden Croquet Set,£6,,,toys-entertainment
Morrisons Wooden Happy Easter Sign,Morrisons Wooden Happy Easter Sign,£1.50,,,toys-entertainment
Morrisons Wooden Ringtoss,Morrisons Wooden Ringtoss,£10,,,toys-entertainment
Morrisons Wooden Silver Merry Christmas Garland,Morrisons Wooden Silver Merry Christmas Garland,£5,,,toys-entertainment
Morrisons Yellow Tissue Paper Pack,Morrisons Yellow Tissue Paper Pack,£1,,,toys-entertainment
Multi-Tool Set,Multi-Tool Set,£9,,,toys-entertainment
Multicoloured Round Balloons,Multicoloured Round Balloons10 per pack,£1.50,15p each,,toys-entertainment
Mumma Mia Mother's Day Card,Mumma Mia Mother's Day Card,£2.50,£2.50 each,,toys-entertainment
Munchkin Bubble Bestie Bubble Bath Toy 36M+,Munchkin Bubble Bestie Bubble Bath Toy 36M+,£6.50,,,toys-entertainment
Munchkin Colormix Fish Color Changing Bath Toy 12M+,Munchkin Colormix Fish Color...,£7.50,,,toys-entertainment
Musical Tractor & Trailer,Musical Tractor & Trailer,£15,,,toys-entertainment
My Design Portfolio Fashion Studio,My Design Portfolio Fashion Studio,£16.99,£16.99 each,,toys-entertainment
My First 123,My First 123,£4.99,£4.99 each,,toys-entertainment
My First ABC,My First ABC,£5.99,£5.99 each,,toys-entertainment
My First Gruffalo Little Library,My First Gruffalo Little Library,£6.99,£6.99 each,,toys-entertainment
"My First Mog Books Little Library, 12mths+ Book","My First Mog Books Little Library, 12mths+ Book",£5.99,£5.99 each,,toys-entertainment
My Lil Wardrobe 12 Inch,My Lil Wardrobe 12 Inch,£17.50,,,toys-entertainment
National Trust Speke Hall Blank Card,National Trust Speke Hall Blank Card,£2.50,£2.50 each,,toys-entertainment
New Baby Boy Card,New Baby Boy Card,£2.99,£2.99 each,,toys-entertainment
"New Baby Congratulations Card, Blue",New Baby Congratu...,£2.49,£2.49 each,,toys-entertainment
"New Baby Congratulations Card, Pink",New Baby Congratu...,£2.49,£2.49 each,,toys-entertainment
New Baby Greeting Card,New Baby Greeting Card,£3.50,£3.50 each,,toys-entertainment
New Home Card,New Home Card,£2,£2.00 each,,toys-entertainment
Nickelodeon Cra-Z-Compounds Set,Nickelodeon Cra-Z-Compounds Set,£10,,,toys-entertainment
Niece Flamingo Birthday Card,Niece Flamingo Birthday Card,£2.15,£2.15 each,,toys-entertainment
Nivea Men Sensitive XL Gift Set ,Nivea Men Sensitive XL Gift Set ,£8,,,toys-entertainment
 Number 0 Rainbow Birthday Candle, Number 0 Rainbow Birthday Candle,£1.15,£1.15 each,,toys-entertainment
 Number 1 Rainbow Birthday Candle, Number 1 Rainbow Birthday Candle,£1.15,£1.15 each,,toys-entertainment
Number 2 Rainbow Birthday Candle,Number 2 Rainbow Birthday Candle,£1.15,£1.15 each,,toys-entertainment
Number 4 Rainbow Birthday Candle,Number 4 Rainbow Birthday Candle,£1.15,£1.15 each,,toys-entertainment
 Number 5 Rainbow Birthday Candle, Number 5 Rainbow Birthday Candle,£1.15,£1.15 each,,toys-entertainment
 Number 6 Rainbow Birthday Candle, Number 6 Rainbow Birthday Candle,£1.15,£1.15 each,,toys-entertainment
Number 7 Rainbow Birthday Candle,Number 7 Rainbow Birthday Candle,£1.15,£1.15 each,,toys-entertainment
Number 8 Rainbow Birthday Candle,Number 8 Rainbow Birthday Candle,£1.15,£1.15 each,,toys-entertainment
 Number 9 Rainbow Birthday Candle, Number 9 Rainbow Birthday Candle,£1.15,£1.15 each,,toys-entertainment
Nutmeg Christmas Reindeer Jumper,Nutmeg Christmas Reindeer Jumper,£10,,,toys-entertainment
Nutmeg Family Of Boys Bodysuit New Born 022290,Nutmeg Family Of Boys Bod...,£5,,,toys-entertainment
Nutmeg Football Multi Pen,Nutmeg Football Multi Pen,£1.50,,,toys-entertainment
Nutmeg Girl's Blue Jersey Gingham Dress Size 3-4 Years,Nutmeg Girl's Blue Jersey Gingh...,£4,,,toys-entertainment
Nutmeg Girls Woven Black Skirt 3 - 4 Years ,Nutmeg Girls Woven Black Skirt 3 - 4 Years ,£4,,,toys-entertainment
Nutmeg Home Eucalyptus Napkins,Nutmeg Home Eucalyptus Napkins,£1.50,,,toys-entertainment
Nutmeg Home Eucalyptus Plates,Nutmeg Home Eucalyptus Plates,£1,,,toys-entertainment
Nutmeg Home Flamingo Napkins,Nutmeg Home Flamingo Napkins20 per pack,£1.75,8.8p each,,toys-entertainment
Nutmeg Home Floral Napkins,Nutmeg Home Floral Napkins,£1.50,,,toys-entertainment
Nutmeg Home Floral Plates,Nutmeg Home Floral Plates,£1.50,,,toys-entertainment
Nutmeg Home Neutral Marble Plates,Nutmeg Home Neutral Marble Plates8 per pack,£1.75,21.9p each,,toys-entertainment
Nutmeg Home Woodland Napkins,Nutmeg Home Woodland Napkins,£1.50,,,toys-entertainment
Nutmeg Reindeer Jumper 1-1.5 Years,Nutmeg Reindeer Jumper 1-1.5 Years,£10,,,toys-entertainment
One in Million Husband Birthday Card,One in Million Husband Birthday Card,£2.95,£2.95 each,,toys-entertainment
Orchard Toys Dino-Snore-Us,Orchard Toys Dino-Snore-Us,£11.45,£11.45 each,,toys-entertainment
"Orchard Toys Magic Maths, 5yrs+","Orchard Toys Magic Maths, 5yrs+",£13.80,£13.80 each,,toys-entertainment
"Orchard Toys Match & Spell, 4yrs+","Orchard Toys Match & Spell, 4yrs+",£8.60,£8.60 each,,toys-entertainment
"Orchard Toys Pirate Ship Jigsaw Puzzle, 5-9 year olds",Orchard Toys Pirate Ship Jigs...,£11.45,£11.45 each,,toys-entertainment
"Ottolenghi Test Kitchen Shelf Love, Random House",Ottolenghi Test Kitchen She...,£30.60,£30.60 each,,toys-entertainment
Panda Hugs Birthday Greeting Card,Panda Hugs Birthday Greeting Card,£2.70,£2.70 each,,toys-entertainment
Pandas Anniversary Card,Pandas Anniversary Card,£2.25,£2.25 each,,toys-entertainment
Papillon Birthday Card,Papillon Birthday Card,£2.15,£2.15 each,,toys-entertainment
Party Recyclable Paper Straws,Party Recyclable Paper Straws50 per pack,£3.75,7.5p each,,toys-entertainment
Party Time! Birthday Card,Party Time! Birthday Card,£1.95,£1.95 each,,toys-entertainment
Party Time Congratulations Card,Party Time Congratulations Card,£2.75,£2.75 each,,toys-entertainment
Pass the Pigs Dice Game,Pass the Pigs Dice Game,£10,£10.00 each,,toys-entertainment
Paw Patrol Bath Fizzers and Sticker,Paw Patrol Bath Fizzers and Sticker,£1.50,,,toys-entertainment
Paw Patrol Bubble Wand,Paw Patrol Bubble Wand,£1,,,toys-entertainment
Paw Patrol Dinosaur Rescue,Paw Patrol Dinosaur Rescue,£8.60,£8.60 each,,toys-entertainment
"Paw Patrol Meet The Pups Sticker Activity Book, Egmont Paperbacks",Paw Patrol Meet The Pups Sticker Acti...,£7.40,£7.40 each,,toys-entertainment
Paw Patrol Mini Memory Game,Paw Patrol Mini Memory Game,£6,£6.00 each,,toys-entertainment
Paw Patrol Party Pack,Paw Patrol Party Pack6 per pack,£7,£1.17 each,,toys-entertainment
Paw Patrol Toppeez Figures,Paw Patrol Toppeez Figures5 per pack,£5.50,£1.10 each,,toys-entertainment
Pepe Jeans London Gift Set ,Pepe Jeans London Gift Set 30ml,£29,£96.67 per 100ml,,toys-entertainment
Peppa Loves Doctors and Nurses,Peppa Loves Doctors and Nurses,£8,£8.00 each,,toys-entertainment
Peppa Loves Our Planet,Peppa Loves Our Planet,£8,£8.00 each,,toys-entertainment
Peppa Pig Bath Fizzers and Stickers,Peppa Pig Bath Fizzers and Stickers,£1.75,,,toys-entertainment
Peppa Pig Bubble Wand,Peppa Pig Bubble Wand,£1,,,toys-entertainment
Peppa Pig Little Library,Peppa Pig Little Library,£6,£6.00 each,,toys-entertainment
Peppa Pig Stampers,Peppa Pig Stampers5 per pack,£5.50,£1.10 each,,toys-entertainment
Peppa Pig Wooden Dominoes,Peppa Pig Wooden Dominoes,£7,,,toys-entertainment
"Peppas Countdown To Bedtime, Ladybird Books","Peppas Countdown To Bedtime, Ladybird Books",£8.60,£8.60 each,,toys-entertainment
Peter Rabbit My First Little Library,Peter Rabbit My First Little Library,£7,£7.00 each,,toys-entertainment
"Pinch of Nom Quick & Easy 100 Delicious, Slimming Recipes",Pinch of Nom Quick & Easy 100 Del...,£20,£20.00 each,,toys-entertainment
Pink Celebration Birthday Card,Pink Celebration Birthday Card,£2.60,£2.60 each,,toys-entertainment
Pink Flower Heart Birthday Card,Pink Flower Heart Birthday Card,£2.60,£2.60 each,,toys-entertainment
Pink Honeycomb Ball Garland 7ft,Pink Honeycomb Ball Garland 7ft,£2.99,£2.99 each,,toys-entertainment
Pink Layers of Joy Birthday Card,Pink Layers of Joy Birthday Card,£2.60,£2.60 each,,toys-entertainment
Pink Paper Cups 255ml,Pink Paper Cups 255ml8 per pack,£1.49,18.6p each,,toys-entertainment
Pink Paper Napkins,Pink Paper Napkins20 per pack,£1.25,6.3p each,,toys-entertainment
Pink Paper Plates 23cm,Pink Paper Plates 23cm8 per pack,£1.50,18.8p each,,toys-entertainment
"Pixar, 1001 Stickers","Pixar, 1001 Stickers",£5.99,£5.99 each,,toys-entertainment
"Play-Doh, Crunchin T Rex","Play-Doh, Crunchin T Rex",£21.80,£21.80 each,,toys-entertainment
Play-Doh Drill 'n Fill Dentist,Play-Doh Drill 'n Fill Dentist,£18.55,£18.55 each,,toys-entertainment
Play-Doh Peppa Pig Stylin Set,Play-Doh Peppa Pig Stylin Set,£14.55,£14.55 each,,toys-entertainment
Play Baby Gadget Trio,Play Baby Gadget Trio,£11.50,,,toys-entertainment
Play Doh 4 Pack Can,Play Doh 4 Pack Can,£4,,,toys-entertainment
Playgo 2 In 1 Piano & Xylophone,Playgo 2 In 1 Piano & Xylophone,£9.25,,,toys-entertainment
Playgo Carry Along Tool Kit,Playgo Carry Along Tool Kit,£10,,,toys-entertainment
Playgo Matchi Shape Bucket,Playgo Matchi Shape Bucket,£5,,,toys-entertainment
Play Go My Carry Along Medical Centre,Play Go My Carry Along Medical Centre,£10,,,toys-entertainment
Playgo Pet Vet Care Carrier And Plush Puppy,Playgo Pet Vet Care Carrier And Plush Puppy,£10,,,toys-entertainment
Playgo Press To Learn Laptop,Playgo Press To Learn Laptop,£11,,,toys-entertainment
Play Go Rocking Ring Stacker,Play Go Rocking Ring Stacker,£5,,,toys-entertainment
Playgo Steer And Learn Driver,Playgo Steer And Learn Driver,£14,,,toys-entertainment
Playmobil 70108 Dino Explorer Carry Case,Playmobil 70108 Dino Explorer Carry Case,£15,£15.00 each,,toys-entertainment
Playmobil City Action Rescue Ambulance,Playmobil City Action Rescue Ambulance,£34.99,,,toys-entertainment
Plop Trumps 2,Plop Trumps 2,£5.99,£5.99 each,,toys-entertainment
Police Original Eau De Toilette + Shower & Shampoo Gift Set ,Police Original Eau De Toilette + S...100ml,£30,£30.00 per 100ml,,toys-entertainment
POP DISNEY FROZEN 2 VINYL FIGURES,POP DISNEY FROZEN 2 VINYL FIGURES,£10,,,toys-entertainment
"Popper Pig Game, 4yrs+","Popper Pig Game, 4yrs+",£7.99,£7.99 each,,toys-entertainment
"Popper Unicorn Game, 4yrs+","Popper Unicorn Game, 4yrs+",£7.99,£7.99 each,,toys-entertainment
Powder Blue Honeycomb Ball Garland 7ft,Powder Blue Honeycomb Ball Garland 7ft,£2.99,£2.99 each,,toys-entertainment
"Powder Blue Paper Cup, 255ml","Powder Blue Paper Cup, 255ml8 per pack",£1.99,24.9p each,,toys-entertainment
Powder Blue Paper Plates 23cm,Powder Blue Paper Plates 23cm8 per pack,£1.50,18.8p each,,toys-entertainment
Princess Age 6 Birthday Card,Princess Age 6 Birthday Card,£2,£2.00 each,,toys-entertainment
Princess Girls Cuties Set,Princess Girls Cuties Set,£3,,,toys-entertainment
Princess Girls Princess Castle,Princess Girls Princess Castle,£17.50,,,toys-entertainment
"Pringle Mens Cushioned Sport Trainer Socks, Black, Size 7-11",Pringle Mens Cushioned Sport Traine...3 per pack,£13.99,£4.66 each,,toys-entertainment
"Pringle Mens Cushioned Sport Trainer Socks, White, Size 7-11",Pringle Mens Cushioned Sport Traine...3 per pack,£13.99,£4.66 each,,toys-entertainment
"Pringle Mens Plain Socks, Black, Size 7-11","Pringle Mens Plain Socks, Black, Size 7-113 per pack",£14.99,£5.00 each,,toys-entertainment
"Pringle Mens Sports Socks, Grey, Size 7-11","Pringle Mens Sports Socks, Grey, Size 7-113 per pack",£13.99,£4.66 each,,toys-entertainment
"Pringle Mens Sports Socks, White, Size 7-11","Pringle Mens Sports Socks, White, Size 7-113 per pack",£13.99,£4.66 each,,toys-entertainment
"Pringle Womens Half Cushioned Trainer Socks, White, Size 4-8",Pringle Womens Half Cushioned Train...3 per pack,£12.95,£4.32 each,,toys-entertainment
"Pringle Womens Invisible Liner Socks, White, Size 4-8",Pringle Womens Invisible Line...3 per pack,£11.99,£4.00 each,,toys-entertainment
"Pringle Womens Plain Socks, Black, Size 4-8","Pringle Womens Plain Socks, Black, Size 4-83 per pack",£12.99,£4.33 each,,toys-entertainment
"Pringle Womens Plain Socks, Grey, Size 4-8","Pringle Womens Plain Socks, Grey, Size 4-83 per pack",£12.99,£4.33 each,,toys-entertainment
Pump Rockets,Pump Rockets,£5.99,£5.99 each,,toys-entertainment
Quentin Blake Another Year Anniversary Card,Quentin Blake Another Year Anniversary Card,£2.49,£2.49 each,,toys-entertainment
Quentin Blake Birthday Boy Birthday Card,Quentin Blake Birthday Boy Birthday Card,£2,£2.00 each,,toys-entertainment
Quentin Blake Bunnies Anniversary Card,Quentin Blake Bunnies Anniversary Card,£2.25,£2.25 each,,toys-entertainment
Quentin Blake Cake Man Birthday Card,Quentin Blake Cake Man Birthday Card,£2.40,£2.40 each,,toys-entertainment
Quentin Blake Girl Painting Easter Cards,Quentin Blake Girl Painting Easter Cards5 per pack,£3.40,68p each,,toys-entertainment
Quentin Blake Hanging Around Birthday Greeting Card,Quentin Blake Hanging Around...,£2.60,£2.60 each,,toys-entertainment
Quentin Blake Lady in Bubble Birthday Greeting Card,Quentin Blake Lady in Bubble...,£2.60,£2.60 each,,toys-entertainment
Quentin Blake Magical Flight Birthday Greeting Card,Quentin Blake Magical Flight...,£2,£2.00 each,,toys-entertainment
Quentin Blake Retirement Card,Quentin Blake Retirement Card,£2.25,£2.25 each,,toys-entertainment
Quentin Blake Wedding Card,Quentin Blake Wedding Card,£2.79,£2.79 each,,toys-entertainment
Quentin Blake Wine Birthday Card,Quentin Blake Wine Birthday Card,£2.49,£2.49 each,,toys-entertainment
Rabbit with Chick Easter Cards,Rabbit with Chick Easter Cards5 per pack,£3.40,68p each,,toys-entertainment
Rainbow Champagne Birthday Card,Rainbow Champagne Birthday Card,£2.60,£2.60 each,,toys-entertainment
Rainbow Giraffe Birthday Card,Rainbow Giraffe Birthday Card,£2.50,£2.50 each,,toys-entertainment
Rainbow High Hair Chalks,Rainbow High Hair Chalks,£6,,,toys-entertainment
Rainbow Lion Birthday Card,Rainbow Lion Birthday Card,£2.50,£2.50 each,,toys-entertainment
Rainbow Lorikeets Kissing Card,Rainbow Lorikeets Kissing Card,£1.95,£1.95 each,,toys-entertainment
Rainbow Number 3 Birthday Candle,Rainbow Number 3 Birthday Candle,£1.15,£1.15 each,,toys-entertainment
Rainbow Polka Dot Flag Banner 12ft,Rainbow Polka Dot Flag Banner 12ft,£1.99,£1.99 each,,toys-entertainment
Rainbow Polka Dot Party Bags,Rainbow Polka Dot Party Bags8 per pack,£1.20,15p each,,toys-entertainment
Rainbow Polka Dot Party Hat,Rainbow Polka Dot Party Hat8 per pack,£1.99,24.9p each,,toys-entertainment
Rainbow Polka Dot Plate 18cm,Rainbow Polka Dot Plate 18cm8 per pack,£2.35,29.4p each,,toys-entertainment
Rainbow Polka Dot Plate 23cm,Rainbow Polka Dot Plate 23cm8 per pack,£1.99,24.9p each,,toys-entertainment
Rainbow Polka Dot Table Cover,Rainbow Polka Dot Table Cover,£2.49,£2.49 each,,toys-entertainment
"Ravensburger Disney Princess, Princess Adventure 3x 49 piece Jigsaw Puzzles","Ravensburger Disney Princess, P...",£6.25,£6.25 each,,toys-entertainment
Ravensburger Harry Potter 1000 piece Jigsaw Puzzle,Ravensburger Harry Potter 1...,£14.10,£14.10 each,,toys-entertainment
"Ravensburger Marvel Avengers Assemble, 3x 49 piece Jigsaw Puzzles",Ravensburger Marvel Avengers Assemble...,£6.25,£6.25 each,,toys-entertainment
Red & White Recyclable Paper Straws,Red & White Recyclable Paper Straws25 per pack,£2,8p each,,toys-entertainment
"Red Paper Cups, 500ml","Red Paper Cups, 500ml10 per pack",£2.85,28.5p each,,toys-entertainment
Revolution Floral Mini Scented Candle Trio Gift Set,Revolution Floral Mini Scente...,£20,,,toys-entertainment
Revolution Hydration Station Skin Revival Gift Set,Revolution Hydration Statio...,£30,,,toys-entertainment
Revolution X Friends Makeup Kit Gift Set ,Revolution X Friends Makeup Kit Gift Set ,£30,,,toys-entertainment
Rex London Fairies In the Garden Temporary Tattoos ,Rex London Fairies In the Gar...2 per pack,£3,£1.50 each,,toys-entertainment
Rex London Space Age Umbrella,Rex London Space Age Umbrella,£8.95,£8.95 each,,toys-entertainment
Rick Stein's Secret France,Rick Stein's Secret France,£28,£28.00 each,,toys-entertainment
RMS Rainbow Box Of Craft,RMS Rainbow Box Of Craft,£6,,,toys-entertainment
 Roald Dahl's Marvellous Joke Book, Roald Dahl's Marvellous Joke Book,£6,£6.00 each,,toys-entertainment
Roald Dahl Whizzpopping Joke Book ,Roald Dahl Whizzpopping Joke Book ,£7,£7.00 each,,toys-entertainment
Rock Those Birthday Socks Card,Rock Those Birthday Socks Card,£2.35,£2.35 each,,toys-entertainment
"Room On The Broom, Pan MacMillan Childrens","Room On The Broom, Pan MacMillan Childrens",£8.45,£8.45 each,,toys-entertainment
RSPB Kingfisher Blank Card,RSPB Kingfisher Blank Card,£2.50,£2.50 each,,toys-entertainment
RSPBNK European Bee-Eaters Card Pack,RSPBNK European Bee-Eaters Card Pack8 per pack,£5.85,73.1p each,,toys-entertainment
RSPB Robin Blank Card,RSPB Robin Blank Card,£2.50,£2.50 each,,toys-entertainment
Rubik's Cube,Rubik's Cube,£10,,,toys-entertainment
Ryan's World Island Adventures Micro Mystery Figure,Ryan's World Island Adventure...,£2.25,,"Offer price £2.25, was £3",toys-entertainment
Ryan's World Mystery Squishy Figure,Ryan's World Mystery Squishy Figure,£4,,,toys-entertainment
Sanderson Thinking of You Sympathy Card,Sanderson Thinking of You Sympathy Card,£2.90,£2.90 each,,toys-entertainment
Sanderson Wisteria Falls Notecard Pack,Sanderson Wisteria Falls Notecard Pack8 per pack,£5.85,73.1p each,,toys-entertainment
Sass & Belle Grey String Shopper Bag,Sass & Belle Grey String Shopper Bag,£5,£5.00 each,,toys-entertainment
Scratch Box Wild Animals,Scratch Box Wild Animals,£10.99,£10.99 each,,toys-entertainment
Set Of 3 Mini Vehicles,Set Of 3 Mini Vehicles,£6,,,toys-entertainment
Sherbert Lemon Hoppy Hop Hop,Sherbert Lemon Hoppy Hop Hop,£2.50,£2.50 each,,toys-entertainment
Shimmer & Sparkle Instaglam Beauty Make-Up Purse,Shimmer & Sparkle Instaglam...,£13,,,toys-entertainment
Silver Paper Napkins,Silver Paper Napkins20 per pack,£1.99,10p each,,toys-entertainment
Silvine A4+ Twin Wire Sketch Pad,Silvine A4+ Twin Wire Sketch Pad,£2.99,£2.99 each,,toys-entertainment
Simba Big Dino Set 10Pc,Simba Big Dino Set 10Pc,£10,,,toys-entertainment
Sissinghurst Castle Garden Blank Card,Sissinghurst Castle Garden Blank Card,£2.50,£2.50 each,,toys-entertainment
Smartest Giant in Town,Smartest Giant in Town,£8.45,£8.45 each,,toys-entertainment
Smashers Light Up Dino Egg,Smashers Light Up Dino Egg,£29,,,toys-entertainment
Son Birthday Card,Son Birthday Card,£2.49,£2.49 each,,toys-entertainment
Sorry For You Loss Sympathy Card,Sorry For You Loss Sympathy Card,£1.99,£1.99 each,,toys-entertainment
Sorry For Your Loss Sympathy Card,Sorry For Your Loss Sympathy Card,£2,£2.00 each,,toys-entertainment
Spa Dog Birthday Greeting Card,Spa Dog Birthday Greeting Card,£2.70,£2.70 each,,toys-entertainment
Spider-Man Mini Memory Game,Spider-Man Mini Memory Game,£6,£6.00 each,,toys-entertainment
Spider Man Age 4 Birthday Card,Spider Man Age 4 Birthday Card,£2.49,£2.49 each,,toys-entertainment
Spider Man Age 5 Birthday Card,Spider Man Age 5 Birthday Card,£2.49,£2.49 each,,toys-entertainment
Spider Man Age 6 Birthday Card,Spider Man Age 6 Birthday Card,£2.49,£2.49 each,,toys-entertainment
Spinmaster Kinetic Sand Figure Rainbow Mix Set,Spinmaster Kinetic Sand Figure Rainbow Mix Set,£7.50,,"Offer price £7.50, was £10",toys-entertainment
"Spotty Sausage Dogs, 4yrs+","Spotty Sausage Dogs, 4yrs+",£9.20,£9.20 each,,toys-entertainment
Spring Flowers Cards,Spring Flowers Cards4 per pack,£2.50,62.5p each,,toys-entertainment
Spring Flower Wreath Easter Card,Spring Flower Wreath Easter Card,£2,£2.00 each,,toys-entertainment
Squeeze n Brush No Mess Paints 12 Classic Colours 3+,Squeeze n Brush No Mess Paint...,£8,£8.00 each,,toys-entertainment
Star Wars The Mandalorian Child Plush,Star Wars The Mandalorian Child Plush,£10,,,toys-entertainment
Status Cable Free Battery Operated Door Chime White,Status Cable Free Battery Ope...,£10,,,toys-entertainment
Status Carbon Monoxide Alarm,Status Carbon Monoxide Alarm,£19,,,toys-entertainment
Stop! Birthday Card,Stop! Birthday Card,£2,£2.00 each,,toys-entertainment
St. Patricks Day Oversized Hat,St. Patricks Day Oversized Hat,£8,£8.00 each,,toys-entertainment
Supertato,Supertato,£8.45,£8.45 each,,toys-entertainment
Superworm,Superworm,£8.45,£8.45 each,,toys-entertainment
" Sweet Roasting Tin, Random House"," Sweet Roasting Tin, Random House",£23.30,£23.30 each,,toys-entertainment
Table Fun Easter Gingham Fabric Bunting,Table Fun Easter Gingham Fabric Bunting,£2.50,,,toys-entertainment
Talking Tables Metallic Cups,Talking Tables Metallic Cups8 per pack,£1.50,18.8p each,,toys-entertainment
Talking Tables Silver Metallic Dot Plates,Talking Tables Silver Metallic Dot Plates8 per pack,£2,25p each,,toys-entertainment
Teamsterz Micro Motorz,Teamsterz Micro Motorz,£5,,,toys-entertainment
Thank You For Being My Teacher Card,Thank You For Being My Teacher Card,£2,£2.00 each,,toys-entertainment
That's Not My Dinosaur,That's Not My Dinosaur,£7,£7.00 each,,toys-entertainment
That's Not My Puppy,That's Not My Puppy,£7,£7.00 each,,toys-entertainment
That's Not My Unicorn,That's Not My Unicorn,£7,£7.00 each,,toys-entertainment
The Beginner's Guide to Intermittent Keto,The Beginner's Guide to Intermittent Keto,£10,£10.00 each,,toys-entertainment
"The Best Ever Baking Book, Dorling Kindersley","The Best Ever Baking Book, Dorling Kindersley",£12.30,£12.30 each,,toys-entertainment
The Dinosaur that Pooped a Pirate,The Dinosaur that Pooped a Pirate,£8,£8.00 each,,toys-entertainment
"The Flying Bath, By Julia Donaldson ","The Flying Bath, By Julia Donaldson ",£8,£8.00 each,,toys-entertainment
The Gruffalo,The Gruffalo,£7.99,£7.99 each,,toys-entertainment
The Hummingbird Bakery Cookbook,The Hummingbird Bakery Cookbook,£20,£20.00 each,,toys-entertainment
The Hungry Caterpillar Candles 3rd Birthday Greeting Card,The Hungry Caterpillar Candles 3r...,£2.25,£2.25 each,,toys-entertainment
"The Joy Of Baking, Quercus Hardbacks","The Joy Of Baking, Quercus Hardbacks",£18.40,£18.40 each,,toys-entertainment
"The Kitchen Cabinet, Random House","The Kitchen Cabinet, Random House",£20.80,£20.80 each,,toys-entertainment
The Little Book of Self-Care for New Mums,The Little Book of Self-Care for New Mums,£15,£15.00 each,,toys-entertainment
The Mindfulness Colouring Book Anti-Stress Art Therapy For Busy People Book,The Mindfulness Colouring Book...,£9,£9.00 each,,toys-entertainment
"The National Trust Book Of Baking, Pavilion,","The National Trust Book Of Baking, Pavilion,",£20.80,£20.80 each,,toys-entertainment
"The Pastry Chefs Guide, Pavilion ","The Pastry Chefs Guide, Pavilion ",£23.30,£23.30 each,,toys-entertainment
The Seedlip Cocktail Book,The Seedlip Cocktail Book,£16,£16.00 each,,toys-entertainment
The Very Embarrassing Book of Dad Jokes,The Very Embarrassing Book of Dad Jokes,£12,£12.00 each,,toys-entertainment
Tiger Who Came To Tea Book,Tiger Who Came To Tea Book,£7.99,£7.99 each,,toys-entertainment
Together - Jamie Oliver,Together - Jamie Oliver,£31.25,£31.25 each,,toys-entertainment
Tomy Active Snap!,Tomy Active Snap!,£5.30,£5.30 each,,toys-entertainment
Tomy Aquadoodle Colour Doodle Bag,Tomy Aquadoodle Colour Doodle Bag,£15,£15.00 each,,toys-entertainment
Tomy Classic Colour Aquadoodle Mat,Tomy Classic Colour Aquadoodle Mat,£20,£20.00 each,,toys-entertainment
Tomy Toomies Hide & Squeak Egg & Spoon Set,Tomy Toomies Hide & Squeak Egg & Spoon Set,£10.50,£10.50 each,,toys-entertainment
Tomy Toomies Hide & Squeak Eggs,Tomy Toomies Hide & Squeak Eggs,£10,,,toys-entertainment
TOMY Toomies Hide & Squeak Eggs Stackers,TOMY Toomies Hide & Squeak Eggs Stackers,£13.55,£13.55 each,,toys-entertainment
"Tomy Toomies Hide n Squeak Eggs, 6mths+","Tomy Toomies Hide n Squeak Eggs, 6mths+",£10,£10.00 each,,toys-entertainment
Tomy Toomies Jurassic World Spin & Hatch Dino Eggs,Tomy Toomies Jurassic World...,£11.25,,"Offer price £11.25, was £15",toys-entertainment
"TOMY Toomies Octopals Bath Squirters, 12mths+","TOMY Toomies Octopals Bath Squirters, 12mths+",£16.99,£16.99 each,,toys-entertainment
Treasure X Dino Gold Mini Dinos Single Pack,Treasure X Dino Gold Mini Dinos Single Pack,£3.75,,"Offer price £3.75, was £5",toys-entertainment
TSL Face Masks,TSL Face Masks10 per pack,£5,50p each,,toys-entertainment
Twist Slime Starter,Twist Slime Starter,£1.50,£1.50 each,,toys-entertainment
Unicorn Gift Wrap Sheets & Tags,Unicorn Gift Wrap Sheets & Tags2 per pack,£3,£1.50 each,,toys-entertainment
"Unique Party 12"" Glitzy Birthday Balloons with Confetti","Unique Party 12"" Glitzy Birthda...6 per pack",£2.50,41.7p each,,toys-entertainment
Unique Party Assorted Birthday Candles and holders,Unique Party Assorted Birth...18 per pack,£1.20,6.7p each,,toys-entertainment
Unique Party Gold Happy Birthday Balloon Letter Banner kit,Unique Party Gold Happy Birthday...,£7.99,£7.99 each,,toys-entertainment
Unique Party Gold Star Birthday Candles,Unique Party Gold Star Birthday Candles6 per pack,£2.50,41.7p each,,toys-entertainment
Unique Party Happy Birthday Silver Deluxe Jointed Banner,Unique Party Happy Birthday Sil...,£1.75,£1.75 each,,toys-entertainment
Unique Party Multi Colour Glitter Birthday Candles,Unique Party Multi Colour Glitter Birthday Candles12 per pack,£1,8.3p each,,toys-entertainment
Unique Party Multi colour Honeycomb Ball Garland,Unique Party Multi colour Honeycomb Ball Garland,£2.99,£2.99 each,,toys-entertainment
Unique Party Silver Happy Birthday Balloon Banner kit,Unique Party Silver Happy Bir...,£8,£8.00 each,,toys-entertainment
Uno Card Game,Uno Card Game,£8,,,toys-entertainment
Very Hungry Caterpillar Mini Board Book,Very Hungry Caterpillar Mini Board Book,£8.45,£8.45 each,,toys-entertainment
Volcano Making Kit 8+,Volcano Making Kit 8+,£14.95,£14.95 each,,toys-entertainment
Wahaca Mexican Food To Cook At Home,Wahaca Mexican Food To Cook At Home,£28.20,£28.20 each,,toys-entertainment
Watercolour Easter Eggs Lunch Napkins,Watercolour Easter Eggs Lunch Napkins16 per pack,£3.50,21.9p each,,toys-entertainment
Wedding Greeting Card,Wedding Greeting Card,£3.50,£3.50 each,,toys-entertainment
Welcome to the World Book,Welcome to the World Book,£8.99,£8.99 each,,toys-entertainment
Well Done You! Congratulations Card,Well Done You! Congratulations Card,£2.60,£2.60 each,,toys-entertainment
We're Going On A Bear Hunt,We're Going On A Bear Hunt,£7.99,£7.99 each,,toys-entertainment
Westland Gro - Sure Multi - Purpose Lawn Seed,Westland Gro - Sure Multi - Purpose Lawn Seed,£5.50,,,toys-entertainment
"Wheres the Unicorn, A Magical Search-and-Find Book","Wheres the Unicorn, A Magic...",£7.99,£7.99 each,,toys-entertainment
White Dunicel Table Cover 118x180cm ,White Dunicel Table Cover 118x180cm ,£3.50,£3.50 each,,toys-entertainment
"White Dunisoft Paper Napkins, Large","White Dunisoft Paper Napkins, Large20 per pack",£3.50,17.5p each,,toys-entertainment
Wicked Mega Jump Single Skipping Rope,Wicked Mega Jump Single Skipping Rope,£5,,,toys-entertainment
Wicked Sky Rider Pro Flying Disc,Wicked Sky Rider Pro Flying Disc,£5,,,toys-entertainment
Wisteria Sympathy Card,Wisteria Sympathy Card,£2.50,£2.50 each,,toys-entertainment
Wonderful Nan Floral Birthday Card,Wonderful Nan Floral Birthday Card,£2.25,£2.25 each,,toys-entertainment
Wooden Unicorn and Dragon Spinning Top,Wooden Unicorn and Dragon Spinning Top,£1.50,£1.50 each,,toys-entertainment
World Football Stars Top Trumps Quiz Card Game,World Football Stars Top Trumps Quiz Card Game,£11,£11.00 each,,toys-entertainment
X-Shot Excel Micro Blaster,X-Shot Excel Micro Blaster,£3,,"Offer price £3, was £4",toys-entertainment
X Shot Dino Attack Extinct,X Shot Dino Attack Extinct,£6,,,toys-entertainment
YOLO! 40th Birthday Card,YOLO! 40th Birthday Card,£2.50,£2.50 each,,toys-entertainment
YOLO! 50th Birthday Card,YOLO! 50th Birthday Card,£2.50,£2.50 each,,toys-entertainment
YOLO! 60th Birthday Card,YOLO! 60th Birthday Card,£2.50,£2.50 each,,toys-entertainment
YOLO! 70th Birthday Card,YOLO! 70th Birthday Card,£2.50,£2.50 each,,toys-entertainment
Zuru 5 Surprise Volcano Dino Strike,Zuru 5 Surprise Volcano Dino Strike,£3.75,,"Offer price £3.75, was £5",toys-entertainment
Zuru Bunch Balloons ,Zuru Bunch Balloons 3 per pack,£9,£3.00 each,,toys-entertainment
Zuru Dino Action T-Rex,Zuru Dino Action T-Rex,£10,,,toys-entertainment
Zuru Disney Store Mini Brands,Zuru Disney Store Mini Brands,£8.50,,,toys-entertainment
Zuru Foodie Mini Brands,Zuru Foodie Mini Brands,£8.50,,,toys-entertainment
Zuru Max Build More Constuction Bricks,Zuru Max Build More Constuction Bricks,£5,,,toys-entertainment
Zuru Oosh Crackle Foam,Zuru Oosh Crackle Foam,£2.50,,,toys-entertainment
Zuru Oosh Potions,Zuru Oosh Potions,£10,,,toys-entertainment
Zuru Oosh Putty,Zuru Oosh Putty,£4,,,toys-entertainment
Zuru Oosh Sand,Zuru Oosh Sand,£5,,,toys-entertainment
Zuru Oosh Slime,Zuru Oosh Slime,£2,,,toys-entertainment
Zuru Pet Rescue Toy,Zuru Pet Rescue Toy,£6.50,,,toys-entertainment
Zuru Rainbocorns Kittycorn Surprise,Zuru Rainbocorns Kittycorn Surprise,£10,,,toys-entertainment
Zuru Robo Alive Raptor,Zuru Robo Alive Raptor,£10,,,toys-entertainment
Zuru Robotic Baby Shark,Zuru Robotic Baby Shark,£13,,,toys-entertainment
Zuru Toy Mini Brands Capsule,Zuru Toy Mini Brands Capsule,£8,,,toys-entertainment
Zuru X Shot Excel 36Pk,Zuru X Shot Excel 36Pk,£3,,"Offer price £3, was £4",toys-entertainment
Rajah Paprika,Rajah Paprika400g,£1.99,5p per 10g,,world-foods
Rajah Coarse Black Pepper,Rajah Coarse Black Pepper100g,£1.49,14.9p per 10g,,world-foods
Rajah Dhaniya Whole Coriander Seeds,Rajah Dhani...50g,99p,£1.98 per 100g,,world-foods
Rajah Whole Green Cardomoms,Rajah Whole G...50g,£3.00,£6.00 per 100g,,world-foods
Rajah Mild Madras Curry Powder,Rajah Mild Madr...100g,99p,9.9p per 10g,,world-foods
Rajah Fennel,Rajah Fennel300g,£1.75,58.3p per 100g,,world-foods
Rajah Garam Masala,Rajah Garam Masala400g,£2.50,6.3p per 10g,,world-foods
Rajah Hot Madras Curry Powder,Rajah Hot Mad...100g,99p,9.9p per 10g,,world-foods
Rajah Whole Cloves,Rajah Whole Cloves200g,£4.30,£2.15 per 100g,,world-foods
Rajah Hot Madras Curry Powder,Rajah Hot Mad...400g,£1.75,4.4p per 10g,"Offer price £1.75, was £1.99",world-foods
KTC Red Kidney Beans in Salted Water (400g),KTC Red Kidney...240g,65p,£2.71 per kg,Buy 4 for £2,world-foods
Morrisons Wheat Biscuits,Morrisons Wheat Biscuits24 per pack,£1.85,7.7p each,,world-foods
Pot Noodle Chicken & Mushroom Standard,Pot Noodle Ch...90g,£1.19,£13.22 per kg,Buy 4 for £3.50,world-foods
Rajah All Purpose Seasoning,Rajah All Purpose Seasoning100g,50p,5p per 10g,,world-foods
Rajah All Purpose Seasoning,Rajah All Purpose Seasoning400g,£1.75,4.4p per 10g,"Offer price £1.75, was £1.99",world-foods
Rajah Bay Leaves,Rajah Bay Leaves10g,99p,99p per 10g,,world-foods
Rajah Cassia Bark,Rajah Cassia Bark50g,64p,12.8p per 10g,,world-foods
Rajah Garam Masala ,Rajah Garam Masala 85g,99p,£1.16 per 100g,,world-foods
Rajah Paprika Powder,Rajah Paprika Powder100g,99p,9.9p per 10g,,world-foods
4Move Active Magnesium + Vitamins Lime Drink,4Move Active Magnesium + Vitamins Lime Drink250ml,60p,24p per 100ml,,world-foods
Africa's Fine Cassava Flour,Africa's Fine Cassava Flour1kg,£3,£3.00 per kg,,world-foods
Africa's Finest Plantain Fufu ,Africa's Finest Plantain Fufu 680g,£4.40,£6.47 per kg,,world-foods
Ajumma Republic Korean Hot Red Pepper Paste,Ajumma Republic Korean Hot Red Pepper Paste500g,£2.75,55p per 100g,,world-foods
Aleyna Mini Gherkins Cornichons (500g),Aleyna Mini Gherkins Cornichons (500g)275g,£1.75,63.6p per 100g,,world-foods
Aleyna Pickled Chilli Peppers (440g),Aleyna Pickled Chilli Peppers (440g)170g,£1.39,81.8p per 100g,,world-foods
Aleyna Sliced Green Jalapeno Peppers (480g),Aleyna Sliced Green Jalapeno Peppers (480g)240g,£1.15,47.9p per 100g,,world-foods
Aleyna Sliced Red Jalapeno Peppers (480g),Aleyna Sliced Red Jalapeno Peppers (480g)240g,£1.15,47.9p per 100g,,world-foods
Aleyna Sun Dried Tomatoes In Oil  ,Aleyna Sun Dried Tomatoes In Oil  350g,£1.75,£5.00 per kg,,world-foods
Al'Fez Apricot & Coriander Tagine Sauce ,Al'Fez Apricot & Coriander Tagine Sauce 450g,£2.49,55.3p per 100g,,world-foods
Al'Fez Harissa Chicken Tagine Kit,Al'Fez Harissa Chicken Tagine Kit370g,£2.50,67.6p per 100g,"Offer price £2.50, was £3",world-foods
Al'Fez Harissa Paste ,Al'Fez Harissa Paste 180g,£2.99,£1.66 per 100g,,world-foods
Al'Fez Lebanese Falafel Kit,Al'Fez Lebanese Falafel Kit150g,£1.89,£1.26 per 100g,,world-foods
Al'fez Middle Eastern Za'Atar Flatbreads 2 Pack,Al'fez Middle Eastern Za'Atar Flatbreads 2 Pack260g,£2.25,86.5p per 100g,,world-foods
Al'Fez Moroccan Meatball Sauce ,Al'Fez Moroccan Meatball Sauce 450g,£2.49,55.3p per 100g,,world-foods
Al'Fez Moroccan Spiced Cous Cous,Al'Fez Moroccan Spiced Cous Cous200g,£1.85,£9.25 per kg,,world-foods
Al'Fez Moroccan Style Lemon Chicken Tagine Kit,Al'Fez Moroccan Style Lemon Chicken Tagine Kit370g,£2.50,67.6p per 100g,"Offer price £2.50, was £3",world-foods
Al'Fez Moroccan Style Meatball Tagine Kit ,Al'Fez Moroccan Style Meatball Tagine Kit 370g,£2.50,67.6p per 100g,"Offer price £2.50, was £3",world-foods
Al'Fez Smoky Harissa Sauce ,Al'Fez Smoky Harissa Sauce 450g,£2.49,55.3p per 100g,,world-foods
Argentina        White Beans      (Gama) ,Argentina        White Beans      (Gama) 500g,£2.15,£4.30 per kg,,world-foods
Aroy-D Coconut Milk Lait De Coco ,Aroy-D Coconut Milk Lait De Coco 400ml,£1.49,37.3p per 100ml,,world-foods
Ayoola Inst.Noodles Curry ,Ayoola Inst.Noodles Curry 70g,40p,57.1p per 100g,,world-foods
Ayumi Multani Mati Clay,Ayumi Multani Mati Clay100g,£2,£2.00 per 100g,,world-foods
Ayumi Neem Powder,Ayumi Neem Powder100g,£2,£2.00 per 100g,,world-foods
Ayumi Organic Neem Oil,Ayumi Organic Neem Oil100ml,£4.50,£4.50 per 100ml,,world-foods
Ayumi Organic Virgin Coconut Oil,Ayumi Organic Virgin Coconut Oil290ml,£9,£3.10 per 100ml,,world-foods
Ayumi Pure Almond Oil,Ayumi Pure Almond Oil150ml,£4.50,£3.00 per 100ml,,world-foods
Ayumi Pure Caster Oil,Ayumi Pure Caster Oil150ml,£5,£3.33 per 100ml,,world-foods
Ayumi Pure Glycerine,Ayumi Pure Glycerine150ml,£4.50,£3.00 per 100ml,,world-foods
Ayumi Pure Olive Oil,Ayumi Pure Olive Oil150ml,£4,£2.67 per 100ml,,world-foods
Badshah Basmati Rice,Badshah Basmati Rice10kg,£16,£1.60 per kg,"Offer price £16, was £16.99",world-foods
Badshah Basmati Rice,Badshah Basmati Rice5kg,£8.50,£1.70 per kg,"Offer price £8.50, was £8.99",world-foods
Badshah Superior Aged Basmati Rice,Badshah Superior Aged Basmati Rice2kg,£3.50,£1.75 per kg,,world-foods
Badshah Xl Basmati Rice ,Badshah Xl Basmati Rice 10kg,£20,£2.00 per kg,,world-foods
Baldwins Original Sarsaparilla,Baldwins Original Sarsaparilla1L,£2.15,£2.15 per litre,,world-foods
Bangthai Original Sriracha Extra Hot Chilli Sauce,Bangthai Original Sriracha Extra Hot Chilli Sauce435ml,£3.39,77.9p per 100ml,,world-foods
Barkan Classic Sauvignon Blanc ,Barkan Classic Sauvignon Blanc 75cl,£12,£12.00 per 75cl,,world-foods
Barry's Tea Gold Blend Tea Bags,Barry's Tea Gold Blend Tea Bags250g,£3.20,£1.28 per 100g,"Offer price £3.20, was £3.49",world-foods
Barry's Tea Irish Breakfast Tea Bags,Barry's Tea Irish Breakfast Tea Bags250g,£3,£1.20 per 100g,"Offer price £3, was £3.49",world-foods
Basra Date Syrup,Basra Date Syrup450g,£3,66.7p per 100g,,world-foods
Bebeto Assorted Fruit Twists ,Bebeto Assorted Fruit Twists 220g,£1,45.5p per 100g,,world-foods
Bebeto Big Fizzy Mix,Bebeto Big Fizzy Mix150g,£1,66.7p per 100g,,world-foods
Bebeto Big Mix,Bebeto Big Mix150g,£1,66.7p per 100g,,world-foods
Bebeto Fizzy Blue Raspberry Laces,Bebeto Fizzy Blue Raspberry Laces220g,£1,45.5p per 100g,,world-foods
Bebeto Fizzy Strawberry Laces,Bebeto Fizzy Strawberry Laces220g,£1,45.5p per 100g,,world-foods
Bebeto Fizzy Strawberry Pencils,Bebeto Fizzy Strawberry Pencils220g,£1,45.5p per 100g,,world-foods
Bebeto Fizzy Watermelons,Bebeto Fizzy Watermelons150g,£1,66.7p per 100g,,world-foods
Bebeto Party Gummy Mix ,Bebeto Party Gummy Mix 400g,£2,50p per 100g,,world-foods
Bebeto Pick & Mix Party Pack,Bebeto Pick & Mix Party Pack750g,£4,53.3p per 100g,,world-foods
Bebeto Strawberries,Bebeto Strawberries150g,£1,66.7p per 100g,,world-foods
Bebeto Strawberry Trunks,Bebeto Strawberry Trunks220g,£1,45.5p per 100g,,world-foods
Bigen            Black Brown 58       ,Bigen            Black Brown 58       ,£3.50,,,world-foods
Bigen            Dark Brown 57       ,Bigen            Dark Brown 57       ,£3.50,,,world-foods
Bigen For Men Brown Black 102  ,Bigen For Men Brown Black 102  ,£6.50,,,world-foods
Bigen For Men Dark Brown 103 ,Bigen For Men Dark Brown 103 ,£6.50,,,world-foods
Bigen For Men    Natural Black 101    ,Bigen For Men    Natural Black 101    ,£6.50,,,world-foods
Bigen Oriental Black 59     ,Bigen Oriental Black 59     ,£3.50,,,world-foods
Bionaturo Beetroot Juice ,Bionaturo Beetroot Juice 300ml,£1.95,65p per 100ml,,world-foods
Bolands Elite Chocolate Kimberley ,Bolands Elite Chocolate Kimberley 132g,£1.50,£1.13 per 100g,"Offer price £1.50, was £1.80",world-foods
Bolands Fig Rolls,Bolands Fig Rolls200g,£1,50p per 100g,,world-foods
Bolands          Jam Mallows      ,Bolands          Jam Mallows      250g,£1.50,60p per 100g,"Offer price £1.50, was £1.65",world-foods
Bol One Pot Meal Spanish Smoky Butter Bean Stew,Bol One Pot Meal Spanish Smoky Butter Bean Stew450g,£3.25,72.2p per 100g,Buy 2 for £5,world-foods
Cafe Asia Chicken Spring Rolls ,Cafe Asia Chicken Spring Rolls 400g,£3.75,£9.38 per kg,,world-foods
Cafe Asia Duck Spring Rolls,Cafe Asia Duck Spring Rolls400g,£4.59,£11.48 per kg,,world-foods
Cafe Asia Vegetable Spring Rolls ,Cafe Asia Vegetable Spring Rolls 400g,£2.99,£7.48 per kg,,world-foods
Cantu Shea Butter Cleansing Cream Shampoo ,Cantu Shea Butter Clean...400ml,£6,£1.50 per 100ml,,world-foods
Cantu Shea Butter Coconut Curling Cream ,Cantu Shea Butter Coconut Curling Cream 340g,£7,£2.06 per 100g,,world-foods
Cantu Shea Butter Coil Calm Detangler Spray ,Cantu Shea Butter Coil Calm Detangler Spray 237ml,£7,£2.95 per 100ml,,world-foods
Cantu Shea Butter Comeback Curl Next Day Curl Revitalizer,Cantu Shea Butter Comeback Curl N...355ml,£6,£1.69 per 100ml,,world-foods
Cantu Shea Butter Deep Treatment Masque ,Cantu Shea Butter Deep Treatment Masque 340g,£7,£2.06 per 100g,,world-foods
Cantu Shea Butter Extra Hold Edge Stay Gel ,Cantu Shea Butter Extra Hold Edge Stay Gel 64g,£6,£9.38 per 100g,,world-foods
Cantu Shea Butter Hydrating Cream Conditioner ,Cantu Shea Butter Hydrati...400ml,£6,£1.50 per 100ml,,world-foods
Cantu Shea Butter Leave-In Conditioning Repair Cream,Cantu Shea Butter Leave-In Co...453g,£6,£1.32 per 100g,,world-foods
Cantu Shea Butter Moisturizing Curl Activator Cream,Cantu Shea Butter Moisturizin...355ml,£7,£1.97 per 100ml,,world-foods
Cantu Shea Butter Moisturizing Twist & Lock Gel ,Cantu Shea Butter Moisturiz...370g,£6,£1.62 per 100g,,world-foods
Caribbean Sunrise Jamaican Ginger Cake,Caribbean Sunrise Jamaican Ginger Cake,£1,,,world-foods
Caribbean Sunrise Pineapple & Coconut Cake,Caribbean Sunrise Pineapple & Coconut Cake,£1,,,world-foods
Cedrob Medallion Ham Cheese,Cedrob Medallion Ham Cheese315g,£2.75,87.3p per 100g,,world-foods
Cedrob Mushroom Cutlets ,Cedrob Mushroom Cutlets 590g,£3.50,59.3p per 100g,,world-foods
Chai Xpress Spiced Masala Tea Bags ,Chai Xpress Spiced Masala Tea Bags 75g,£2,£2.67 per 100g,,world-foods
Chef Brown Sauce,Chef Brown Sauce330g,£1.25,37.9p per 100g,,world-foods
Chef Tomato Ketchup,Chef Tomato Ketchup340g,£1.25,36.8p per 100g,,world-foods
China Town Dim Sum Mix ,China Town Dim Sum Mix 180g,£3,£16.67 per kg,,world-foods
Chinatown Dim Sum Prawn Sui Mai Handmade 12 Pack,Chinatown Dim Sum Prawn Sui...240g,£3.95,£1.65 per 100g,,world-foods
China Town Dim Sum Royal Prawn Ha Kau ,China Town Dim Sum Royal Prawn Ha Kau 240g,£3.70,£15.42 per kg,,world-foods
Cidona Apple Drink,Cidona Apple Drink2L,£2,10p per 100ml,,world-foods
Cofresh Balti Mix,Cofresh Balti Mix200g,75p,37.5p per 100g,,world-foods
Cofresh Black Pepper Cashews,Cofresh Black Pepper Cashews150g,£2,£1.33 per 100g,,world-foods
Cofresh Bombay Mix,Cofresh Bombay Mix200g,75p,37.5p per 100g,,world-foods
Cofresh Chakri Savoury Sticks,Cofresh Chakri Savoury Sticks300g,£1.49,49.7p per 100g,,world-foods
Cofresh Cheese & Onion Grills,Cofresh Cheese & Onion Grills80g,75p,93.8p per 100g,,world-foods
Cofresh Chevda Mix,Cofresh Chevda Mix200g,75p,37.5p per 100g,,world-foods
Cofresh Chilli & Lemon Bombay Mix,Cofresh Chilli & Lemon Bombay Mix200g,75p,37.5p per 100g,,world-foods
Cofresh Chilli & Lemon Grills,Cofresh Chilli & Lemon Grills100g,£1,£1.00 per 100g,,world-foods
Cofresh Chilli & Lime Corn Crackers ,Cofresh Chilli & Lime Corn Crackers 60g,75p,£1.25 per 100g,,world-foods
Cofresh Chilli Cheese Grills,Cofresh Chilli Cheese Grills80g,75p,93.8p per 100g,,world-foods
Cofresh Green Peas & Peanuts Mix,Cofresh Green Peas & Peanuts Mix200g,75p,37.5p per 100g,,world-foods
Cofresh Gujarati Mix,Cofresh Gujarati Mix200g,75p,37.5p per 100g,,world-foods
Cofresh Hot & Spicy Corn Crackers ,Cofresh Hot & Spicy Corn Crackers 60g,75p,£1.25 per 100g,,world-foods
Cofresh Hot Bombay Mix ,Cofresh Hot Bombay Mix 200g,75p,37.5p per 100g,,world-foods
Cofresh Hot Chilli Potato Crinkles,Cofresh Hot Chilli Potato Crinkles80g,75p,93.8p per 100g,,world-foods
Cofresh Hot Chilli Spirals,Cofresh Hot Chilli Spirals80g,75p,93.8p per 100g,,world-foods
Cofresh Jalapeno Potato Grills,Cofresh Jalapeno Potato Grills80g,75p,93.8p per 100g,,world-foods
Cofresh Jalfrezi Mix,Cofresh Jalfrezi Mix200g,75p,37.5p per 100g,,world-foods
Cofresh Jeera Para Snacks,Cofresh Jeera Para Snacks300g,£1,33.3p per 100g,,world-foods
Cofresh Karachi Crunch Mix ,Cofresh Karachi Crunch Mix 200g,75p,37.5p per 100g,,world-foods
Cofresh Khatta Meetha Mix,Cofresh Khatta Meetha Mix200g,75p,37.5p per 100g,,world-foods
Cofresh London Mix,Cofresh London Mix200g,75p,37.5p per 100g,,world-foods
Cofresh Peri Peri Corn Crackers ,Cofresh Peri Peri Corn Crackers 60g,75p,£1.25 per 100g,,world-foods
Cofresh Peri Peri Grills,Cofresh Peri Peri Grills80g,75p,93.8p per 100g,,world-foods
Cofresh Pistachio Nuts,Cofresh Pistachio Nuts150g,£2,£1.33 per 100g,,world-foods
Cofresh Salted Chakri Rice Sticks,Cofresh Salted Chakri Rice Sticks300g,£1.49,49.7p per 100g,,world-foods
Cofresh Sev Mamra & Peanuts Mix ,Cofresh Sev Mamra & Peanuts Mix 200g,75p,37.5p per 100g,,world-foods
Cofresh Sweet Chilli Grills,Cofresh Sweet Chilli Grills80g,75p,93.8p per 100g,,world-foods
Cofresh Sweet Chilli Poppadum Curls ,Cofresh Sweet Chilli Poppadum Curls 80g,75p,93.8p per 100g,,world-foods
Cofresh Sweet Saker Para Snacks,Cofresh Sweet Saker Para Snacks300g,£1,33.3p per 100g,,world-foods
Crucials Burger Sauce ,Crucials Burger Sauce 500ml,£1.19,23.8p per 100ml,,world-foods
Crucials Caribbean Style Sweet Chilli Sauce,Crucials Caribbean Style Sweet Chilli Sauce500ml,£1.19,23.8p per 100ml,,world-foods
Crucials Chilli & Garlic Sauce With Garlic ,Crucials Chilli & Garlic Sauce With Garlic 500ml,£1.19,23.8p per 100ml,,world-foods
Crucials Extra Hot Chilli Sauce ,Crucials Extra Hot Chilli Sauce 500ml,£1.19,23.8p per 100ml,,world-foods
Crucials Garlic Mayo Sauce,Crucials Garlic Mayo Sauce500ml,£1.19,23.8p per 100ml,,world-foods
Crucials Spicy Mayo Sauce,Crucials Spicy Mayo Sauce500ml,£1.19,23.8p per 100ml,,world-foods
Crucials Sweet Chilli Thai Style Sauce,Crucials Sweet Chilli Thai Style Sauce500ml,£1.19,23.8p per 100ml,,world-foods
Crucials Yoghurt & Mint Sauce,Crucials Yoghurt & Mint Sauce500ml,£1.19,23.8p per 100ml,,world-foods
Cypressa Black Pitted Olives In Brine ,Cypressa Black Pitted Olives In Brine 340g,£1.20,35.3p per 100g,,world-foods
Cypressa Greek Halkidiki Olives ,Cypressa Greek Halkidiki Olives 315g,£2.19,69.5p per 100g,,world-foods
Cypressa Green Pitted Olives ,Cypressa Green Pitted Olives 340g,£1.25,36.8p per 100g,,world-foods
Cypressa Kalamata Olives ,Cypressa Kalamata Olives 345g,£2.19,63.5p per 100g,,world-foods
Cypressa Stuffed Olives In Brine With Pimento Paste ,Cypressa Stuffed Olives In Brine With Pimento Paste 340g,£1.20,35.3p per 100g,,world-foods
Dabur Herbal Toothpaste With Neem ,Dabur Herbal Toothpaste With Neem 100ml,£3,£3.00 per 100ml,,world-foods
Daria Unsalted,Daria Unsalted300g,£1.99,66.3p per 100g,,world-foods
Dega Home Made Salad  ,Dega Home Made Salad  250g,£1.35,54p per 100g,,world-foods
Desi Natural Live Set Yogurt,Desi Natural Live Set Yogurt1kg,£1.85,18.5p per 100g,,world-foods
Dina Chapattis,Dina Chapattis300g,£1.19,39.7p per 100g,,world-foods
Dina Classic Baklawa Selection ,Dina Classic Baklawa Selection 200g,£2.29,£1.15 per 100g,,world-foods
Dina Lavash Flatbreads,Dina Lavash Flatbreads6 per pack,£1.75,29.2p each,,world-foods
Dina Paninette Large White Bread Wraps,Dina Paninette Large White Bread Wraps5 per pack,£1.05,21p each,,world-foods
Dina Paninette White Bread Wraps,Dina Paninette White Bread Wraps5 per pack,95p,19p each,,world-foods
Dina Paninette Wholemeal Bread Wraps,Dina Paninette Wholemeal Bread Wraps5 per pack,£1.05,21p each,,world-foods
Dina Sourdough Paninette ,Dina Sourdough Paninette 250g,£1.05,42p per 100g,,world-foods
Dina Tannour Flatbread,Dina Tannour Flatbread310g,£1.59,51.3p per 100g,,world-foods
Dina White Chapattis,Dina White Chapattis300g,£1.19,39.7p per 100g,,world-foods
Dina White Mini Pitta Bread,Dina White Mini Pitta Bread8 per pack,65p,8.1p each,,world-foods
Dina White Pitta Bread,Dina White Pitta Bread420g,65p,15.5p per 100g,,world-foods
Dina Wholemeal Mini Pitta Bread,Dina Wholemeal Mini Pitta Bread8 per pack,65p,8.1p each,,world-foods
Dina Wholemeal Pitta Bread,Dina Wholemeal Pitta Bread6 per pack,65p,10.8p each,,world-foods
Dorset Cereals Oat Granola ,Dorset Cereals Oat Granola 550g,£3.99,72.5p per 100g,,world-foods
Duda Juniper Sausage ,Duda Juniper Sausage 150g,£1.90,£1.27 per 100g,,world-foods
Dunareu Delicatete Bukowe Sausages,Dunareu Delicatete Bukowe Sausages600g,£2.69,£4.48 per kg,,world-foods
Dunareu Delicatete Hot Dogs,Dunareu Delicatete Hot Dogs1kg,£2.69,£2.69 per kg,,world-foods
Dunns River Coconut Milk ,Dunns River Coconut Milk 400ml,£1.09,£2.73 per litre,,world-foods
Dunn's River Jamaican Jerk Seasoning,Dunn's River Jamaican Jerk Seasoning300g,£2.46,8.2p per 10g,,world-foods
East End Gold Chapatti Atta,East End Gold Chapatti Atta5kg,£8.50,£1.70 per kg,,world-foods
East End Premium Gold Multi Grain Atta Chapatti Flour ,East End Premium Gold Multi Gra...5kg,£7.50,£1.50 per kg,,world-foods
Eid Gift Bag,Eid Gift Bag,£4,,,world-foods
Ekspresso Pancakes With Cottage Cheese,Ekspresso Pancakes With Cottage Cheese500g,£2.50,£5.00 per kg,,world-foods
Elephant Atta Chakki Gold,Elephant Atta Chakki Gold5kg,£5,£1.00 per kg,"Offer price £5, was £7.99",world-foods
Elephant Atta Chapattis,Elephant Atta Chapattis360g,£1.49,£4.14 per kg,,world-foods
Elephant Atta Medium Chapatti Flour  ,Elephant Atta Medium Chapatti Flour  10kg,£6.50,65p per kg,"Offer price £6.50, was £9.99",world-foods
Elephant Atta Medium Vitamin D,Elephant Atta Medium Vitamin D5kg,£5,£1.00 per kg,"Offer price £5, was £6.99",world-foods
Elephant Atta Medium With Multigrain ,Elephant Atta Medium With Multigrain 10kg,£11.99,£1.20 per kg,"Offer price £11.99, was £13.99",world-foods
Elephant Atta Wholemeal Chapatti Flour,Elephant Atta Wholemeal Chapatti Flour10kg,£6.50,65p per kg,"Offer price £6.50, was £8.99",world-foods
Elite Summer Salami ,Elite Summer Salami 400g,£2.40,60p per 100g,,world-foods
Elit Victoria Salami,Elit Victoria Salami350g,£2.40,68.6p per 100g,,world-foods
Elpozo Fuetec Airdried Spanish Sausage,Elpozo Fuetec Airdried Spanish Sausage170g,£2,£1.18 per 100g,,world-foods
Evim Sliced Beef Salami With Turkey Meat ,Evim Sliced Beef Salami With Turkey Meat 100g,£1.40,£1.40 per 100g,,world-foods
Feddon Breadsticks With Sesame Seeds,Feddon Breadsticks With Sesame Seeds250g,£2,80p per 100g,,world-foods
Fino Lemon Dressing,Fino Lemon Dressing300ml,50p,16.7p per 100ml,,world-foods
Flahavan's Irish Quick Oats,Flahavan's Irish Quick Oats500g,£1.80,36p per 100g,,world-foods
Flute Incense Floral Range     ,Flute Incense Floral Range     6 x 20 per pack,£2,1.7p each,,world-foods
Freetown Corned Beef,Freetown Corned Beef340g,£3.50,£1.03 per 100g,,world-foods
Fudco Almonds,Fudco Almonds500g,£7,£1.40 per 100g,,world-foods
Fudco Assorted Nut Mix   ,Fudco Assorted Nut Mix   500g,£7,£1.40 per 100g,,world-foods
Fudco Cashew Nuts,Fudco Cashew Nuts500g,£7,£1.40 per 100g,,world-foods
Fudco Deluxe Assorted Nuts,Fudco Deluxe Assorted Nuts250g,£3.99,£1.60 per 100g,,world-foods
Fudco Deluxe Nuts & Raisins Mix,Fudco Deluxe Nuts & Raisins Mix500g,£7,£1.40 per 100g,,world-foods
Fudco Fine Desiccated Coconut,Fudco Fine Desiccated Coconut250g,£1.35,54p per 100g,,world-foods
Fudco Golden Sultana,Fudco Golden Sultana250g,£1.70,68p per 100g,,world-foods
Fudco Green Raisins,Fudco Green Raisins250g,£2.25,90p per 100g,,world-foods
Fudco Pistachio Kernals    ,Fudco Pistachio Kernals    200g,£5.35,£2.68 per 100g,,world-foods
Fudco Popping Corn,Fudco Popping Corn500g,£1.25,25p per 100g,,world-foods
Fudco Roasted & Salted Cashew Nuts,Fudco Roasted & Salted Cashew Nuts200g,£2.90,£1.45 per 100g,,world-foods
Fudco Roasted & Salted Jumbo Pistachios,Fudco Roasted & Salted Jumbo Pistachios500g,£7,£1.40 per 100g,,world-foods
Fudco Roasted & Salted Jumbo Pistachios,Fudco Roasted & Salted Jumbo Pistachios200g,£3.99,£2.00 per 100g,,world-foods
Fudco Soya Chunks,Fudco Soya Chunks150g,£1.20,£8.00 per kg,,world-foods
Fudco Soya Mince,Fudco Soya Mince250g,£1.45,58p per 100g,,world-foods
Gama Cous Cous          ,Gama Cous Cous          500g,£1.50,£3.00 per kg,,world-foods
Gama Red Lentils      ,Gama Red Lentils      500g,£1.79,£3.58 per kg,,world-foods
Gama Roasted Maize ,Gama Roasted Maize 200g,£1.20,60p per 100g,,world-foods
Gama Roasted Monkey Nuts      ,Gama Roasted Monkey Nuts      250g,£1,40p per 100g,,world-foods
Gefen Chicken Noodle Soup ,Gefen Chicken Noodle Soup 66g,£1.65,£2.50 per 100g,,world-foods
Gefen Israeli Couscous,Gefen Israeli Couscous250g,£1.25,£5.00 per kg,,world-foods
Gefen Organic Roasted & Peeled Chestnuts,Gefen Organic Roasted & Peeled Chestnuts150g,£2.80,£1.87 per 100g,,world-foods
Gefen Vegetable Flavour Noodle Soup ,Gefen Vegetable Flavour Noodle Soup 66g,£1.65,£2.50 per 100g,,world-foods
Gefen Yellow Mustard,Gefen Yellow Mustard225g,£1.35,60p per 100g,,world-foods
Ghana Best Shito Hot,Ghana Best Shito Hot160g,£3.25,£2.03 per 100g,,world-foods
Ghana Best Shito Mild ,Ghana Best Shito Mild 160g,£3.29,£2.06 per 100g,,world-foods
Gino's Battered Chicken Nuggets,Gino's Battered Chicken Nuggets500g,£2.25,£4.50 per kg,,world-foods
Ginos Breaded Chicken Nuggets,Ginos Breaded Chicken Nuggets500g,£2.19,£4.38 per kg,,world-foods
Gino's Southern Fried Chicken Popcorn,Gino's Southern Fried Chicken Popcorn500g,£2.25,£4.50 per kg,,world-foods
Goldfish Original Chinese Curry Sauce Concentrate,Goldfish Original Chinese Curry Sauce Concentrate405g,£2.75,67.9p per 100g,,world-foods
Goplana Grzeski Chocolate Wafer Bar ,Goplana Grzeski Chocolate Wafer Bar 36g,50p,£1.39 per 100g,,world-foods
Goplana Grzeski Toffi Bar,Goplana Grzeski Toffi Bar36g,50p,£1.39 per 100g,,world-foods
Gosh! Mediterranean Falafel ,Gosh! Mediterranean Falafel 300g,£2.95,98.3p per 100g,,world-foods
Gosh! Moroccan Spiced Falafel ,Gosh! Moroccan Spiced Falafel 300g,£2.95,98.3p per 100g,,world-foods
Gosh! Spinach & Pine Nut Bites ,Gosh! Spinach & Pine Nut Bites 300g,£2.95,98.3p per 100g,,world-foods
Grace Chicken Noodle Soup Mix,Grace Chicken Noodle Soup Mix60g,69p,£1.15 per 100g,,world-foods
Grace Coconut Water With Real Coconut Pieces Juice drink ,Grace Coconut Water With Real Coc...310ml,95p,30.6p per 100ml,,world-foods
Grace Instant Cornmeal Porridge ,Grace Instant Cornmeal Porridge 60g,£1.59,£2.65 per 100g,,world-foods
Grace Mango Aloe Vera Juice Drink,Grace Mango Aloe Vera Juice Drink500ml,£1.29,25.8p per 100ml,,world-foods
Grace Mighty Malt Original Drink ,Grace Mighty Malt Original Drink 330ml,99p,30p per 100ml,,world-foods
Grace Original Aloe Vera Juice Drink,Grace Original Aloe Vera Juice Drink500ml,£1.29,25.8p per 100ml,,world-foods
Grace Pumpkin Soup Mix,Grace Pumpkin Soup Mix50g,69p,£1.38 per 100g,,world-foods
Grace Spicy Cock Soup Mix,Grace Spicy Cock Soup Mix50g,69p,£1.38 per 100g,,world-foods
Grace Strawberry Aloe Vera Juice Drink,Grace Strawberry Aloe Vera Juice Drink500ml,£1.09,21.8p per 100ml,,world-foods
Greenfields Bay Leaves,Greenfields Bay Leaves30g,£1,33.3p per 10g,,world-foods
Greenfields Curry Leaves,Greenfields Curry Leaves12g,75p,62.5p per 10g,,world-foods
Greenfields Harissa Spice,Greenfields Harissa Spice75g,£1,13.3p per 10g,,world-foods
Greenfields Hibiscus Flower,Greenfields Hibiscus Flower65g,75p,11.5p per 10g,,world-foods
Greenfields Himalayan Salt,Greenfields Himalayan Salt200g,75p,3.8p per 10g,,world-foods
Greenfields Mint,Greenfields Mint50g,£1,20p per 10g,,world-foods
Greenfields Mixed Herbs,Greenfields Mixed Herbs50g,£1,20p per 10g,,world-foods
Greenfields Oregano,Greenfields Oregano50g,£1,20p per 10g,,world-foods
Greenfields Preserved Lemons,Greenfields Preserved Lemons750g,£1.99,£2.65 per kg,,world-foods
Greenfields Ras Al Hanout Spice,Greenfields Ras Al Hanout Spice75g,£1,13.3p per 10g,,world-foods
Greenfields Sumaq Spice      ,Greenfields Sumaq Spice      75g,£1,13.3p per 10g,,world-foods
Greenfields Turkish Chilli Flakes,Greenfields Turkish Chilli Flakes75g,£1,13.3p per 10g,,world-foods
Greenfields Za'Atar ,Greenfields Za'Atar 50g,75p,15p per 10g,,world-foods
Greenfiels Lebanese Shawarma,Greenfiels Lebanese Shawarma75g,£1,13.3p per 10g,,world-foods
Healthy Boy Brand Thai Sweet Chilli Sauce,Healthy Boy Brand Thai Sweet Chilli Sauce700ml,£2.75,39.3p per 100ml,,world-foods
Healthy Boy Brand Thick Oyster Sauce,Healthy Boy Brand Thick Oyster Sauce700ml,£2.75,39.3p per 100ml,,world-foods
Healthy Boy Brand Thin Soy Sauce,Healthy Boy Brand Thin Soy Sauce700ml,£2.75,39.3p per 100ml,,world-foods
Hell Energy Drink Classic,Hell Energy Drink Classic250ml,70p,28p per 100ml,,world-foods
Hello Panda Chocolate Biscuits,Hello Panda Chocolate Biscuits50g,£1.30,£2.60 per 100g,,world-foods
Hello Panda Strawberry Biscuits ,Hello Panda Strawberry Biscuits 50g,£1.30,£2.60 per 100g,,world-foods
Hesh Maha Narayan Oil,Hesh Maha Narayan Oil100ml,£7,£7.00 per 100ml,,world-foods
Hesh             Pure Virgin Blackseed Oil ,Hesh             Pure Virgin Blackseed Oil 100ml,£7,£7.00 per 100ml,,world-foods
Hilalturk Chicken Beef Salami      ,Hilalturk Chicken Beef Salami      500g,£1.80,36p per 100g,,world-foods
Hilalturk Chicken Salami   ,Hilalturk Chicken Salami   500g,£1.80,36p per 100g,,world-foods
Hot & Crispy Extra Crispy Sweet Potato Fries,Hot & Crispy Extra Crispy Sweet Potato Fries1kg,£4,£4.00 per kg,,world-foods
Hovis Best of Both Medium Bread,Hovis Best of Both Medium Bread750g,£1.19,15.9p per 100g,,world-foods
Hovis Best of Both Thick Bread,Hovis Best of Both Thick Bread750g,£1.19,15.9p per 100g,,world-foods
Hovis Granary Wholemeal Bread,Hovis Granary Wholemeal Bread800g,£1.95,24.4p per 100g,"Offer price £1.95, was £2.15",world-foods
Hovis Nimble Wholemeal Bread,Hovis Nimble Wholemeal Bread400g,£1.29,32.3p per 100g,,world-foods
Hovis Original Granary Medium Bread,Hovis Original Granary Medium Bread800g,£1.95,24.4p per 100g,"Offer price £1.95, was £2.15",world-foods
Hovis Seed Sensations Seven Seeds Bread,Hovis Seed Sensations Seven Seeds Bread800g,£2.15,26.9p per 100g,,world-foods
Hovis Soft White Extra Thick Bread,Hovis Soft White Extra Thick Bread800g,£1.45,18.1p per 100g,Buy 2 for £2.50,world-foods
Hovis Soft White Medium Bread,Hovis Soft White Medium Bread800g,£1.45,18.1p per 100g,Buy 2 for £2.50,world-foods
Hovis Soft White Thick Bread ,Hovis Soft White Thick Bread 800g,£1.45,18.1p per 100g,Buy 2 for £2.50,world-foods
Hovis Tasty Wholemeal Bread ,Hovis Tasty Wholemeal Bread 400g,£1.29,32.3p per 100g,,world-foods
Hovis Tasty Wholemeal Medium Bread,Hovis Tasty Wholemeal Medium Bread800g,£1.45,18.1p per 100g,Buy 2 for £2.50,world-foods
Hovis Tasty Wholemeal Thick Bread,Hovis Tasty Wholemeal Thick Bread800g,£1.45,18.1p per 100g,Buy 2 for £2.50,world-foods
Humza Chicken Charcoal Kebabs,Humza Chicken Charcoal Kebabs400g,£3.25,£8.13 per kg,,world-foods
Humza Chicken Samosa,Humza Chicken Samosa20 x 650g,£4.50,3.5p per 100g,Buy 2 for £8,world-foods
Humza Chicken Spring Roll,Humza Chicken Spring Roll20 x 650g,£4.50,3.5p per 100g,Buy 2 for £8,world-foods
Humza Meat Charcoal Kebabs,Humza Meat Charcoal Kebabs400g,£3.25,£8.13 per kg,,world-foods
Humza Meat Samosa,Humza Meat Samosa20 x 650g,£4.50,3.5p per 100g,Buy 2 for £8,world-foods
Humza Meat Spring Roll,Humza Meat Spring Roll20 x 650g,£4.50,3.5p per 100g,Buy 2 for £8,world-foods
Humza Veg Samosa,Humza Veg Samosa20 x 650g,£4.50,3.5p per 100g,Buy 2 for £8,world-foods
Humza Veg Spring Roll,Humza Veg Spring Roll20 x 650g,£4.50,3.5p per 100g,Buy 2 for £8,world-foods
Indo Mie Mi Goreng Stir Fry Noodles ,Indo Mie Mi Goreng Stir Fry Noodles 80g,69p,£8.63 per kg,,world-foods
Indus Achar Gosht ,Indus Achar Gosht 50g,£1,£2.00 per 100g,,world-foods
Indus Biryani Masala ,Indus Biryani Masala 50g,£1,£2.00 per 100g,,world-foods
Indus Bombay Biryani ,Indus Bombay Biryani 50g,£1,£2.00 per 100g,,world-foods
Indus Chaat Masala ,Indus Chaat Masala 50g,£1,£2.00 per 100g,,world-foods
Indus Chicken Tikka Spice ,Indus Chicken Tikka Spice 50g,£1,£2.00 per 100g,,world-foods
Indus Chilli Sauce,Indus Chilli Sauce422g,£1.75,41.5p per 100g,,world-foods
Indus Fish Masala ,Indus Fish Masala 50g,£1,£2.00 per 100g,,world-foods
Indus Garlic Paste,Indus Garlic Paste750g,£2.50,33.3p per 100g,"Offer price £2.50, was £3",world-foods
Indus Ginger & Garlic Paste,Indus Ginger & Garlic Paste750g,£2.50,33.3p per 100g,"Offer price £2.50, was £3",world-foods
Indus Ginger & Garlic Paste,Indus Ginger & Garlic Paste340g,£1.60,47.1p per 100g,,world-foods
Indus Ginger Paste,Indus Ginger Paste340g,£1.60,47.1p per 100g,,world-foods
Indus Ginger Paste,Indus Ginger Paste750g,£2.50,33.3p per 100g,"Offer price £2.50, was £3",world-foods
Indus Gram Flour,Indus Gram Flour3kg,£4,£1.33 per kg,,world-foods
Indus Himalayan Pink Salt,Indus Himalayan Pink Salt400g,£1.45,£3.63 per kg,,world-foods
Indus Imlee Tamarind Sauce,Indus Imlee Tamarind Sauce442g,£1.75,39.6p per 100g,,world-foods
Indus Karahi Fry Gosht ,Indus Karahi Fry Gosht 50g,£1,£2.00 per 100g,,world-foods
Indus Kebab House Chilli Sauce,Indus Kebab House Chilli Sauce422ml,£1.75,41.5p per 100ml,,world-foods
Indus Korma Masala ,Indus Korma Masala 50g,£1,£2.00 per 100g,,world-foods
Indus Medium Chapatti Flour,Indus Medium Chapatti Flour10kg,£6.50,65p per kg,"Offer price £6.50, was £7.99",world-foods
Indus Qeema Masala ,Indus Qeema Masala 50g,£1,£2.00 per 100g,,world-foods
Indus Sindhi Biryani ,Indus Sindhi Biryani 50g,£1,£2.00 per 100g,,world-foods
Indus Spicy Mango Chutney,Indus Spicy Mango Chutney422g,£1.75,41.5p per 100g,,world-foods
Indus Yoghurt & Mint Sauce,Indus Yoghurt & Mint Sauce422g,£1.75,41.5p per 100g,,world-foods
Irwin's Together Fruit Loaf ,Irwin's Together Fruit Loaf 400g,£1.79,44.8p per 100g,,world-foods
Irwin's Together Mini Soda Breads,Irwin's Together Mini Soda Breads4 per pack,£1.39,34.8p each,,world-foods
Irwin's Together Potato Breads,Irwin's Together Potato Breads4 per pack,£1.49,37.3p each,,world-foods
Island Delight Chicken Jamaican Spicy Pattie    ,Island Delight Chicken Jamaican Spicy Pattie    4 x 140g,£2.75,£4.91 per kg,,world-foods
Island Delight Chilli Beef Jamaican Pattie,Island Delight Chilli Beef Jamaican Pattie140g,99p,70.7p per 100g,,world-foods
Island Delight Curried Lamb Jamaican Pattie ,Island Delight Curried Lamb Jamaican Pattie 140g,99p,70.7p per 100g,,world-foods
Island Delight Jamaican Brown Stew Lamb With Rice,Island Delight Jamaican Bro...400g,£3.75,93.8p per 100g,,world-foods
Island Delight Jerk Chicken Pattie,Island Delight Jerk Chicken Pattie140g,99p,70.7p per 100g,,world-foods
Island Delight Spicy Jerk Chicken With Rice,Island Delight Spicy Jerk Chicken With Rice400g,£3.75,93.8p per 100g,,world-foods
Island Delight Spicy Mutton Curry With Rice,Island Delight Spicy Mutton Curry With Rice400g,£3.75,£9.38 per kg,,world-foods
Island Delight Spicy Vegetable Jamaican Pattie,Island Delight Spicy Vegetable Jamaican Pattie140g,99p,70.7p per 100g,,world-foods
Island Sun Coarse Semolina,Island Sun Coarse Semolina500g,£1,£2.00 per kg,,world-foods
Island Sun       Coconut Milk     ,Island Sun       Coconut Milk     400ml,£1,£2.50 per litre,,world-foods
Island Sun Cornmeal Coarse,Island Sun Cornmeal Coarse500g,85p,£1.70 per kg,,world-foods
Island Sun Easy Cook Rice,Island Sun Easy Cook Rice5kg,£6.99,£1.40 per kg,,world-foods
Island Sun Gari,Island Sun Gari500g,£1,£2.00 per kg,,world-foods
Island Sun Long Grain Rice,Island Sun Long Grain Rice5kg,£6.15,£1.23 per kg,,world-foods
Island Sun Mackerel In Brine ,Island Sun Mackerel In Brine 425g,£1.89,£4.45 per kg,,world-foods
Iwisa Super Maize Meal ,Iwisa Super Maize Meal 5kg,£9,£1.80 per kg,,world-foods
J-Basket Seaweed Crisps Pumpkin Sesame,J-Basket Seaweed Crisps Pumpkin Sesame35g,£1.50,£4.29 per 100g,,world-foods
Jahan Breaded Chicken Strips ,Jahan Breaded Chicken Strips 500g,£2.50,£5.00 per kg,,world-foods
Jahan Chicken Breast Fillets,Jahan Chicken Breast Fillets1kg,£5.25,£5.25 per kg,,world-foods
Jahan Dinosaur Chicken Bites,Jahan Dinosaur Chicken Bites400g,£2.79,£6.98 per kg,,world-foods
Jahan Doner Kebab,Jahan Doner Kebab600g,£2.25,£3.75 per kg,,world-foods
Jahan Hot & Spicy Chicken Strips,Jahan Hot & Spicy Chicken Strips500g,£2.50,£5.00 per kg,,world-foods
Jahan Peri Peri Chicken Strips,Jahan Peri Peri Chicken Strips500g,£2.85,£5.70 per kg,,world-foods
Jahan Southern Fried Chicken Strips,Jahan Southern Fried Chicken Strips500g,£2.75,£5.50 per kg,,world-foods
Jelly Belly American Classics,Jelly Belly American Classics70g,£1.75,£2.50 per 100g,,world-foods
Jelly Belly Lemon Meringue Pie,Jelly Belly Lemon Meringue Pie70g,£1.75,£2.50 per 100g,,world-foods
Jelly Belly Peanut Butter & Jelly,Jelly Belly Peanut Butter & Jelly70g,£1.75,£2.50 per 100g,,world-foods
Juici Patties Beef Patties,Juici Patties Beef Patties540g,£3.75,69.4p per 100g,,world-foods
Juici Patties Stew Peas Patties,Juici Patties Stew Peas Patties540g,£3.75,69.4p per 100g,,world-foods
Jutrzenka Familijne Cocoa Wafers,Jutrzenka Familijne Cocoa Wafers180g,89p,49.4p per 100g,,world-foods
Jutrzenka Family's Nut Wafers,Jutrzenka Family's Nut Wafers180g,89p,49.4p per 100g,,world-foods
KA Sparkling Black Grape Juice Soft Drink,KA Sparkling Black Grape Juice Soft Drink2L,£1.50,7.5p per 100ml,"Offer price £1.50, was £1.69",world-foods
KA Sparkling Fruit Punch Soft Drink,KA Sparkling Fruit Punch Soft Drink2L,£1.50,7.5p per 100ml,"Offer price £1.50, was £1.69",world-foods
KA Sparkling Pineapple Juice Soft Drink,KA Sparkling Pineapple Juice Soft Drink2L,£1.50,7.5p per 100ml,"Offer price £1.50, was £1.69",world-foods
Kedem Concord Grape Juice      ,Kedem Concord Grape Juice      650ml,£3.25,50p per 100ml,,world-foods
Kedem Light Concord Grape Juice,Kedem Light Concord Grape Juice650ml,£3.25,50p per 100ml,,world-foods
Kedem Sparkling Concord Grape Juice,Kedem Sparkling Concord Grape Juice750ml,£4.99,66.5p per 100ml,,world-foods
Kellogg's Just Right Flakes Cereal,Kellogg's Just Right Flakes Cereal500g,£3.50,70p per 100g,,world-foods
Kellogg's Pop Tarts Frosted Chocotastic 380G,Kellogg's Pop Tarts Frosted Chocotastic 380G380g,£2.99,78.7p per 100g,,world-foods
Kellogg's Pop Tarts Frosted Strawberry Sensation ,Kellogg's Pop Tarts Frosted...380g,£2.99,78.7p per 100g,,world-foods
Kikkoman Naturally Brewed Soy ,Kikkoman Naturally Brewed Soy 150ml,£2.25,£1.50 per 100ml,"Offer price £2.25, was £2.99",world-foods
Kimura Ramune Original Flavour,Kimura Ramune Original Flavour200ml,£1.69,84.5p per 100ml,,world-foods
Kinder Maxi King,Kinder Maxi King35g,80p,£2.29 per 100g,,world-foods
Knoppers Milk & Hazelnut Wafers,Knoppers Milk & Hazelnut Wafers100g,£1.69,£1.69 per 100g,,world-foods
Ko-Lee Go Mixed Vegetable Noodles,Ko-Lee Go Mixed Vegetable Noodles65g,£1,£15.38 per kg,,world-foods
Ko-Lee Go Noodles Barbeque ,Ko-Lee Go Noodles Barbeque 65g,£1,£15.38 per kg,,world-foods
Ko-Lee Instant Noodles Chicken Flavour,Ko-Lee Instant Noodles Chicken Flavour350g,£1.15,£3.29 per kg,,world-foods
Ko-Lee Medium Egg Noodles,Ko-Lee Medium Egg Noodles375g,£1.50,£4.00 per kg,,world-foods
Ko-Lee Thai Hot & Spicy Go Noodles ,Ko-Lee Thai Hot & Spicy Go Noodles 65g,£1,£15.38 per kg,,world-foods
Ko-Lee Vermicelli Noodles,Ko-Lee Vermicelli Noodles200g,£1.39,£6.95 per kg,,world-foods
Koikeya Original Premium Japanese Potato Chips Teriyaki,Koikeya Original Premium Japane...100g,£1.50,£1.50 per 100g,,world-foods
Krakus Kabanos Smoked Pork Snack,Krakus Kabanos Smoked Pork Snack180g,£2.75,£1.53 per 100g,"Offer price £2.75, was £2.99",world-foods
Krakus Kabanosy,Krakus Kabanosy250g,£3.60,£1.44 per 100g,,world-foods
Krakus Krakowska,Krakus Krakowska320g,£4.30,£1.34 per 100g,"Offer price £4.30, was £5",world-foods
Krakus Pickled Dill Cucumbers ,Krakus Pickled Dill Cucumbers 450g,£2.09,46.4p per 100g,,world-foods
Krakus Sauerkraut       ,Krakus Sauerkraut       900g,£1.59,17.7p per 100g,,world-foods
Krakus Zywiecka Polish Cooked And Dried Pork Sausage,Krakus Zywiecka Polish Cooked...286g,£3,£1.05 per 100g,,world-foods
Krasnystaw Zsiadle Mleko,Krasnystaw Zsiadle Mleko500ml,£1.19,23.8p per 100ml,,world-foods
KTC 100% Pure Castor Oil,KTC 100% Pure Castor Oil250ml,£2,80p per 100ml,,world-foods
KTC 100% Pure Coconut Cooking Oil,KTC 100% Pure Coconut Cooking Oil650ml,£3.50,53.8p per 100ml,,world-foods
KTC 100% Pure Coconut Oil,KTC 100% Pure Coconut Oil250ml,£2,80p per 100ml,,world-foods
KTC 100% Pure Linseed Oil,KTC 100% Pure Linseed Oil250ml,£1.50,60p per 100ml,,world-foods
KTC Alphonso Mango Pulp,KTC Alphonso Mango Pulp850g,£2.10,£2.47 per kg,"Offer price £2.10, was £2.50",world-foods
KTC Amla Hair Oil ,KTC Amla Hair Oil 165ml,£1.25,75.8p per 100ml,,world-foods
KTC Blackeye Beans In Salted Water,KTC Blackeye Beans In Salted Water240g,65p,£2.71 per kg,,world-foods
KTC Blended Pomace Oil,KTC Blended Pomace Oil1L,£3.20,32p per 100ml,"Offer price £3.20, was £3.25",world-foods
KTC Brown Chana In Salted Water,KTC Brown Chana In Salted Water240g,65p,£2.71 per kg,,world-foods
KTC Brown Lentils ,KTC Brown Lentils 1kg,£2,£2.00 per kg,,world-foods
KTC Butter Beans In Salted Water ,KTC Butter Beans In Salted Water 240g,65p,£2.71 per kg,,world-foods
KTC Chambeli Hair Oil ,KTC Chambeli Hair Oil 165ml,£1.25,75.8p per 100ml,,world-foods
KTC Chana Dal,KTC Chana Dal1kg,£2,£2.00 per kg,,world-foods
KTC Chicken Fry Mix,KTC Chicken Fry Mix300g,£2.19,7.3p per 10g,,world-foods
KTC Chick Peas,KTC Chick Peas1kg,£2,£2.00 per kg,,world-foods
KTC Chick Peas In Salted Water ,KTC Chick Peas In Salted Water 240g,65p,£2.71 per kg,Buy 4 for £2,world-foods
KTC Chilli Beans In Spicy Sauce ,KTC Chilli Beans In Spicy Sauce 240g,65p,£2.71 per kg,,world-foods
KTC Chopped Tomatoes,KTC Chopped Tomatoes400g,65p,16.3p per 100g,Buy 4 for £2,world-foods
KTC Coconut Oil      ,KTC Coconut Oil      500ml,£3.49,69.8p per 100ml,,world-foods
KTC Crispy Fried Onions,KTC Crispy Fried Onions400g,£1.45,£3.63 per kg,"Offer price £1.45, was £1.49",world-foods
KTC Fine Cornmeal,KTC Fine Cornmeal375g,85p,£2.27 per kg,,world-foods
KTC Fine Semolina,KTC Fine Semolina375g,80p,£2.13 per kg,"Offer price 80p, was 99p",world-foods
KTC Green Lentils,KTC Green Lentils1kg,£2,£2.00 per kg,,world-foods
KTC Ground Rice,KTC Ground Rice500g,80p,£1.60 per kg,"Offer price 80p, was 89p",world-foods
KTC Hot & Spicy Chicken Mix,KTC Hot & Spicy Chicken Mix300g,£2,6.7p per 10g,"Offer price £2, was £2.09",world-foods
Ktc Hot & Spicy Chicken Mix ,Ktc Hot & Spicy Chicken Mix 700g,£3.50,50p per 100g,"Offer price £3.50, was £3.99",world-foods
KTC Jasmine Hair Oil,KTC Jasmine Hair Oil250ml,£2,80p per 100ml,,world-foods
KTC Kesar Mango Pulp,KTC Kesar Mango Pulp850g,£2.25,£2.64 per kg,"Offer price £2.25, was £2.85",world-foods
KTC Kewra Water      ,KTC Kewra Water      190ml,90p,47.3p per 100ml,"Offer price 90p, was £1",world-foods
KTC Lemon Juice,KTC Lemon Juice250ml,70p,28p per 100ml,"Offer price 70p, was 75p",world-foods
KTC Lemon Juice,KTC Lemon Juice1L,£1.90,19p per 100ml,"Offer price £1.90, was £2",world-foods
KTC Lime Juice,KTC Lime Juice200ml,70p,35p per 100ml,"Offer price 70p, was 75p",world-foods
KTC Minced Garlic Paste,KTC Minced Garlic Paste210g,£1.35,64.3p per 100g,,world-foods
KTC Minced Ginger & Garlic Paste ,KTC Minced Ginger & Garlic Paste 210g,£1.35,64.3p per 100g,,world-foods
KTC Minced Ginger Paste,KTC Minced Ginger Paste210g,£1.45,69p per 100g,,world-foods
KTC Mung Beans,KTC Mung Beans1kg,£2,£2.00 per kg,,world-foods
KTC Mung Dal Yellow,KTC Mung Dal Yellow1kg,£2,£2.00 per kg,,world-foods
KTC Original Chicken Mix,KTC Original Chicken Mix700g,£3.50,50p per 100g,"Offer price £3.50, was £3.99",world-foods
KTC Peri Peri Chicken Fry Mix,KTC Peri Peri Chicken Fry Mix700g,£3.50,50p per 100g,"Offer price £3.50, was £3.99",world-foods
KTC Plum Peeled Tomatoes,KTC Plum Peeled Tomatoes400g,65p,16.3p per 100g,Buy 4 for £2,world-foods
KTC Pure Butter Ghee,KTC Pure Butter Ghee500g,£4.50,£9.00 per kg,"Offer price £4.50, was £5",world-foods
KTC Pure Corn Oil    ,KTC Pure Corn Oil    1L,£2.95,29.5p per 100ml,"Offer price £2.95, was £2.99",world-foods
KTC Rapeseed Oil,KTC Rapeseed Oil1L,£3.45,34.5p per 100ml,"Offer price £3.45, was £3.50",world-foods
Ktc Rapeseed Oil,Ktc Rapeseed Oil3L,£8.45,£2.81 per litre,"Offer price £8.45, was £8.50",world-foods
KTC Red Kidney Beans,KTC Red Kidney Beans1kg,£2,£2.00 per kg,,world-foods
KTC Red Lentils,KTC Red Lentils1kg,£2,£2.00 per kg,,world-foods
KTC Rice Flour,KTC Rice Flour500g,80p,£1.60 per kg,"Offer price 80p, was 89p",world-foods
KTC Rosecoco Beans In Salted Water,KTC Rosecoco Beans In Salted Water240g,65p,£2.71 per kg,,world-foods
KTC Rose Water,KTC Rose Water190ml,£1.25,65.8p per 100ml,"Offer price £1.25, was £1.35",world-foods
KTC Spinach Puree In Salted Water,KTC Spinach Puree In Salted Water795g,£1.35,£1.70 per kg,,world-foods
KTC Superfine Gram Flour,KTC Superfine Gram Flour2kg,£2.50,£1.25 per kg,"Offer price £2.50, was £2.99",world-foods
KTC Superfine Gram Flour       ,KTC Superfine Gram Flour       1kg,£1.35,£1.35 per kg,,world-foods
KTC Taj Mahal Best Ghee,KTC Taj Mahal Best Ghee1kg,£2.85,28.5p per 100g,"Offer price £2.85, was £2.90",world-foods
KTC Vermicelli,KTC Vermicelli200g,69p,£3.45 per kg,,world-foods
KTC White Kidney Beans In Salted Water,KTC White Kidney Beans In Salted Water240g,65p,£2.71 per kg,,world-foods
Kubus Banana & Apple Mousse,Kubus Banana & Apple Mousse100g,75p,75p per 100g,,world-foods
Kubus Banana & Apple Mousse,Kubus Banana & Apple Mousse100g,85p,85p per 100g,,world-foods
Kucharek Vegetable Seasoning,Kucharek Vegetable Seasoning200g,70p,3.5p per 10g,"Offer price 70p, was 85p",world-foods
Kuchnia Polska Pickled Cucumbers,Kuchnia Polska Pickled Cucumbers700g,£1.95,27.9p per 100g,"Offer price £1.95, was £2.45",world-foods
Kvuzat Yavne Cucumbers In Brine,Kvuzat Yavne Cucumbers In Brine560g,£1.35,24.1p per 100g,,world-foods
Kvuzat Yavne Cucumbers In Brine ,Kvuzat Yavne Cucumbers In Brine 560g,£1.99,35.5p per 100g,,world-foods
La Festa Cappachino,La Festa Cappachino100g,95p,95p per 100g,,world-foods
Laila Basmati Gluten Free Rice,Laila Basmati Gluten Free Rice10kg,£16.25,£1.63 per kg,,world-foods
Laila Basmati Rice ,Laila Basmati Rice 5kg,£8.49,£1.70 per kg,,world-foods
Laila Brown Basmati Rice,Laila Brown Basmati Rice2kg,£5.25,£2.63 per kg,,world-foods
Laila Chilli & Garlic Sauce,Laila Chilli & Garlic Sauce1L,£1.70,17p per 100ml,Buy 2 for £3,world-foods
Laila Easy Cook Long Grain Rice,Laila Easy Cook Long Grain Rice2kg,£3,£1.50 per kg,,world-foods
Laila Gold Basmati Rice,Laila Gold Basmati Rice10kg,£14.50,£1.45 per kg,,world-foods
Laila Piri Piri Sauce,Laila Piri Piri Sauce1L,£1.70,£1.70 per litre,Buy 2 for £3,world-foods
Laila Pudding Rice,Laila Pudding Rice2kg,£3,£1.50 per kg,,world-foods
Laila Sweet Chilli Sauce,Laila Sweet Chilli Sauce1000ml,£1.70,17p per 100ml,Buy 2 for £3,world-foods
Lajkonik Paluszki Salty Sticks ,Lajkonik Paluszki Salty Sticks 200g,99p,49.5p per 100g,,world-foods
Lajkonik Precelki Chrupkie,Lajkonik Precelki Chrupkie130g,£1,76.9p per 100g,,world-foods
Lancashire Farm Greek Style Natural Yogurt ,Lancashire Farm Greek Style Natural Yogurt 1kg,£2.50,25p per 100g,"Offer price £2.50, was £2.75",world-foods
Lancashire Farm Natural Bio Yogurt,Lancashire Farm Natural Bio Yogurt1kg,£2.15,21.5p per 100g,,world-foods
Landana Extra Mature Gouda ,Landana Extra Mature Gouda 180g,£3.75,£2.08 per 100g,,world-foods
Lays Barbeque Crisps,Lays Barbeque Crisps150g,£1.95,£1.30 per 100g,,world-foods
Lays Mushroom and Sour Cream ,Lays Mushroom and Sour Cream 150g,£1.95,£1.30 per 100g,,world-foods
Lazzat Gajar Halva Mix,Lazzat Gajar Halva Mix150g,£1.15,76.7p per 100g,,world-foods
Lee Kum Kee Black Bean Garlic Sauce,Lee Kum Kee Black Bean Garlic Sauce205g,£1.90,92.7p per 100g,,world-foods
Lee Kum Kee Char Siu Sauce,Lee Kum Kee Char Siu Sauce225g,£1.90,84.4p per 100g,,world-foods
Lee Kum Kee Chilli Bean Sauce,Lee Kum Kee Chilli Bean Sauce195g,£1.90,97.4p per 100g,,world-foods
Lee Kum Kee Chilli Garlic Sauce,Lee Kum Kee Chilli Garlic Sauce190g,£1.90,£1.00 per 100g,,world-foods
Lee Kum Kee Chiu Chow Chilli Oil,Lee Kum Kee Chiu Chow Chilli Oil170g,£3,£1.76 per 100g,,world-foods
Lee Kum Kee Hoisin Sauce,Lee Kum Kee Hoisin Sauce210g,£2.09,99.5p per 100g,,world-foods
Lee Kum Kee Plum Sauce,Lee Kum Kee Plum Sauce220g,£1.90,86.4p per 100g,,world-foods
Lee Kum Kee Premium Dark Soy Sauce,Lee Kum Kee Premium Dark Soy Sauce150ml,£1.49,99.3p per 100ml,,world-foods
Lee Kum Kee Premium Light Soy Sauce,Lee Kum Kee Premium Light Soy Sauce150ml,£1.49,99.3p per 100ml,,world-foods
Lee Kum Kee Premium Light Soy Sauce,Lee Kum Kee Premium Light Soy Sauce250ml,£1.75,70p per 100ml,,world-foods
Lee Kum Kee Teriyaki Sauce,Lee Kum Kee Teriyaki Sauce200g,£1.90,95p per 100g,,world-foods
Le Phare Du Cap Harissa Chilli Paste ,Le Phare Du Cap Harissa Chilli Paste 70g,99p,£1.41 per 100g,,world-foods
Liebers Rice Cakes With Sea Salt,Liebers Rice Cakes With Sea Salt90g,£1.59,£1.77 per 100g,,world-foods
Lisner Herrings In Cream Sauce   ,Lisner Herrings In Cream Sauce   280g,£1.85,£6.61 per kg,,world-foods
Love Corn Sea Salt Crunchy Corn Snack ,Love Corn Sea Salt Crunchy Corn Snack 115g,£1.60,£1.39 per 100g,,world-foods
Love Corn Smoked BBQ Crunchy Corn Snack,Love Corn Smoked BBQ Crunchy Corn Snack115g,£1.60,£1.39 per 100g,,world-foods
Lowicz Raspberry Syrup,Lowicz Raspberry Syrup400ml,£1.65,41.3p per 100ml,,world-foods
Lowicz Strawberry Syrup,Lowicz Strawberry Syrup400ml,£1.60,40p per 100ml,,world-foods
Lowicz Twarog Half Fat Curd Cheese ,Lowicz Twarog Half Fat Curd Cheese 250g,£1.25,£5.00 per kg,"Offer price £1.25, was £1.35",world-foods
Lubella Baking Flour,Lubella Baking Flour1kg,£1.20,£1.20 per kg,"Offer price £1.20, was £1.50",world-foods
Lubella Domowa Jajeczna Krajaneczka,Lubella Domowa Jajeczna Krajaneczka250g,99p,£3.96 per kg,,world-foods
Lubella Poznanska Flour ,Lubella Poznanska Flour 1kg,£1.20,£1.20 per kg,"Offer price £1.20, was £1.50",world-foods
Lurpak Lighter Slightly Salted Spreadable,Lurpak Lighter Slightly Salted Spreadable500g,£4,£8.00 per kg,"Offer price £4, was £4.99",world-foods
Lurpak Lighter Slightly Salted Spreadable,Lurpak Lighter Slightly Salted Spreadable250g,£2.99,£11.96 per kg,,world-foods
Lurpak Slightly Salted Spreadable,Lurpak Slightly Salted Spreadable250g,£2.99,£11.96 per kg,,world-foods
Lurpak Unsalted Spreadable,Lurpak Unsalted Spreadable500g,£4,£8.00 per kg,"Offer price £4, was £4.99",world-foods
Lyle's Black Treacle,Lyle's Black Treacle454g,£1.75,38.5p per 100g,,world-foods
Lyle's Golden Syrup,Lyle's Golden Syrup454g,£1.75,38.5p per 100g,,world-foods
Lyle's Golden Syrup,Lyle's Golden Syrup907g,£2.50,27.6p per 100g,,world-foods
Mackays Three Fruit Marmalade,Mackays Three Fruit Marmalade340g,£1.30,38.2p per 100g,,world-foods
Mackerel Fillets in Tomato Sauce,Mackerel Fillets in Tomato Sauce170g,£1.55,91.2p per 100g,,world-foods
Madej Sausage From Barrel,Madej Sausage From Barrel500g,£4,80p per 100g,,world-foods
Madina Ajwa Dates ,Madina Ajwa Dates 200g,£3,£1.50 per 100g,,world-foods
Madina Ajwa Dates Jumbo Gift Box,Madina Ajwa Dates Jumbo Gift Box300g,£6.50,£21.67 per kg,,world-foods
Madina Palestine Medjoul Dates,Madina Palestine Medjoul Dates,£4.50,,,world-foods
Madina Safawy Dates ,Madina Safawy Dates 400g,£3,75p per 100g,,world-foods
Madina Suquey Dates ,Madina Suquey Dates 400g,£3.50,87.5p per 100g,,world-foods
Maggi 2 Minute Chicken Flavour Noodles ,Maggi 2 Minute Chicken Flavour Noodles 75g,55p,73.3p per 100g,Buy 3 for £1.20,world-foods
Maggi 2 Minute Curry Noodles,Maggi 2 Minute Curry Noodles79g,55p,£6.96 per kg,Buy 3 for £1.20,world-foods
Maggi 2 Minute Spicy Masala Noodles,Maggi 2 Minute Spicy Masala Noodles70g,55p,£7.86 per kg,Buy 3 for £1.20,world-foods
Maggi Authentic Indian Hot & Sweet Sauce ,Maggi Authentic Indian Hot & Sweet Sauce 400g,£1.75,43.8p per 100g,"Offer price £1.75, was £2.25",world-foods
Maggi Authentic Indian Tamarind Sauce,Maggi Authentic Indian Tamarind Sauce425g,£1.75,41.1p per 100g,"Offer price £1.75, was £2.25",world-foods
Maggi Authentic Malaysian Chilli Sauce With Garlic ,Maggi Authentic Malaysian Chi...305g,£1.75,57.4p per 100g,"Offer price £1.75, was £2.25",world-foods
Maggi Chilli Extra Hot Sauce,Maggi Chilli Extra Hot Sauce320g,£1.75,54.7p per 100g,"Offer price £1.75, was £2",world-foods
Maggi Coconut Milk Powder Mix,Maggi Coconut Milk Powder Mix150g,£2,£1.33 per 100g,,world-foods
Maggi Hot & Sweet Sauce,Maggi Hot & Sweet Sauce400g,£1,25p per 100g,"Offer price £1, was £1.25",world-foods
Maggi Hot Liquid Seasoning,Maggi Hot Liquid Seasoning100ml,£1.20,£1.20 per 100ml,,world-foods
Malay Nasi Goreng Kit ,Malay Nasi Goreng Kit 165g,£2,£1.21 per 100g,,world-foods
Malay Taste Laksa Kit ,Malay Taste Laksa Kit 220g,£2,90.9p per 100g,,world-foods
Mama Hot & Spicy Noodles,Mama Hot & Spicy Noodles90g,99p,£1.10 per 100g,,world-foods
Mama Mi Goreng Noodles ,Mama Mi Goreng Noodles 80g,99p,£1.24 per 100g,,world-foods
McCain Microwave Quick Chips Straight Cut,McCain Microwave Quick Chips Straight Cut4 x 100g,£2.79,£6.98 per kg,Buy 2 for £4,world-foods
McCain Potato Smiles,McCain Potato Smiles454g,£1.50,£3.31 per kg,"Offer price £1.50, was £2.25",world-foods
McCain Quick Cook French Fries,McCain Quick Cook French Fries750g,£3.19,£4.25 per kg,,world-foods
McCain Slow Baked Jacket Potatoes,McCain Slow Baked Jacket Potatoes4 x 200g,£2.69,£3.36 per kg,,world-foods
McCann's Irish Rich Barm Brack  ,McCann's Irish Rich Barm Brack  553g,£3.25,58.8p per 100g,,world-foods
McDonnells The Original Curry Sauce,McDonnells The Original Curry Sauce250g,£3.50,£1.40 per 100g,,world-foods
Mekong Rice Vermicelli,Mekong Rice Vermicelli400g,£2.19,£5.48 per kg,,world-foods
Melis Hot Pepper Pickle (720ml),Melis Hot Pepper Pickle (720ml)400ml,£2.50,62.5p per 100ml,,world-foods
Melis Pickled Gherkins (720ml),Melis Pickled Gherkins (720ml)680g,£1.59,23.4p per 100g,,world-foods
Mentos Fruit Sweets,Mentos Fruit Sweets37.5g,89p,£2.37 per 100g,,world-foods
Mentos Strawberry Sweets,Mentos Strawberry Sweets37.5g,75p,£2.00 per 100g,,world-foods
Merchant Gourmet Dried Porcini Mushrooms,Merchant Gourmet Dried Porcini Mushrooms30g,£2.50,83.3p per 10g,,world-foods
Merchant Gourmet Mixed Mushrooms Simply Dried,Merchant Gourmet Mixed Mushrooms Simply Dried30g,£2.50,83.3p per 10g,,world-foods
Mighty Sesame Co. Fine Sesame Tahini 310G,Mighty Sesame Co. Fine Sesame Tahini 310G310g,£3.99,£1.29 per 100g,,world-foods
Milka Bubbly White Chocolate Bar ,Milka Bubbly White Chocolate Bar 95g,£1.09,£1.15 per 100g,,world-foods
Miracle Peanut Punch Flavoured Milk Drink ,Miracle Peanut Punch Flavoured Milk Drink 240ml,£1.29,53.8p per 100ml,,world-foods
Mlekovita Butter,Mlekovita Butter200g,£2.75,£13.75 per kg,,world-foods
Mlekovita Gouda Natural Slices,Mlekovita Gouda Natural Slices150g,£1.45,96.7p per 100g,,world-foods
Mlekovita Sokol Cheese,Mlekovita Sokol Cheese150g,£1.49,£9.93 per kg,,world-foods
Mlekpol Gouda Slices,Mlekpol Gouda Slices150g,£1.49,£9.93 per kg,,world-foods
Mlekpol Maslanka Buttermilk ,Mlekpol Maslanka Buttermilk 1L,£1.69,£1.69 per litre,,world-foods
Mlekpol Mazurski Smak Full - Fat Curd Cheese,Mlekpol Mazurski Smak Full - Fat Curd Cheese275g,£1.49,£5.42 per kg,,world-foods
Mlekpol Mazurski Smak Twarog Semi-Fat Curd Cheese,Mlekpol Mazurski Smak Twaro...275g,£1.49,£5.42 per kg,,world-foods
Morliny Berlinki,Morliny Berlinki250g,£1.59,63.6p per 100g,,world-foods
Morliny Berlinki Classic Hotdogs,Morliny Berlinki Classic Hotdogs250g,£1.59,63.6p per 100g,,world-foods
Morliny Berlinki Jalapeno,Morliny Berlinki Jalapeno250g,£1.29,51.6p per 100g,,world-foods
Morliny Berlinki Pepperoni,Morliny Berlinki Pepperoni250g,£1.29,51.6p per 100g,,world-foods
Morliny Cooked and Coarse Poultry Sausage,Morliny Cooked and Coarse Poultry Sausage360g,£2.75,76.4p per 100g,,world-foods
Morliny Frankfurters,Morliny Frankfurters350g,£2.49,71.1p per 100g,,world-foods
Morliny Polish Bacon,Morliny Polish Bacon400g,£3.99,99.8p per 100g,,world-foods
Morliny Polish Berlinki Z Kurczat,Morliny Polish Berlinki Z Kurczat250g,£1.59,63.6p per 100g,,world-foods
Morliny Polish Roast Chicken Fillet,Morliny Polish Roast Chicken Fillet100g,£1.29,£1.29 per 100g,,world-foods
Morliny Polish Smoked Farmer's Sausage Wiejska,Morliny Polish Smoked Farmer's Sausage Wiejska100g,£1.29,£1.29 per 100g,,world-foods
Morliny Sliced Zywiecka Sausage ,Morliny Sliced Zywiecka Sausage 90g,£1.29,£1.43 per 100g,,world-foods
Morliny Sopocka ,Morliny Sopocka 100g,£1.29,£1.29 per 100g,,world-foods
Morrisons Lemongrass ,Morrisons Lemongrass 2 per pack,75p,37.5p each,,world-foods
Morrisons Scotch Bonnet Chillies ,Morrisons Scotch Bonnet Chillies 50g,99p,£19.80 per kg,,world-foods
Mother Africa Pepper Soup Mix,Mother Africa Pepper Soup Mix80g,£2,£2.50 per 100g,,world-foods
Najma Bear Halal Delicious Turkey Slices ,Najma Bear Halal Delicious Turkey Slices 90g,£1.49,£1.66 per 100g,,world-foods
Najma Chicken Slices With Herbs,Najma Chicken Slices With Herbs150g,£2.59,£1.73 per 100g,,world-foods
Najma Lincolnshire Style Turkey Sausages,Najma Lincolnshire Style Turkey Sausages,£3.45,,,world-foods
Najma Mini Chicken Sausages,Najma Mini Chicken Sausages,£2.29,,,world-foods
Najma Roasted Turkey Slices,Najma Roasted Turkey Slices150g,£2.49,£1.66 per 100g,,world-foods
Najma Sliced Spanish Tapas Selection,Najma Sliced Spanish Tapas Selection120g,£2.49,£2.08 per 100g,,world-foods
Najma Sliced Turkey Salami Slices,Najma Sliced Turkey Salami Slices80g,£1.69,£2.11 per 100g,,world-foods
Najma Smoked Turkey Rashers ,Najma Smoked Turkey Rashers 150g,£2.59,£1.73 per 100g,,world-foods
Najma Spicy Breaded Chicken Fillets ,Najma Spicy Breaded Chicken Fillets 300g,£3.79,£1.26 per 100g,,world-foods
Najma Spicy Breaded Chicken Wings ,Najma Spicy Breaded Chicken Wings 320g,£3.45,£1.08 per 100g,,world-foods
Najma Wafer Thin Turkey Slices,Najma Wafer Thin Turkey Slices125g,£2.59,£2.07 per 100g,,world-foods
Najma Wafer Thin Turkey Slices With Herbs,Najma Wafer Thin Turkey Slices With Herbs125g,£2.59,£2.07 per 100g,,world-foods
Najma Za'Atar Chicken Slices ,Najma Za'Atar Chicken Slices 130g,£2.25,£1.73 per 100g,,world-foods
Nash's Red Lemonade     ,Nash's Red Lemonade     1.5L,£1.40,9.3p per 100ml,,world-foods
Nature Valley Crunchy Canadian Maple Syrup Cereal Bars,Nature Valley Crunchy Canadian...5 x 42g,£1.50,71.3p per 100g,"Offer price £1.50, was £2.40",world-foods
Nature Valley Crunchy Variety Cereal Bars,Nature Valley Crunchy Variety Cereal Bars5 x 42g,£1.50,71.3p per 100g,"Offer price £1.50, was £2.40",world-foods
Nem Viet Pho Kit ,Nem Viet Pho Kit 157g,£2.50,£1.59 per 100g,,world-foods
Nem Viet Vietnamese Spring Roll Kit,Nem Viet Vietnamese Spring Roll Kit200g,£2.50,£1.25 per 100g,,world-foods
Nerds Grape & Strawberry,Nerds Grape & Strawberry46.7g,£1,£2.14 per 100g,,world-foods
Nerds Rainbow Theatre Box,Nerds Rainbow Theatre Box141g,£2.49,£1.77 per 100g,,world-foods
Nerds Watermelon & Cherry,Nerds Watermelon & Cherry46.7g,£1,£2.14 per 100g,,world-foods
Nestle Nido Milk Powder ,Nestle Nido Milk Powder 400g,£5.70,£1.43 per 100g,,world-foods
Niru Coconut Milk,Niru Coconut Milk400ml,£1.15,28.8p per 100ml,,world-foods
Nissin Demae Ramen Beef Noodles ,Nissin Demae Ramen Beef Noodles 100g,65p,£6.50 per kg,,world-foods
Nissin Demae Ramen Chicken Noodles ,Nissin Demae Ramen Chicken Noodles 100g,65p,£6.50 per kg,,world-foods
Nissin Yakisoba Chili Noodles,Nissin Yakisoba Chili Noodles111g,£1.25,£11.26 per kg,"Offer price £1.25, was £1.49",world-foods
Nissin Yakisoba Classic Noodles,Nissin Yakisoba Classic Noodles109g,£1.25,£11.47 per kg,"Offer price £1.25, was £1.49",world-foods
Nong Shim Big Bowl Spicy Shin Noodle Soup,Nong Shim Big Bowl Spicy Shin Noodle Soup114g,£1.75,£15.35 per kg,,world-foods
Nong Shim Champong Ramyun ,Nong Shim Champong Ramyun 124g,99p,£7.98 per kg,,world-foods
Nongshim Kimchi Ramyun ,Nongshim Kimchi Ramyun 120g,£1,£8.33 per kg,,world-foods
Nongshim Shin Ramyun Noodle Soup,Nongshim Shin Ramyun Noodle Soup120g,£1,£8.33 per kg,,world-foods
Nong Shim Shrimp Flavoured Cracker,Nong Shim Shrimp Flavoured Cracker75g,99p,£1.32 per 100g,,world-foods
Nong Shim Spicy Shin Cup Noodle Soup,Nong Shim Spicy Shin Cup Noodle Soup68g,£1.19,£1.75 per 100g,,world-foods
Num Num Chicken Cup Noodle ,Num Num Chicken Cup Noodle 65g,£1,£1.54 per 100g,,world-foods
Num Num Curry Cup Noodle ,Num Num Curry Cup Noodle 65g,£1,£1.54 per 100g,,world-foods
Num Num Hokkien Satay Noodles,Num Num Hokkien Satay Noodles65g,£1.95,£3.00 per 100g,,world-foods
Num Num Spicybeef Cup Noodle,Num Num Spicybeef Cup Noodle65g,£1,£1.54 per 100g,,world-foods
Odlums Irish Brown Soda Bread Mix,Odlums Irish Brown Soda Bread Mix1kg,£1.90,£1.90 per kg,,world-foods
Of Tov Chicken Schnitzel,Of Tov Chicken Schnitzel600g,£8,£1.33 per 100g,,world-foods
O'Kane Squeezy Honey,O'Kane Squeezy Honey340g,£2.29,67.4p per 100g,,world-foods
Old Jamaica Diet Ginger Beer,Old Jamaica Diet Ginger Beer1.5L,£1.65,11p per 100ml,,world-foods
Old Jamaica Ginger Beer,Old Jamaica Ginger Beer1.5L,£1.65,11p per 100ml,,world-foods
Old Jamaica Light Ginger Beer,Old Jamaica Light Ginger Beer330ml,59p,17.9p per 100ml,,world-foods
Old Time Thin Cut Irish Marmelade,Old Time Thin Cut Irish Marmelade454g,£2,44.1p per 100g,,world-foods
One Love Vegan Caribbean Fruit Cake Slices,One Love Vegan Caribbea...90g,£1,£1.11 per 100g,,world-foods
Ors Olive Oil 2-N-1 Shine Mist & Heat Defense With Grapeseed Oil,Ors Olive Oil 2-N-1 Shine Mist & Heat...136ml,£6,£4.41 per 100ml,,world-foods
Ors Olive Oil Glossing Hair Polisher With Pequi Oil ,Ors Olive Oil Glossing Hair Polisher With Pequi Oil 177ml,£6.50,£3.67 per 100ml,,world-foods
Ors Olive Oil Nourishing Exotic Scalp Oil With Babassu Oil,Ors Olive Oil Nourishing Exotic S...127ml,£5.50,£4.33 per 100ml,,world-foods
Ors Touch-Up No-Lye Hair Relaxer Kit,Ors Touch-Up No-Lye Hair Relaxer Kit,£3.50,,,world-foods
Osem Bamba Peanut Butter Puffs ,Osem Bamba Peanut Butter Puffs 100g,£1.49,£1.49 per 100g,,world-foods
Osem Chicken Flavour Noodle Soup,Osem Chicken Flavour Noodle Soup53g,£1.39,£2.62 per 100g,,world-foods
Osem Chicken Flavour Soup & Seasoning Mix  ,Osem Chicken Flavour Soup & Seasoning Mix  400g,£3.29,82.3p per 100g,,world-foods
Osem Cream Crackers   ,Osem Cream Crackers   250g,£1.49,59.6p per 100g,,world-foods
Osem Falafel Mix,Osem Falafel Mix180g,£2.15,£1.19 per 100g,,world-foods
Osem Israeli Cous Cous ,Osem Israeli Cous Cous 250g,£1.19,£4.76 per kg,,world-foods
Osem Mini Croutons    ,Osem Mini Croutons    400g,£2.49,62.3p per 100g,,world-foods
Osem Onion Soup & Seasoning Mix,Osem Onion Soup & Seasoning Mix400g,£4.30,£1.08 per 100g,,world-foods
Osem Petit Beurre Classic Biscuit ,Osem Petit Beurre Classic Biscuit 250g,£1.35,54p per 100g,,world-foods
Osem Quick Jelly Strawberry Desert Mix,Osem Quick Jelly Strawberry Desert Mix90g,£1.19,£1.32 per 100g,,world-foods
Osem Salted Pretzel Sticks ,Osem Salted Pretzel Sticks 400g,£2.89,72.3p per 100g,,world-foods
Osem Salted Pretzel Twists   ,Osem Salted Pretzel Twists   400g,£3.19,79.8p per 100g,,world-foods
Oshee Vitamin Cocktail,Oshee Vitamin Cocktail250ml,60p,24p per 100ml,,world-foods
Oshee Vitamin Detox & Herbal Water,Oshee Vitamin Detox & Herbal Water555ml,£1.19,21.4p per 100ml,,world-foods
Oshee Vitamin Energy Drink ,Oshee Vitamin Energy Drink 250ml,60p,24p per 100ml,,world-foods
Oshee Vitamin Recovery Drink,Oshee Vitamin Recovery Drink250ml,60p,24p per 100ml,,world-foods
Oshee Vitamins & Minerals Energy Drink,Oshee Vitamins & Minerals Energy Drink250ml,50p,20p per 100ml,"Offer price 50p, was 60p",world-foods
Osu Apple Cider Vinegar With Blueberry And Pomegranate,Osu Apple Cider Vinegar With Bl...500ml,£7.49,£1.50 per 100ml,,world-foods
Osu Original Apple Cider Vinegar,Osu Original Apple Cider Vinegar500ml,£7.49,£1.50 per 100ml,,world-foods
Pakeeza Ayran Lassi Natural Yogurt Drink,Pakeeza Ayran Lassi Natural Yogurt Drink1kg,£2.24,£2.24 per kg,"Offer price £2.24, was £2.49",world-foods
Pakeeza Exotic Mango Lassi Yogurt Drink ,Pakeeza Exotic Mango Lassi Yogurt Drink 1kg,£3.19,31.9p per 100g,"Offer price £3.19, was £3.49",world-foods
Pakeeza Live Set Natural Yogurt,Pakeeza Live Set Natural Yogurt425g,99p,23.3p per 100g,,world-foods
Pakeeza Live Set Natural Yogurt,Pakeeza Live Set Natural Yogurt900g,£1.99,22.1p per 100g,,world-foods
Pakeeza Mango Lassi ,Pakeeza Mango Lassi 330ml,£1.29,39.1p per 100ml,"Offer price £1.29, was £1.50",world-foods
Pakeeza Paneer ,Pakeeza Paneer 226g,£2,88.5p per 100g,,world-foods
Pakeeza Passionfruit Lassi,Pakeeza Passionfruit Lassi330ml,£1.29,39.1p per 100ml,"Offer price £1.29, was £1.50",world-foods
Palmer's Coconut Oil Formula Leave In Conditioner,Palmer's Coconut Oil Formul...250ml,£6.29,£2.52 per 100ml,,world-foods
Palmer's Coconut Oil Formula Moisture Boost Conditioner,Palmer's Coconut Oil Formula Mo...400ml,£5,£1.25 per 100ml,,world-foods
Palmer's Olive Oil Formula Shine Therapy Conditioner,Palmer's Olive Oil Formula Shine Therapy Conditioner400ml,£5,£1.25 per 100ml,,world-foods
Palmer's Olive Oil Formula Shine Therapy Shampoo,Palmer's Olive Oil Formula Shine Therapy Shampoo400ml,£4.50,£1.13 per 100ml,,world-foods
Palwin No 10 Menorah Wine,Palwin No 10 Menorah Wine75cl,£11,£11.00 per 75cl,,world-foods
Paskesz Cola Sour Sticks ,Paskesz Cola Sour Sticks 50g,£1.19,£2.38 per 100g,,world-foods
Paskesz Melba Toast Original,Paskesz Melba Toast Original200g,£2.80,£1.40 per 100g,,world-foods
Paskesz Strawberry Sour Sticks,Paskesz Strawberry Sour Sticks50g,£1.19,£2.38 per 100g,,world-foods
Peacocks Ramadan Gift Bag,Peacocks Ramadan Gift Bag,£4,,,world-foods
Peppadew Mild Sweet Piquante Peppers,Peppadew Mild Sweet Piquante Peppers400g,£3.25,81.3p per 100g,,world-foods
Piatnica Smietana Soured Cream,Piatnica Smietana Soured Cream400g,£1.49,37.3p per 100g,,world-foods
Polish Special Cucumber,Polish Special Cucumber800g,£2.19,27.4p per 100g,,world-foods
Polish Speciality Sauerkraut With Carrot,Polish Speciality Sauerkraut With Carrot820g,£1.89,£2.30 per kg,,world-foods
Pop Rocks Tutti Frutti Popping Gum,Pop Rocks Tutti Frutti Popping Gum7g,49p,£7.00 per 100g,,world-foods
Port Royal Jamaican Beef & Cheese Patty,Port Royal Jamaican Beef & Cheese Patty140g,£1.09,77.9p per 100g,,world-foods
Port Royal Jamaican Beef Patty,Port Royal Jamaican Beef Patty140g,£1.09,77.9p per 100g,,world-foods
Port Royal Jamaican Chicken Patty,Port Royal Jamaican Chicken Patty140g,£1.09,77.9p per 100g,,world-foods
Port Royal Jamaican Jerk Chicken Patty,Port Royal Jamaican Jerk Chicken Patty140g,£1.09,77.9p per 100g,,world-foods
Port Royal Jamaican Lamb Patty,Port Royal Jamaican Lamb Patty140g,£1.09,77.9p per 100g,,world-foods
Port Royal Jamaican Saltfish Patty ,Port Royal Jamaican Saltfish Patty 140g,£1.09,£7.79 per kg,,world-foods
Port Royal Jamaican Vegetable Patty,Port Royal Jamaican Vegetable Patty140g,£1.09,77.9p per 100g,,world-foods
Profi Chicken Pate,Profi Chicken Pate131g,79p,60.3p per 100g,,world-foods
Profi Poultry Pate With Mushrooms,Profi Poultry Pate With Mushrooms131g,75p,57.3p per 100g,,world-foods
Profi Poultry Tomato Pate,Profi Poultry Tomato Pate131g,79p,60.3p per 100g,,world-foods
Prymat Bay Leaves,Prymat Bay Leaves6g,35p,58.3p per 10g,,world-foods
Prymat Black Pepper,Prymat Black Pepper20g,35p,17.5p per 10g,,world-foods
Prymat Breadcrumbs,Prymat Breadcrumbs400g,£1,2.5p per 10g,,world-foods
Prymat Chicken Seasoning,Prymat Chicken Seasoning30g,35p,11.7p per 10g,,world-foods
Prymat Classic Mustard ,Prymat Classic Mustard 180g,65p,36.1p per 100g,,world-foods
Prymat Garlic Seasoning,Prymat Garlic Seasoning20g,35p,17.5p per 10g,,world-foods
Prymat Ground Sweet Paprika Seasoning,Prymat Ground Sweet Paprika Seasoning20g,35p,17.5p per 10g,,world-foods
Prymat Kebab Seasoning,Prymat Kebab Seasoning30g,35p,11.7p per 10g,,world-foods
Prymat Majeranek Suszony,Prymat Majeranek Suszony8g,35p,43.8p per 10g,,world-foods
Prymat Onion,Prymat Onion300g,£2.90,9.7p per 10g,,world-foods
Prymat Potato Seasoning,Prymat Potato Seasoning25g,35p,14p per 10g,,world-foods
Przysnacki Green Onion Snacks ,Przysnacki Green Onion Snacks 150g,£1.89,£1.26 per 100g,,world-foods
Przysnacki Prazynki O Smaku Bekon,Przysnacki Prazynki O Smaku Bekon120g,£1.89,£1.58 per 100g,,world-foods
Ptasie Mleczko Vanilla Marshmallow,Ptasie Mleczko Vanilla Marshmallow340g,£1.75,51.5p per 100g,,world-foods
Pudliszki Ketchup,Pudliszki Ketchup480g,£1.15,24p per 100g,,world-foods
Pudliszki Ketchup ,Pudliszki Ketchup 480g,£1.25,26p per 100g,,world-foods
Rajah All Purpose Seasoning,Rajah All Purpose Seasoning400g,£1.75,4.4p per 10g,"Offer price £1.75, was £1.99",world-foods
Rajah All Purpose Seasoning,Rajah All Purpose Seasoning100g,50p,5p per 10g,,world-foods
Rajah Bay Leaves,Rajah Bay Leaves10g,99p,99p per 10g,,world-foods
Rajah Black Mustard Seeds,Rajah Black Mustard Seeds100g,75p,75p per 100g,,world-foods
Rajah Cassia Bark,Rajah Cassia Bark50g,64p,12.8p per 10g,,world-foods
Rajah Chilli Powder,Rajah Chilli Powder100g,99p,9.9p per 10g,,world-foods
Rajah Coarse Black Pepper,Rajah Coarse Black Pepper100g,£1.49,14.9p per 10g,,world-foods
Rajah Crushed Red Chilli,Rajah Crushed Red Chilli200g,£1.49,7.5p per 10g,,world-foods
Rajah Dhaniya Ground Coriander,Rajah Dhaniya Ground Coriander100g,99p,9.9p per 10g,,world-foods
Rajah Dhaniya Whole Coriander Seeds,Rajah Dhaniya Whole Coriander Seeds50g,99p,£1.98 per 100g,,world-foods
Rajah Extra Hot Chilli Powder,Rajah Extra Hot Chilli Powder100g,99p,9.9p per 10g,,world-foods
Rajah Fennel,Rajah Fennel300g,£1.75,58.3p per 100g,,world-foods
Rajah Garam Masala,Rajah Garam Masala400g,£2.50,6.3p per 10g,,world-foods
Rajah Garam Masala ,Rajah Garam Masala 85g,99p,£1.16 per 100g,,world-foods
Rajah Garlic & Coriander Seasoning,Rajah Garlic & Coriander Seasoning100g,99p,9.9p per 10g,,world-foods
Rajah Garlic Powder,Rajah Garlic Powder100g,£1,10p per 10g,"Offer price £1, was £1.25",world-foods
Rajah Ground Dhaniya ,Rajah Ground Dhaniya 400g,£2.50,62.5p per 100g,,world-foods
Rajah Ground Ginger,Rajah Ground Ginger85g,99p,11.6p per 10g,,world-foods
Rajah Haldi Ground Turmeric,Rajah Haldi Ground Turmeric100g,99p,9.9p per 10g,,world-foods
Rajah Hot Madras Curry Powder,Rajah Hot Madras Curry Powder400g,£1.75,4.4p per 10g,"Offer price £1.75, was £1.99",world-foods
Rajah Hot Madras Curry Powder,Rajah Hot Madras Curry Powder100g,99p,9.9p per 10g,,world-foods
Rajah Jeera Ground Cumin,Rajah Jeera Ground Cumin100g,99p,9.9p per 10g,,world-foods
Rajah Jeera Whole Cumin Seeds,Rajah Jeera Whole Cumin Seeds400g,£2,5p per 10g,"Offer price £2, was £2.35",world-foods
Rajah Mild Madras Curry Powder,Rajah Mild Madras Curry Powder100g,99p,9.9p per 10g,,world-foods
Rajah Paprika,Rajah Paprika400g,£1.99,5p per 10g,,world-foods
Rajah Paprika Powder,Rajah Paprika Powder100g,99p,9.9p per 10g,,world-foods
Rajah Tandoori Masala,Rajah Tandoori Masala400g,£2,5p per 10g,"Offer price £2, was £2.35",world-foods
Rajah Tandoori Masala,Rajah Tandoori Masala100g,99p,9.9p per 10g,,world-foods
Rajah Whole Black Pepper,Rajah Whole Black Pepper100g,£1.49,14.9p per 10g,,world-foods
Rajah Whole Cloves,Rajah Whole Cloves200g,£4.30,£2.15 per 100g,,world-foods
Rajah Whole Dhaniya Coriander Seeds,Rajah Whole Dhaniya Coriander Seeds200g,90p,45p per 100g,,world-foods
Rajah Whole Fenugreek Seeds,Rajah Whole Fenugreek Seeds100g,99p,9.9p per 10g,,world-foods
Rajah Whole Green Cardomoms,Rajah Whole Green Cardomoms50g,£3,£6.00 per 100g,,world-foods
Rakusen's Chocolate Oaties,Rakusen's Chocolate Oaties200g,£3.25,£1.63 per 100g,,world-foods
Rakusen's Dark Chocolate Digestives,Rakusen's Dark Chocolate Digestives200g,£2.29,£1.15 per 100g,,world-foods
Rakusen's Matzos Flame Baked Cracker,Rakusen's Matzos Flame Baked Cracker200g,£1.65,82.5p per 100g,,world-foods
Rakusen's Mini Snackers Curry Crackers,Rakusen's Mini Snackers Curry Crackers85g,£1.99,£2.34 per 100g,,world-foods
Rakusen's Mini Snackers Garlic Crackers ,Rakusen's Mini Snackers Garlic Crackers 85g,£1.99,£2.34 per 100g,,world-foods
Rakusens Mini Snackers Herb & Onion Crackers,Rakusens Mini Snackers Herb & Onion Crackers85g,£1.99,£2.34 per 100g,,world-foods
Rakusen's Tea Matzos Flame Baked Crackers       ,Rakusen's Tea Matzos Flame Baked Crackers       150g,£1.39,92.7p per 100g,,world-foods
Red Vines Twists Original Red ,Red Vines Twists Original Red 141g,£2.50,£1.77 per 100g,,world-foods
Reese's Sticks Wafer Bar,Reese's Sticks Wafer Bar42g,80p,£1.91 per 100g,"Offer price 80p, was £1.10",world-foods
Reese's White Peanut Butter Cups,Reese's White Peanut Butter Cups42g,£1,£2.38 per 100g,"Offer price £1, was £1.35",world-foods
Reese's XL Peanut Butter Bar,Reese's XL Peanut Butter Bar120g,£1.90,£1.58 per 100g,"Offer price £1.90, was £2.20",world-foods
Regal Angel Cake Slices,Regal Angel Cake Slices5 per pack,£1.25,25p each,,world-foods
Regal Bakery Almond Cookies,Regal Bakery Almond Cookies12 per pack,£1.25,10.4p each,"Offer price £1.25, was £1.79",world-foods
Regal Bakery Cashew Cookies,Regal Bakery Cashew Cookies12 per pack,£1.25,10.4p each,"Offer price £1.25, was £1.79",world-foods
Regal Bakery Coconut Cookies,Regal Bakery Coconut Cookies12 per pack,£1.25,10.5p each,"Offer price £1.25, was £1.35",world-foods
Regal Bakery Madeira Cake Slices,Regal Bakery Madeira Cake Slices370g,£1.25,33.8p per 100g,,world-foods
Regal Bakery Marble Deluxe Madeira,Regal Bakery Marble Deluxe Madeira590g,£2.50,42.4p per 100g,,world-foods
Regal Bakery Mini Madeira Cakes,Regal Bakery Mini Madeira Cakes350g,£1,28.6p per 100g,,world-foods
Regal Bakery Puff Pastry Finger Biscuits ,Regal Bakery Puff Pastry Finger Biscuits 200g,£1,50p per 100g,,world-foods
Regal Bakery Sliced Fruit Cake,Regal Bakery Sliced Fruit Cake,£2.25,,,world-foods
Regal Classic Choco & Honey Snack Cakes,Regal Classic Choco & Honey Snack Cakes250g,£1.29,51.6p per 100g,,world-foods
Regal Classic Milk Snack Cakes,Regal Classic Milk Snack Cakes250g,£1.25,50p per 100g,,world-foods
Regal Classic Strawberry Snack Cakes ,Regal Classic Strawberry Snack Cakes 250g,£1.25,50p per 100g,,world-foods
Regal Garlic & Coriander Naan Bread,Regal Garlic & Coriander Naan Bread3 per pack,£2,66.7p each,,world-foods
Regal Original Rusk Cake,Regal Original Rusk Cake18 per pack,£2,11.1p each,"Offer price £2, was £2.50",world-foods
Regal Plain Naans,Regal Plain Naans3 per pack,£2,66.7p each,,world-foods
Regal Puff Pastry Delight,Regal Puff Pastry Delight220g,£2.25,£1.02 per 100g,,world-foods
Regal Sliced Coconut Cake ,Regal Sliced Coconut Cake 10 per pack,£2.25,22.5p each,,world-foods
Regal Sliced Madeira Cake ,Regal Sliced Madeira Cake 10 per pack,£2.25,22.5p each,,world-foods
Riya's Adrak Chair ,Riya's Adrak Chair 200g,£2.19,£1.10 per 100g,,world-foods
Riya's Karak Chai ,Riya's Karak Chai 200g,£2.19,£1.10 per 100g,,world-foods
Riya's Masala Chai ,Riya's Masala Chai 200g,£2.19,£1.10 per 100g,,world-foods
Rowse Pure & Natural Runny Honey,Rowse Pure & Natural Runny Honey340g,£2.99,87.9p per 100g,,world-foods
Rowse Pure & Natural Spreadable Honey,Rowse Pure & Natural Spreadable Honey340g,£2.99,87.9p per 100g,,world-foods
Rowse Pure & Natural Squeezy Runny Honey,Rowse Pure & Natural Squeezy Runny Honey340g,£2.99,87.9p per 100g,,world-foods
Royal Almond Halwa,Royal Almond Halwa350g,£3.75,£1.07 per 100g,,world-foods
Royal Angoori Rassomalai ,Royal Angoori Rassomalai 450g,£2.99,66.4p per 100g,,world-foods
Royal Gulabjam,Royal Gulabjam500g,£2.99,59.8p per 100g,,world-foods
Royal Rassomalai,Royal Rassomalai500g,£2.99,59.8p per 100g,,world-foods
Royal Street Food Kachori Aloo,Royal Street Food Kachori Aloo,£3,,,world-foods
Royal Street Food Ragda Pattic,Royal Street Food Ragda Pattic,£3,,,world-foods
Royal Street Food Samosa Chole,Royal Street Food Samosa Chole,£3,,,world-foods
Rubicon Sparkling Lychee Juice Soft Drink,Rubicon Sparkling Lychee Juice Soft Drink2L,£1.50,7.5p per 100ml,"Offer price £1.50, was £1.95",world-foods
Rubicon Sparkling Mango Juice Soft Drink,Rubicon Sparkling Mango Juice Soft Drink2L,£1.50,7.5p per 100ml,"Offer price £1.50, was £1.95",world-foods
Rubicon Sparkling Mango Juice Soft Drink,Rubicon Sparkling Mango Juice Soft Drink500ml,£1.50,30p per 100ml,,world-foods
Rubicon Sparkling Mango Juice Soft Drink,Rubicon Sparkling Mango Juice Soft Drink18 x 330ml,£5,8.4p per 100ml,"Offer price £5, was £6.75",world-foods
Rubicon Sparkling Mango Juice Soft Drink,Rubicon Sparkling Mango Juice Soft Drink6 x 330ml,£3.85,19.4p per 100ml,,world-foods
Rubicon Sparkling Mango Juice Sugar Free Soft Drink,Rubicon Sparkling Mango Juice Sugar Free Soft Drink2L,£1.75,8.8p per 100ml,"Offer price £1.75, was £1.95",world-foods
Rubicon Sparkling Passionfruit Juice Soft Drink,Rubicon Sparkling Passion...2L,£1.50,7.5p per 100ml,"Offer price £1.50, was £1.95",world-foods
Rubicon Spring Black Cherry & Raspberry Sparkling Flavoured Water,Rubicon Spring Black Cherry...1.5L,£1.29,86p per litre,,world-foods
Rubicon Spring Black Cherry & Raspberry Sparkling Flavoured Water,Rubicon Spring Black Cherry...4 per pack,£3,75p each,,world-foods
Rubicon Spring Orange & Mango Sparkling Flavoured Water,Rubicon Spring Orange & Mango S...1.5L,£1.29,86p per litre,,world-foods
Rubicon Spring Orange & Mango Sparkling Flavoured Water,Rubicon Spring Orange & Mango S...,£3,,,world-foods
Rubicon Spring Strawberry & Kiwi Sparkling Flavoured Water,Rubicon Spring Strawber...1.5L,£1.29,86p per litre,,world-foods
Rubicon Still Deluxe Guava Juice Drink,Rubicon Still Deluxe Guava Juice Drink1L,£1.69,16.9p per 100ml,,world-foods
Rubicon Still Deluxe Mango Juice Drink ,Rubicon Still Deluxe Mango Juice Drink 1L,£1.69,16.9p per 100ml,,world-foods
Rubicon Still Guava Juice Drink,Rubicon Still Guava Juice Drink1L,£1.49,14.9p per 100ml,,world-foods
Rubicon Still Mango Juice Drink,Rubicon Still Mango Juice Drink1L,£1.25,12.5p per 100ml,,world-foods
Rubicon Still Passion Fruit Juice Drink,Rubicon Still Passion Fruit Juice Drink1L,£1.25,12.5p per 100ml,,world-foods
Salaam Basmati Rice  ,Salaam Basmati Rice  10kg,£17.99,£1.80 per kg,,world-foods
Salaam Basmati Rice,Salaam Basmati Rice5kg,£8.99,£1.80 per kg,,world-foods
Samai Garlic Plantain Chips,Samai Garlic Plantain Chips75g,85p,£1.13 per 100g,,world-foods
Samai Jalapeno Chilli Plantain Chips ,Samai Jalapeno Chilli Plantain Chips 75g,85p,£1.13 per 100g,,world-foods
Samai Naturally Sweet Plantain Chips,Samai Naturally Sweet Plantain Chips75g,85p,£1.13 per 100g,,world-foods
Samai Pacific Sea Salt Plantain Chips,Samai Pacific Sea Salt Plantain Chips75g,85p,£1.13 per 100g,,world-foods
Samyang Hot Chicken Cup Ramen,Samyang Hot Chicken Cup Ramen70g,£1.75,£2.50 per 100g,,world-foods
Samyang Hot Chicken Flavor Ramen ,Samyang Hot Chicken Flavor Ramen 140g,£1,£7.14 per kg,,world-foods
Sara Sunflower Seeds,Sara Sunflower Seeds150g,£1.25,83.3p per 100g,,world-foods
Sea Isle Black Beans In Salted Water ,Sea Isle Black Beans In Salted Water 240g,69p,£2.88 per kg,,world-foods
Sea Isle Blackeye Beans In Salted Water,Sea Isle Blackeye Beans In Salted Water240g,69p,£2.88 per kg,,world-foods
Sea Isle Gunga Peas In Salted Water ,Sea Isle Gunga Peas In Salted Water 240g,69p,£2.88 per kg,,world-foods
Sea Isle Peas & Beans Mix In Salted Water,Sea Isle Peas & Beans Mix In Salted Water400g,69p,£1.73 per kg,,world-foods
Sea Isle Red Kidney Beans In Salted Water ,Sea Isle Red Kidney Beans In Salted Water 240g,69p,£2.88 per kg,,world-foods
Sea Isle Strawberry Flavour Syrup,Sea Isle Strawberry Flavour Syrup750ml,£2.10,28p per 100ml,,world-foods
Sera Mild Pepper Paste ,Sera Mild Pepper Paste 350g,£1.95,55.7p per 100g,,world-foods
Sera Pomegranate Molasses,Sera Pomegranate Molasses250ml,£1.50,60p per 100ml,,world-foods
Serge Peanut Punch Milk Drink ,Serge Peanut Punch Milk Drink 240ml,£1,41.7p per 100ml,,world-foods
Sesame Snaps,Sesame Snaps4 x 30g,95p,79.2p per 100g,,world-foods
Sesame Snaps with Coconut,Sesame Snaps with Coconut4 x 30g,95p,79.2p per 100g,,world-foods
Sesame Snaps with Yogurt,Sesame Snaps with Yogurt4 x 30g,95p,79.2p per 100g,,world-foods
Seven Moons Udon Japanese Style Noodles,Seven Moons Udon Japanese Style Noodles400g,£1.49,£3.73 per kg,,world-foods
Shahzada Basmati Rice,Shahzada Basmati Rice10kg,£16,£1.60 per kg,,world-foods
Shalimar Monkey Nuts ,Shalimar Monkey Nuts 300g,£1,33.3p per 100g,,world-foods
Shana Aloo Paratha ,Shana Aloo Paratha 4 per pack,£1.75,43.8p each,"Offer price £1.75, was £2.25",world-foods
Shana Chilli Paratha,Shana Chilli Paratha5 per pack,£1.70,34p each,"Offer price £1.70, was £1.89",world-foods
Shana Chopped Spinach,Shana Chopped Spinach300g,£1.10,£3.67 per kg,"Offer price £1.10, was £1.25",world-foods
Shana Garlic Paratha,Shana Garlic Paratha5 per pack,£1.70,34p each,"Offer price £1.70, was £1.89",world-foods
Shana Green Chilli,Shana Green Chilli300g,£1.10,£3.67 per kg,"Offer price £1.10, was £1.25",world-foods
Shana Karela,Shana Karela300g,£1.10,£3.67 per kg,"Offer price £1.10, was £1.25",world-foods
Shana Masala Chapatti,Shana Masala Chapatti300g,£1.70,£5.67 per kg,"Offer price £1.70, was £1.89",world-foods
Shana Methi,Shana Methi300g,£1.10,£3.67 per kg,"Offer price £1.10, was £1.25",world-foods
Shana Okra Sliced Rings,Shana Okra Sliced Rings300g,£1.10,£3.67 per kg,"Offer price £1.10, was £1.25",world-foods
Shana Onion Paratha ,Shana Onion Paratha 400g,£1.70,£4.25 per kg,"Offer price £1.70, was £1.89",world-foods
Shana Original Paratha,Shana Original Paratha400g,£1.70,£4.25 per kg,"Offer price £1.70, was £1.89",world-foods
Shana Paratha Light,Shana Paratha Light325g,£1.70,52.4p per 100g,"Offer price £1.70, was £1.89",world-foods
Shana Plain Lacha Paratha,Shana Plain Lacha Paratha400g,£1.70,£4.25 per kg,"Offer price £1.70, was £1.89",world-foods
Shana Punjabi Samosa ,Shana Punjabi Samosa 460g,£2.25,£4.89 per kg,"Offer price £2.25, was £2.75",world-foods
Shana Saragawa,Shana Saragawa300g,£1.10,£3.67 per kg,"Offer price £1.10, was £1.25",world-foods
Shana Shredded Coconut,Shana Shredded Coconut300g,£1.75,£5.83 per kg,"Offer price £1.75, was £1.89",world-foods
Shana Whole Baby Okra ,Shana Whole Baby Okra 300g,£1.10,£3.67 per kg,"Offer price £1.10, was £1.25",world-foods
Shana Wholemeal Chapatti,Shana Wholemeal Chapatti320g,£1.70,£5.32 per kg,"Offer price £1.70, was £1.89",world-foods
Shazans Beef Mince,Shazans Beef Mince500g,£4.99,£9.98 per kg,,world-foods
Shazans Chicken Breast Fillets,Shazans Chicken Breast Fillets1.8kg,£11.50,£6.39 per kg,"Offer price £11.50, was £14",world-foods
Shazans Chicken Breast Fillets,Shazans Chicken Breast Fillets650g,£5.50,84.6p per 100g,,world-foods
Shazans Chicken Diced Breast Fillets,Shazans Chicken Diced Breast Fillets450g,£4.80,£1.07 per 100g,,world-foods
Shazans Chicken Drumsticks,Shazans Chicken Drumsticks1kg,£4.80,48p per 100g,,world-foods
Shazans Chicken Mini Fillets,Shazans Chicken Mini Fillets500g,£4.99,£9.98 per kg,,world-foods
Shazans Chicken Thigh Fillet,Shazans Chicken Thigh Fillet600g,£4.75,79.2p per 100g,,world-foods
Shazans Chicken Thighs,Shazans Chicken Thighs1kg,£4.65,46.5p per 100g,,world-foods
Shazans Chicken Wings,Shazans Chicken Wings1kg,£4.65,46.5p per 100g,,world-foods
Shazan Select HMC Chicken Curry Cuts,Shazan Select HMC Chicken Curry Cuts1kg,£4,£4.00 per kg,,world-foods
Shazans Firecracker Lamb Sausage,Shazans Firecracker Lamb Sausage300g,£4.40,£1.47 per 100g,,world-foods
Shazans Jerk Chicken,Shazans Jerk Chicken2kg,£5.50,£2.75 per kg,"Offer price £5.50, was £6.49",world-foods
Shazans Peri Peri Chicken Thighs,Shazans Peri Peri Chicken Thighs900g,£4.99,£5.54 per kg,,world-foods
Shazans Select Beef Burgers,Shazans Select Beef Burgers454g,£4.99,£10.99 per kg,,world-foods
Shazans Select Chicken Breast Fillets,Shazans Select Chicken Breast Fillets450g,£4.99,£11.09 per kg,,world-foods
Shazans Select Chicken Drums And Thighs,Shazans Select Chicken Drums And Thighs1kg,£5.25,£5.25 per kg,,world-foods
Shazans Select Chicken Drumsticks,Shazans Select Chicken Drumsticks1kg,£5.25,£5.25 per kg,,world-foods
Shazans Select Chicken Thigh Fillets ,Shazans Select Chicken Thigh Fillets 600g,£4.99,£8.32 per kg,,world-foods
Shazans Select Chicken Thighs,Shazans Select Chicken Thighs1kg,£4.99,£4.99 per kg,,world-foods
Shazans Select Chicken Wings,Shazans Select Chicken Wings1kg,£4.69,£4.69 per kg,,world-foods
Shazans Select Medium Whole Chicken ,Shazans Select Medium Whole Chicken 1.8kg,£5.75,£3.19 per kg,,world-foods
Shazans Select Peri Peri Baby Chicken,Shazans Select Peri Peri Baby Chicken1kg,£4.49,£4.49 per kg,,world-foods
Shazans Select Peri Peri Chicken,Shazans Select Peri Peri Chicken1.6kg,£6.25,£3.91 per kg,,world-foods
Shazans Tandoori Platter,Shazans Tandoori Platter1.6kg,£6.50,40.6p per 100g,,world-foods
Sokolow Boczek,Sokolow Boczek400g,£3.79,94.8p per 100g,"Offer price £3.79, was £3.99",world-foods
Sokolow Bukowe Sausages,Sokolow Bukowe Sausages600g,£2.59,43.2p per 100g,,world-foods
Sokolow Cooked And Smoked Garlic Polish Sausage,Sokolow Cooked And Smoked...400g,£2.15,£5.38 per kg,,world-foods
Sokolow Copernicus Best Polish Sausage,Sokolow Copernicus Best Polish Sausage350g,£2.35,67.1p per 100g,,world-foods
Sokolow Cottage Sausage,Sokolow Cottage Sausage280g,£2.40,85.7p per 100g,,world-foods
Sokolow Krakowska Slices,Sokolow Krakowska Slices200g,£2.60,£1.30 per 100g,,world-foods
Sokolow Polish Classic Hot Dogs,Sokolow Polish Classic Hot Dogs250g,£1.60,64p per 100g,,world-foods
Sokolow Polish Kabanos Sausage,Sokolow Polish Kabanos Sausage250g,£2.99,£1.20 per 100g,,world-foods
Sokolow Silesian Best Polish Sausage,Sokolow Silesian Best Polish Sausage340g,£2.75,£8.09 per kg,"Offer price £2.75, was £3",world-foods
Sokolow Sopocka Loin Slices,Sokolow Sopocka Loin Slices200g,£2.29,£1.15 per 100g,,world-foods
Sonko Milk Chocolate Coated Ricebar,Sonko Milk Chocolate Coated Ricebar16g,60p,£3.75 per 100g,,world-foods
Sorella Stew Oyster Mushrooms,Sorella Stew Oyster Mushrooms,£1.60,,"Offer price £1.60, was £2",world-foods
Squid Brand Fish Sauce,Squid Brand Fish Sauce725ml,£2.40,33.1p per 100ml,,world-foods
Strawberry Puffs Tubs,Strawberry Puffs Tubs170g,£1.20,70.6p per 100g,,world-foods
Sunrise Bakery Caribbean Hardo Bread,Sunrise Bakery Caribbean Hardo Bread800g,£2,25p per 100g,,world-foods
Sunrise Bakery Caribbean Spiced Bun   ,Sunrise Bakery Caribbean Spiced Bun   ,£2.20,,,world-foods
Sunshine Snacks Chee Zees Original ,Sunshine Snacks Chee Zees Original 45g,69p,£1.53 per 100g,,world-foods
Supermalt Original Non-Alcoholic Drink ,Supermalt Original Non-Alcoholic Drink 500ml,£1.15,23p per 100ml,,world-foods
Surya Laila Basmati Rice,Surya Laila Basmati Rice2kg,£4,£2.00 per kg,,world-foods
Swedish Fish,Swedish Fish88g,£2,£2.27 per 100g,,world-foods
Sweet Taste Of The USA Pick 'N' Mix Cup,Sweet Taste Of The USA Pick 'N' Mix Cup200g,£2.50,£1.25 per 100g,,world-foods
Sweetzone Bottle Mix,Sweetzone Bottle Mix180g,£1.49,82.8p per 100g,,world-foods
Sweetzone Candy Floss    ,Sweetzone Candy Floss    50g,£1.25,£2.50 per 100g,,world-foods
Sweetzone Fizzy Cola Bottles,Sweetzone Fizzy Cola Bottles90g,75p,83.3p per 100g,,world-foods
Sweetzone Fizzy Mix,Sweetzone Fizzy Mix200g,£1.49,74.5p per 100g,,world-foods
Sweetzone Mega Stix,Sweetzone Mega Stix225g,99p,44p per 100g,"Offer price 99p, was £1.49",world-foods
Sweetzone Party Mix,Sweetzone Party Mix200g,99p,49.5p per 100g,"Offer price 99p, was £1.49",world-foods
Sweetzone Rainbow Belts,Sweetzone Rainbow Belts170g,£1.50,88.2p per 100g,,world-foods
Sweetzone Tangy Mix,Sweetzone Tangy Mix200g,99p,49.5p per 100g,"Offer price 99p, was £1.49",world-foods
Sweetzone Tropical Blast,Sweetzone Tropical Blast225g,99p,44p per 100g,"Offer price 99p, was £1.50",world-foods
Tahira Beef Salami,Tahira Beef Salami80g,£2.35,£2.94 per 100g,,world-foods
Tahira Chicken & Turkey Cocktail Sausages,Tahira Chicken & Turkey Cocktail Sausages400g,£2.50,62.5p per 100g,,world-foods
Tahira Chicken & Turkey Hot Dog,Tahira Chicken & Turkey Hot Dog500g,£2.20,44p per 100g,,world-foods
Tahira Chicken Frankfurters Hot & Spicy ,Tahira Chicken Frankfurters Hot & Spicy 330g,£1.40,£4.24 per kg,,world-foods
Tahira Chicken With Tikka Sausage,Tahira Chicken With Tikka Sausage500g,£2.49,49.8p per 100g,,world-foods
Tahira Four Peppers Chicken Grills ,Tahira Four Peppers Chicken Grills 260g,£1,£3.85 per kg,,world-foods
Tahira Garlic & Herbs Chicken Grills ,Tahira Garlic & Herbs Chicken Grills 260g,£1,£3.85 per kg,,world-foods
Tahira  Hot & Spicy Chicken & Beef Sausage,Tahira  Hot & Spicy Chicken & Beef Sausage500g,£2.49,£4.98 per kg,,world-foods
Tahira Peri Peri Chicken Grills ,Tahira Peri Peri Chicken Grills 260g,£1,£3.85 per kg,,world-foods
Tahira Poultry Mortadella With Paprika ,Tahira Poultry Mortadella With Paprika 200g,£1.10,55p per 100g,"Offer price £1.10, was £1.25",world-foods
Taj Cassava Yuca Chips,Taj Cassava Yuca Chips1kg,£1.90,£1.90 per kg,,world-foods
Taj Crushed Garlic,Taj Crushed Garlic400g,75p,£1.88 per kg,,world-foods
Taj Crushed Ginger,Taj Crushed Ginger400g,75p,18.8p per 100g,,world-foods
Taj Crushed Green Chilli,Taj Crushed Green Chilli400g,£1,£2.50 per kg,,world-foods
Taj Diced Garlic,Taj Diced Garlic200g,70p,£3.50 per kg,,world-foods
Taj Diced Ginger,Taj Diced Ginger200g,70p,£3.50 per kg,,world-foods
Taj Ginger & Garlic Mixed Puree,Taj Ginger & Garlic Mixed Puree400g,70p,17.5p per 100g,,world-foods
Taj Original Paratha Family Pack,Taj Original Paratha Family Pack,£2.75,,,world-foods
Taj Original Paratha Flatbread,Taj Original Paratha Flatbread400g,95p,23.8p per 100g,,world-foods
Taj Spring Roll Pastry ,Taj Spring Roll Pastry 600g,£1.75,£2.92 per kg,,world-foods
Tamtad Stuffed Vine Leaves,Tamtad Stuffed Vine Leaves400g,£1.85,£4.63 per kg,,world-foods
Tarczynski Kielbasa Geesowska Polish Sausage,Tarczynski Kielbasa Gee...300g,£2.50,83.3p per 100g,"Offer price £2.50, was £2.95",world-foods
Tarczynski Pork Kabanos,Tarczynski Pork Kabanos105g,£2.09,£1.99 per 100g,,world-foods
Tarczynski Poultry Kabanos ,Tarczynski Poultry Kabanos 105g,£2.09,£1.99 per 100g,,world-foods
Tayto Cheese & Onion Crisps,Tayto Cheese & Onion Crisps150g,£1.85,£1.23 per 100g,,world-foods
Telma Chicken Flavour With Croutons Cup Of Soup,Telma Chicken Flavour Wit...2 x 24g,£1,£2.08 per 100g,,world-foods
Telma Kneidl Matzo Ball Mix   ,Telma Kneidl Matzo Ball Mix   84g,£1.79,£21.31 per kg,,world-foods
Telma Vegetable Cup Of Soup,Telma Vegetable Cup Of Soup2 x 22g,£1,£2.27 per 100g,,world-foods
Thai Dragon Pad Thai Rice Noodles,Thai Dragon Pad Thai Rice Noodles200g,£1.20,60p per 100g,,world-foods
Thai Dragon Rice Stick Noodles,Thai Dragon Rice Stick Noodles400g,£1.40,35p per 100g,,world-foods
Thai Dragon Thin Rice Noodles ,Thai Dragon Thin Rice Noodles 200g,75p,37.5p per 100g,,world-foods
Thai Taste Pad Thai Kit 235G,Thai Taste Pad Thai Kit 235G235g,£2,85.1p per 100g,,world-foods
Thai Taste Thai Green Curry Kit,Thai Taste Thai Green Curry Kit224g,£2,89.3p per 100g,,world-foods
Thai Taste Thai Massaman Curry,Thai Taste Thai Massaman Curry235g,£2,85.1p per 100g,,world-foods
Thai Taste Thai Red Curry Kit,Thai Taste Thai Red Curry Kit224g,£2,89.3p per 100g,,world-foods
The Clay Oven Bakery Garlic & Coriander Naan Breads,The Clay Oven Bakery Garlic &...300g,£1.25,41.7p per 100g,,world-foods
The Clay Oven Bakery Plain Naan Breads,The Clay Oven Bakery Plain Naan Breads300g,£1.25,41.7p per 100g,,world-foods
The Clay Oven Bakery Spicy Naan Bread,The Clay Oven Bakery Spicy Naan Bread300g,£1.25,41.7p per 100g,,world-foods
The Original Chocolate Chip Cookie Dough Bites ,The Original Chocolate Chip Cookie Dough Bites 88g,£2,£2.27 per 100g,,world-foods
The Original Patty Co. Vegetable Jamaican Patty,The Original Patty Co. Vegetable Jamaican Patty150g,99p,66p per 100g,,world-foods
Thomy Mayonnaise       ,Thomy Mayonnaise       265g,£2.19,82.6p per 100g,,world-foods
Tilda Grand Extra Long Basmati Rice,Tilda Grand Extra Long Basmati Rice5kg,£14.50,£2.90 per kg,,world-foods
Tilda Pure Basmati Rice,Tilda Pure Basmati Rice5kg,£12,£2.40 per kg,"Offer price £12, was £14.99",world-foods
Tilda Pure Basmati Rice,Tilda Pure Basmati Rice10kg,£25.99,£2.60 per kg,,world-foods
Tropical Sun All Purpose Season,Tropical Sun All Purpose Season100g,£1,£1.00 per 100g,,world-foods
Tropical Sun Chicken Seasoning ,Tropical Sun Chicken Seasoning 100g,£1,£1.00 per 100g,,world-foods
Tropical Sun Chilli Garlic Sauce,Tropical Sun Chilli Garlic Sauce150ml,£1.49,99.3p per 100ml,,world-foods
Tropical Sun Coconut Water,Tropical Sun Coconut Water520ml,£1.80,£3.46 per litre,,world-foods
Tropical Sun Everyday Season,Tropical Sun Everyday Season100g,£1,£1.00 per 100g,,world-foods
Tropical Sun Jamaica Ackee In Salted Water ,Tropical Sun Jamaica Ackee In Salted Water 340g,£7,£2.06 per 100g,,world-foods
Tropical Sun Jerk Seasoning ,Tropical Sun Jerk Seasoning 100g,£1.19,£1.19 per 100g,,world-foods
Tropical Sun Peri Peri Sauce ,Tropical Sun Peri Peri Sauce 150ml,£1.49,99.3p per 100ml,,world-foods
Tropical Sun Popcorn,Tropical Sun Popcorn500g,£1.49,29.8p per 100g,,world-foods
Tropical Sun Sweet Mango Chilli Sauce,Tropical Sun Sweet Mango Chilli Sauce150ml,£1.49,99.3p per 100ml,,world-foods
Tropical Vibes Lemonade Ocean Blue,Tropical Vibes Lemonade Ocean Blue300ml,£1,33.3p per 100ml,,world-foods
Tropical Vibes Lemonade Sassy Strawberry,Tropical Vibes Lemonade Sassy Strawberry300ml,£1,33.3p per 100ml,,world-foods
Tropical Vibes Lemonades Paradise Punch ,Tropical Vibes Lemonades Paradise Punch 300ml,£1,33.3p per 100ml,,world-foods
Tropical Vibes Sours Kawaii Kiwi ,Tropical Vibes Sours Kawaii Kiwi 300ml,£1,33.3p per 100ml,,world-foods
Tsing Tao Vegetable Spring Rolls,Tsing Tao Vegetable Spring Rolls750g,£3,£4.00 per kg,,world-foods
Twizzlers Strawberry Twist ,Twizzlers Strawberry Twist 70g,£1.80,£2.57 per 100g,,world-foods
Tymbark Apple-Peach-Strawberry Drink,Tymbark Apple-Peach-Strawberry Drink200ml,50p,25p per 100ml,,world-foods
Tymbark Apple Cherry Drink,Tymbark Apple Cherry Drink200ml,50p,25p per 100ml,,world-foods
Tymbark Apple Cherry Drink,Tymbark Apple Cherry Drink2L,£1.70,85.4p per litre,"Offer price £1.70, was £2.15",world-foods
Tymbark Multifruit Carrot Drink,Tymbark Multifruit Carrot Drink2L,£1.70,8.5p per 100ml,"Offer price £1.70, was £2.15",world-foods
Ulker Albeni Chocolate Bar,Ulker Albeni Chocolate Bar40g,50p,£1.25 per 100g,,world-foods
Ulker Biskrem Cocoa Biscuit,Ulker Biskrem Cocoa Biscuit100g,50p,50p per 100g,"Offer price 50p, was 65p",world-foods
Ulker Halley Biscuit,Ulker Halley Biscuit77g,50p,64.9p per 100g,"Offer price 50p, was 75p",world-foods
Vatika Naturals Enriched Hair Oil With Hibiscus ,Vatika Naturals Enriched Hair Oil With Hibiscus 200ml,£4.50,£2.25 per 100ml,,world-foods
V Bites Sage & Onion Vdeli Slices ,V Bites Sage & Onion Vdeli Slices 100g,£1.49,£14.90 per kg,,world-foods
Veetee Basmati Ricebox,Veetee Basmati Ricebox5kg,£9,£1.80 per kg,,world-foods
Veetee Mega Basmati Extra Long Premium Rice,Veetee Mega Basmati Extra Long Premium Rice5kg,£9.99,£2.00 per kg,,world-foods
Veetee Mega Extra Long Basmati Rice,Veetee Mega Extra Long Basmati Rice2kg,£3.99,£2.00 per kg,,world-foods
Veetee Supreme Basmati Rice ,Veetee Supreme Basmati Rice 5kg,£12,£2.40 per kg,,world-foods
Veetee Thai Fragrant Rice,Veetee Thai Fragrant Rice2kg,£3,£1.50 per kg,,world-foods
Vifon Chicken Curry Noodles,Vifon Chicken Curry Noodles70g,59p,£8.43 per kg,,world-foods
Vifon Chilli Chicken Instant Noodles,Vifon Chilli Chicken Instant Noodles70g,59p,84.3p per 100g,,world-foods
Vifon Chinski Chicken Instant Noodles ,Vifon Chinski Chicken Instant Noodles 70g,59p,£8.43 per kg,,world-foods
Vifon Zloty Chicken Instant Noodle Soup ,Vifon Zloty Chicken Instant Noodle Soup 70g,59p,£8.43 per kg,,world-foods
Virgil's Handcrafted Vanilla Cream Soda,Virgil's Handcrafted Vanilla Cream Soda355ml,£1.85,52.1p per 100ml,,world-foods
Virtu Dumplings with Cheese & Potatoes,Virtu Dumplings with Cheese & Potatoes400g,£1.59,£3.98 per kg,,world-foods
Warheads Lil Worms ,Warheads Lil Worms 99g,£2,£2.02 per 100g,,world-foods
Warheads Sour Jelly Beans,Warheads Sour Jelly Beans113g,£1.75,£1.55 per 100g,,world-foods
Wedel Raspberry Supreme Jaffa Cakes ,Wedel Raspberry Supreme Jaffa Cakes 147g,£1,68p per 100g,,world-foods
West Indian Pepper Sauce,West Indian Pepper Sauce150ml,£1.49,99.3p per 100ml,,world-foods
White Pearl Grape & Peach Non-Alcoholic Sparkling Drink,White Pearl Grape & Peach Non-A...750ml,£1.90,25.3p per 100ml,,world-foods
White Pearl Red Grape Non-Alcoholic Sparkling Juice Drink,White Pearl Red Grape Non-Alcohol...750ml,£1.90,25.3p per 100ml,,world-foods
White Pearl White Grape Non-Alcoholic Sparkling Juice Drink,White Pearl White Grape Non-Alcoh...750ml,£1.90,25.3p per 100ml,,world-foods
Winiary Mayonnaise,Winiary Mayonnaise400ml,£2,50p per 100ml,"Offer price £2, was £2.19",world-foods
Wonderfarm Coconut Water,Wonderfarm Coconut Water330ml,99p,30p per 100ml,,world-foods
Yehuda Matzos,Yehuda Matzos300g,£1.50,50p per 100g,,world-foods
Yeo's Nasi Goreng Paste,Yeo's Nasi Goreng Paste190g,£1.75,92.1p per 100g,,world-foods
Yeo's Rendang Paste,Yeo's Rendang Paste190g,£1.70,89.5p per 100g,,world-foods
Yutaka Bamboo Sushi Rolling Mat,Yutaka Bamboo Sushi Rolling Mat,£1.30,,,world-foods
Yutaka Chicken Gyoza,Yutaka Chicken Gyoza240g,£3.15,£13.13 per kg,,world-foods
Yutaka Katsu Style Curry Sauce,Yutaka Katsu Style Curry Sauce100g,£2.55,£25.50 per kg,,world-foods
Yutaka Mirin Sweet Rice Seasoning,Yutaka Mirin Sweet Rice Seasoning150ml,£2,£1.33 per 100ml,,world-foods
Yutaka Panko ,Yutaka Panko 180g,£2,£1.11 per 100g,,world-foods
Yutaka Reduced Salt Gluten Free Soy Sauce,Yutaka Reduced Salt Gluten Free Soy Sauce150ml,£2.25,£1.50 per 100ml,,world-foods
Yutaka Soba Noodles,Yutaka Soba Noodles250g,£1.40,£5.60 per kg,,world-foods
Yutaka Sushi Nori Roasted Seaweed Sheets,Yutaka Sushi Nori Roasted Seaweed Sheets5 per pack,£1.80,36p each,,world-foods
Yutaka Udon Noodles,Yutaka Udon Noodles250g,£1.40,£5.60 per kg,,world-foods
Yutaka White Miso Paste,Yutaka White Miso Paste100g,£1.55,£15.50 per kg,,world-foods
Kenco 8 Cappuccino Sachets,Kenco 8 Cap...118.4g,£1.75,£1.48 per 100g,,food-cupboard
Franks Redhot Buffalo Wings Sauce,Franks Redhot Buf...148ml,£1.79,£1.21 per 100ml,,food-cupboard
Doritos Loaded Pepperoni Pizza Tortilla Chips,Doritos Loaded Pe...180g,£1.75,97.2p per 100g,"Offer price £1.75, was £2.25",food-cupboard
Pure Via 100% Xylitol ,Pure Via 100% Xylitol 225g,£3.00,£1.33 per 100g,,food-cupboard
Betty Crocker Vanilla Buttercream Style Icing,Betty Crocker Van...400g,£2.99,74.8p per 100g,Buy 2 for £5,food-cupboard
Canderel On The Go 0 Calorie Liquid Drops,Canderel On The...55ml,£1.80,£3.27 per 100ml,,food-cupboard
Pure Via 100% Erythritol Nature Sweet,Pure Via 100% Eryth...250g,£3.35,13.4p per 10g,,food-cupboard
Dolmio Pasta Bake Creamy Tomato Pasta Sauce,Dolmio Pasta Ba...500g,£2.19,43.8p per 100g,Buy 2 for £3,food-cupboard
Extra Refreshers Bubblemint Sugar Free Chewing Gum Bottle 30 Pieces,Extra Refresh...67g,£2.85,£4.25 per 100g,,food-cupboard
Jacobs Mini Cheddars Nibblies Double Gloucester & Chive Flavour,Jacobs Mini Cheddar...115g,£1.25,£1.09 per 100g,"Offer price £1.25, was £2",food-cupboard
Dolmio Lasagne Red Tomato Sauce,Dolmio Lasagne...500g,£2.19,43.8p per 100g,Buy 2 for £3,food-cupboard
Popworks Sweet Chipotle Chilli,Popworks Sweet...85g,£1.25,£1.47 per 100g,"Offer price £1.25, was £2",food-cupboard
Dolmio Bolognese Smooth Tomato Pasta Sauce,Dolmio Bolo...500g,£2.19,43.8p per 100g,Buy 2 for £3,food-cupboard
Ben's Original Egg Fried Microwave Rice,Ben's Origina...250g,£1.39,55.6p per 100g,Buy 2 for £2.50,food-cupboard
Marmite Yeast Extract,Marmite Yeast Extract250g,£3.35,£1.34 per 100g,,food-cupboard
Jacob's Biscuits for Cheese Crackers Carton,Jacob's Biscuit...300g,£3.25,£1.08 per 100g,,food-cupboard
Popworks Sweet & Salt Pop Crisps,Popworks Sweet...85g,£1.25,£1.47 per 100g,"Offer price £1.25, was £2",food-cupboard
Extra Peppermint Chewing Gum Sugar Free Multipack,Extra Pepperm...6 x 10 per pack,£3.00,5p each,,food-cupboard
Old El Paso Crunchy Taco Shells x12,Old El Paso Crunc...156g,£1.89,£1.21 per 100g,Buy 2 for £3,food-cupboard
Warburtons Plain Bagels,Warburtons Plain Bagels5 per pack,£1.85,37p each,,food-cupboard
New York Bakery Co. Original Bagel Thins,New York Bakery...4 per pack,£1.29,32.3p each,,food-cupboard
The Clay Oven Bakery Garlic & Coriander Naan Breads,The Clay Oven Baker...300g,£1.25,41.7p per 100g,,food-cupboard
Schwartz Sausage Casserole Mix,Schwartz Sausage Casserole Mix35g,£1.09,31.1p per 10g,Buy 4 for £2.50,food-cupboard
Pure Via Stevia Value Pack,Pure Via Stevia Value Pack370g,£5.29,£1.43 per 100g,,food-cupboard
Old El Paso Stand N Stuff Tortilla Wrap Boats,Old El Paso Stand N Stuff...198g,£2.35,£1.19 per 100g,Buy 2 for £3,food-cupboard
Silverspoon Halfspoon Sugar,Silverspoon Halfspoon Sugar500g,£1.85,£3.70 per kg,,food-cupboard
Betty Crocker Chocolate Fudge Icing,Betty Crocker Cho...400g,£2.99,74.8p per 100g,Buy 2 for £5,food-cupboard
Dolmio Bolognese Onion & Garlic Pasta Sauce,Dolmio Bolognese Onion...500g,£2.19,43.8p per 100g,Buy 2 for £3,food-cupboard
Canderel Sugarly Value Pack,Canderel Sugarly Value Pack370g,£4.29,£1.16 per 100g,,food-cupboard
Doritos Flame Grilled Whopper,Doritos Flame Grilled Whopper180g,£1.75,97.2p per 100g,"Offer price £1.75, was £2.25",food-cupboard
Doritos Triple Cheese Pizza Tortilla Chips,Doritos Triple Cheese Pizza Tortilla Chips180g,£1.75,97.2p per 100g,"Offer price £1.75, was £2.25",food-cupboard
Extra Peppermint Chewing Gum Sugar Free Bottle 60 Pieces,Extra Peppermint Chewing Gum Su...84g,£2.85,£3.39 per 100g,,food-cupboard
Extra Spearmint Chewing Gum Sugar Free Bottle 60 Pieces,Extra Spearmint Chewing Gum Sug...60 per pack,£2.85,4.8p each,,food-cupboard
Walkers Baked Crisps Variety Pack,Walkers Baked Crisps Variety Pack6 x 22g,£1.75,£1.33 per 100g,Buy 2 for £3,food-cupboard
Aero Bubbles Milk Chocolate Medium Easter Egg,Aero Bubbles Milk Chocola...121g,£1.50,£1.24 per 100g,Save 50p Off Your Next Shop,food-cupboard
Aero Bubbles Peppermint Mint Chocolate Sharing Pouch,Aero Bubbles Peppermint Mint...92g,£1.35,£1.47 per 100g,,food-cupboard
Aero Bubbly Caramel Chocolate Bar Multipack,Aero Bubbly Caramel Chocolate Bar Multipack4 x 27g,£1.50,£1.39 per 100g,,food-cupboard
Aero Dark&Milk Peppermint Chocolate Sharing Bar,Aero Dark&Milk Peppermint...90g,£1.25,£1.39 per 100g,,food-cupboard
Aero Giant Milk,Aero Giant Milk90g,£1.25,£1.39 per 100g,,food-cupboard
Aero Golden Honeycomb Chocolate Sharing Bar ,Aero Golden Honeycomb Chocolate Sharing Bar 90g,£1.25,£1.39 per 100g,,food-cupboard
Aero Melts Caramel Chocolate Sharing Bag,Aero Melts Caramel Chocolate Sharing Bag86g,£1.35,£1.57 per 100g,,food-cupboard
Aero Melts Golden Honeycomb Chocolate Sharing Bag,Aero Melts Golden Honeycomb...86g,£1.35,£1.57 per 100g,,food-cupboard
Aero Melts Milk Chocolate Sharing Bag ,Aero Melts Milk Chocolate Sharing Bag 92g,£1.35,£1.47 per 100g,,food-cupboard
Aero Milk Chocolate Multipack 4 Pack,Aero Milk Chocolate Multipack 4 Pack4 x 27g,£1.50,£1.39 per 100g,,food-cupboard
Aero Peppermint,Aero Peppermint90g,£1.25,£1.39 per 100g,,food-cupboard
Aero Peppermint Mint Chocolate Giant Easter Egg,Aero Peppermint Mint Choc...230g,£5,£2.17 per 100g,,food-cupboard
Aero Peppermint Mint Chocolate Multipack 4 Pack,Aero Peppermint Mint Choc...4 x 27g,£1.50,£1.39 per 100g,,food-cupboard
After Eight Dark Mint Chocolate Bitesize Sharing Pouch,After Eight Dark Mint Chocolate...107g,£1.35,£1.27 per 100g,"Offer price £1.35, was £1.60",food-cupboard
After Eight Dark Mint Chocolate Box ,After Eight Dark Mint Chocolate Box 300g,£3,£1.00 per 100g,,food-cupboard
After Eight Dark Mint Chocolate Premium Easter Egg,After Eight Dark Mint Choco...400g,£8,£2.00 per 100g,,food-cupboard
After Eight Mini Eggs ,After Eight Mini Eggs 81g,£1.25,£1.54 per 100g,,food-cupboard
After Eight Mint Collection Box,After Eight Mint Collection Box199g,£5,£2.51 per 100g,,food-cupboard
Ainsley Harriot Chilli Cous Cous,Ainsley Harriot Chilli Cous Cous100g,89p,£8.90 per kg,,food-cupboard
Ainsley Harriot Morrocan Cous Cous,Ainsley Harriot Morrocan Cous Cous100g,89p,89p per 100g,,food-cupboard
Ainsley Harriot Roast Vegetable Cous Cous,Ainsley Harriot Roast Vegetable Cous Cous100g,89p,89p per 100g,,food-cupboard
Ainsley Harriot Spice Sensations Cous Cous,Ainsley Harriot Spice Sensations Cous Cous100g,89p,£8.90 per kg,,food-cupboard
Ainsley Harriott Caribbean Cup Soup,Ainsley Harriott Caribbean Cup Soup69g,£1.25,£1.81 per 100g,,food-cupboard
Ainsley Harriot Tomato Cous Cous,Ainsley Harriot Tomato Cous Cous100g,89p,£8.90 per kg,,food-cupboard
Ainsley Harriot Wild Mushroom Cous Cous,Ainsley Harriot Wild Mushroom Cous Cous100g,89p,£8.90 per kg,,food-cupboard
Airwaves Menthol & Eucalyptus Chewing Gum Sugar Free Multipack,Airwaves Menthol & Eucalyptus Chewi...6 x 10 per pack,£3,5p each,,food-cupboard
Airwaves Menthol & Eucalyptus Sugar Free Chewing Gum Bottle,Airwaves Menthol & Eucalyptus Sug...46 per pack,£2.25,4.9p each,,food-cupboard
Aleyna Sliced Green Jalapeno Peppers (480g),Aleyna Sliced Green Jalapeno Peppers (480g)240g,£1.15,47.9p per 100g,,food-cupboard
Aleyna Sliced Red Jalapeno Peppers (480g),Aleyna Sliced Red Jalapeno Peppers (480g)240g,£1.15,47.9p per 100g,,food-cupboard
Alfa One 100% Pure Rice Bran Oil,Alfa One 100% Pure Rice Bran Oil500ml,£2.99,59.8p per 100ml,,food-cupboard
Al'Fez Natural Tahini ,Al'Fez Natural Tahini 160g,£2.49,£1.56 per 100g,,food-cupboard
Allinson Plain Wholemeal Flour ,Allinson Plain Wholemeal Flour 1kg,£2.29,£2.29 per kg,,food-cupboard
Allinson's Dried Active Yeast Tin,Allinson's Dried Active Yeast Tin125g,£1.20,96p per 100g,,food-cupboard
Allinson's Easy Bake Yeast Tin,Allinson's Easy Bake Yeast Tin100g,£1.49,£1.49 per 100g,,food-cupboard
Allinson's Self-Raising Wholemeal Flour,Allinson's Self-Raising Wholemeal Flour1kg,£2.29,£2.29 per kg,,food-cupboard
Allinson's Strong White Bread Flour,Allinson's Strong White Bread Flour1.5kg,£2.69,£1.79 per kg,,food-cupboard
Allinson's Strong White Bread Flour,Allinson's Strong White Bread Flour1kg,£1.69,16.9p per 100g,,food-cupboard
Allinson Strong White Flour,Allinson Strong White Flour3kg,£3.79,£1.26 per kg,,food-cupboard
Allinson's Very Strong White Bread Flour,Allinson's Very Strong White Bread Flour1kg,£1.79,17.9p per 100g,,food-cupboard
Allinson's Very Strong Wholemeal Bread Flour,Allinson's Very Strong Wholemeal Bread Flour1kg,£1.89,18.9p per 100g,,food-cupboard
Allinson's White Very Strong Bread Flour,Allinson's White Very Strong Bread Flour1.5kg,£2.69,£1.79 per kg,,food-cupboard
Allinson's Yeast Time Saver,Allinson's Yeast Time Saver2 x 11g,55p,£2.50 per 100g,,food-cupboard
Alpen Cereal Bars Strawberry & Yoghurt,Alpen Cereal Bars Strawberry & Yoghurt5 x 29g,£1,69p per 100g,"Offer price £1, was £2",food-cupboard
Alpen Light Cereal Bars Chocolate & Fudge ,Alpen Light Cereal Bars Chocolate & Fudge 5 x 19g,£1,£1.06 per 100g,"Offer price £1, was £2",food-cupboard
Alpen Light Cereal Bars Jaffa Cake,Alpen Light Cereal Bars Jaffa Cake5 x 19g,£1,£1.06 per 100g,"Offer price £1, was £2",food-cupboard
Alpen Light White Chocolate Raspberry & Shortcake Cereal Bars,Alpen Light White Chocolate Raspber...5 x 19g,£1,£1.06 per 100g,"Offer price £1, was £2",food-cupboard
Alpen Muesli Chocolate,Alpen Muesli Chocolate550g,£2.70,49.1p per 100g,,food-cupboard
Alpen Muesli No Added Sugar,Alpen Muesli No Added Sugar1.1kg,£4.39,39.9p per 100g,,food-cupboard
Alpen Muesli No Added Sugar,Alpen Muesli No Added Sugar550g,£2.70,49.1p per 100g,,food-cupboard
Alpen Muesli Original,Alpen Muesli Original1.1kg,£4.39,39.9p per 100g,,food-cupboard
Alpen Muesli Original,Alpen Muesli Original550g,£2.70,49.1p per 100g,,food-cupboard
Alpen Muesli Simply Berries,Alpen Muesli Simply Berries550g,£2.70,49.1p per 100g,,food-cupboard
Alpro Vanilla Custard,Alpro Vanilla Custard525g,£1.40,26.7p per 100g,,food-cupboard
Ambrosia Caramel & Vanilla Dessert Pots,Ambrosia Caramel & Vanilla Dessert Pots110g,£2.69,£2.45 per 100g,,food-cupboard
Ambrosia Chocolate & Fudge Dessert Pots,Ambrosia Chocolate & Fudge Dessert Pots110g,£2.50,£2.27 per 100g,,food-cupboard
Ambrosia Chocolate Flavour Devon Custard Pot,Ambrosia Chocolate Flav...150g,95p,63.3p per 100g,Buy 2 for £1.50,food-cupboard
Ambrosia Chocolate Orange Custard ,Ambrosia Chocolate Orange Custard 400g,£1.99,49.8p per 100g,Buy 2 for £2.50,food-cupboard
Ambrosia Chocolate Rice Pudding Can,Ambrosia Chocolate Rice Pudding Can400g,£1.99,49.8p per 100g,Buy 2 for £2.50,food-cupboard
Ambrosia Creamed Macaroni,Ambrosia Creamed Macaroni400g,£2.19,54.8p per 100g,,food-cupboard
Ambrosia Deluxe Belgian Chocolate Custard Twinpots ,Ambrosia Deluxe Belgian Choco...120g,£1,83.3p per 100g,,food-cupboard
Ambrosia Deluxe Madagascan Vanilla Custard Twinpots ,Ambrosia Deluxe Madagascan Va...120g,£1,83.3p per 100g,,food-cupboard
Ambrosia Deluxe West Country Cream Custard Can,Ambrosia Deluxe West Coun...400g,£1.50,37.5p per 100g,,food-cupboard
Ambrosia Devon Custard,Ambrosia Devon Custard4 x 125g,£2.99,59.8p per 100g,,food-cupboard
Ambrosia Devon Custard,Ambrosia Devon Custard150g,95p,63.3p per 100g,Buy 2 for £1.50,food-cupboard
Ambrosia Devon Custard,Ambrosia Devon Custard400g,£1.69,42.3p per 100g,,food-cupboard
Ambrosia Devon Custard,Ambrosia Devon Custard6 x 120g,£3.49,48.5p per 100g,,food-cupboard
Ambrosia Devon Custard,Ambrosia Devon Custard1kg,£2,20p per 100g,"Offer price £2, was £2.99",food-cupboard
Ambrosia Devon Custard,Ambrosia Devon Custard500g,£1.65,33p per 100g,,food-cupboard
Ambrosia Devon Custard Can,Ambrosia Devon Custard Can400g,£1.99,49.8p per 100g,Buy 2 for £2.50,food-cupboard
Ambrosia Devon Rice Pudding,Ambrosia Devon Rice Pudding400g,£1.99,49.8p per 100g,Buy 2 for £2.50,food-cupboard
Ambrosia Light Devon Custard,Ambrosia Light Devon Custard4 x 125g,£2.99,59.8p per 100g,,food-cupboard
Ambrosia Light Devon Custard,Ambrosia Light Devon Custard1kg,£2,20p per 100g,"Offer price £2, was £2.99",food-cupboard
Ambrosia Light Devon Custard,Ambrosia Light Devon Custard500g,£1.65,33p per 100g,,food-cupboard
Ambrosia Light Devon Custard Can,Ambrosia Light Devon Custard Can400g,£1.99,49.8p per 100g,Buy 2 for £2.50,food-cupboard
Ambrosia Light Rice Pudding,Ambrosia Light Rice Pudding400g,£1.99,49.8p per 100g,Buy 2 for £2.50,food-cupboard
Ambrosia Mousse Pots Milk Chocolate ,Ambrosia Mousse Pots Milk Chocolate 4 x 60g,£2.50,£1.04 per 100g,,food-cupboard
Ambrosia My Mini Custard Pot,Ambrosia My Mini Custard Pot330g,£2.35,71.2p per 100g,,food-cupboard
Ambrosia My Mini Rice Pots,Ambrosia My Mini Rice Pots330g,£2.35,71.2p per 100g,,food-cupboard
Ambrosia Ready To Eat Porridge Golden Syrup Flavour,Ambrosia Ready To Eat Porridg...210g,£1.29,61.4p per 100g,Buy 4 for £4,food-cupboard
Ambrosia Ready To Eat Porridge Original,Ambrosia Ready To Eat Porridge Original210g,£1.29,61.4p per 100g,Buy 4 for £4,food-cupboard
Ambrosia Rice Pudding Pots,Ambrosia Rice Pudding Pots4 x 125g,£2.99,59.8p per 100g,,food-cupboard
Ambrosia Rice Pudding Pots,Ambrosia Rice Pudding Pots6 x 120g,£3.49,48.5p per 100g,,food-cupboard
Ambrosia Semolina Dessert Can,Ambrosia Semolina Dessert Can400g,£2.19,54.8p per 100g,,food-cupboard
Ambrosia Sticky Toffee Rice Pudding,Ambrosia Sticky Toffee Rice Pudding400g,£1.99,49.8p per 100g,Buy 2 for £2.50,food-cupboard
Ambrosia Strawberry Flavour Devon Custard  Can,Ambrosia Strawberry Flavo...400g,£1.99,49.8p per 100g,Buy 2 for £2.50,food-cupboard
Ambrosia Strawberry Flavour Devon Custard Pot,Ambrosia Strawberry Flavo...150g,95p,63.3p per 100g,Buy 2 for £1.50,food-cupboard
Ambrosia Tapioca Dessert Can,Ambrosia Tapioca Dessert Can385g,£2.19,56.9p per 100g,,food-cupboard
Ambrosia Traditional Rice Pudding and Sultanas with Nutmeg,Ambrosia Traditional Rice Pudding...400g,£2.19,54.8p per 100g,,food-cupboard
Amoy Straight to Wok Medium Noodles,Amoy Straight to Wok Medium Noodles2 x 150g,£2.09,£6.97 per kg,Buy 2 for £3,food-cupboard
Amoy Straight to Wok Thread Fine Noodles,Amoy Straight to Wok Thread Fine Noodles2 x 150g,£2.09,£6.97 per kg,Buy 2 for £3,food-cupboard
Amoy Straight To Wok Udon Thick Noodles,Amoy Straight To Wok Udon Thick Noodles2 x 150g,£2.09,69.7p per 100g,Buy 2 for £3,food-cupboard
Angel Delight Banana Flavour Instant Dessert,Angel Delight Banana Flavour Instant Dessert59g,89p,£1.51 per 100g,Buy 2 for £1.50,food-cupboard
Angel Delight Butterscotch Flavour Instant Dessert,Angel Delight Butterscotch...66g,89p,£1.35 per 100g,Buy 2 for £1.50,food-cupboard
Angel Delight Butterscotch Flavour No Added Sugar Instant Dessert,Angel Delight Butterscotch...47g,89p,£1.89 per 100g,Buy 2 for £1.50,food-cupboard
Angel Delight Chocolate Flavour Instant Dessert,Angel Delight Chocolate Flavour Instant Dessert67g,89p,£1.33 per 100g,Buy 2 for £1.50,food-cupboard
Angel Delight Strawberry Flavour Instant Dessert,Angel Delight Strawberry Flavour Instant Dessert59g,89p,15.1p per 10g,Buy 2 for £1.50,food-cupboard
Angel Delight Strawberry Flavour No Added sugar Instant Dessert,Angel Delight Strawberry Flavour No A...47g,89p,£1.89 per 100g,Buy 2 for £1.50,food-cupboard
Angel Delight Unicorn Edition Strawberry Flavour Dessert Kit ,Angel Delight Unicorn Edition Straw...95g,£2,£2.11 per 100g,,food-cupboard
Arctic Power Berries Blueberry Powder,Arctic Power Berries Blueberry Powder70g,£9,£12.86 per 100g,,food-cupboard
Arctic Power Berries Mixed Berry Powder,Arctic Power Berries Mixed Berry Powder70g,£9,£12.86 per 100g,,food-cupboard
Aroy-D Coconut Milk Lait De Coco ,Aroy-D Coconut Milk Lait De Coco 400ml,£1.49,37.3p per 100ml,,food-cupboard
Askeys 21 Cup Cones,Askeys 21 Cup Cones21 per pack,£1.19,5.7p each,,food-cupboard
Askeys Cornets,Askeys Cornets21 per pack,£1.19,5.7p each,,food-cupboard
Askeys Crackin Chocolate Chunk Flavour Topping,Askeys Crackin Chocolate Chunk Flavour Topping225g,£1.49,66.2p per 100g,,food-cupboard
Askeys Crackin Chocolate Orange Flavour Topping,Askeys Crackin Chocolate Orange Flavour Topping225g,£1.49,66.2p per 100g,,food-cupboard
Askeys Treat Chocolate Flavour Topping,Askeys Treat Chocolate Flavour Topping325g,£1.49,45.8p per 100g,,food-cupboard
Askeys Treat Maple Syrup Sauce,Askeys Treat Maple Syrup Sauce325g,£1.49,45.8p per 100g,,food-cupboard
Askeys Treat Strawberry Flavour Sauce,Askeys Treat Strawberry Flavour Sauce325g,£1.49,45.8p per 100g,,food-cupboard
Askeys Treat Toffee Sauce,Askeys Treat Toffee Sauce325g,£1.49,45.8p per 100g,,food-cupboard
Aspall Classic Red Wine Vinegar,Aspall Classic Red Wine Vinegar350ml,£1.89,54p per 100ml,,food-cupboard
Aspall Classic White Wine Vinegar,Aspall Classic White Wine Vinegar350ml,£1.89,54p per 100ml,,food-cupboard
Aspall Organic Cyder Vinegar,Aspall Organic Cyder Vinegar350ml,£2.05,58.6p per 100ml,,food-cupboard
Aspall Raw Organic Apple Cyder Vinegar,Aspall Raw Organic Apple Cyder Vinegar500ml,£2.60,52p per 100ml,"Offer price £2.60, was £3.25",food-cupboard
Atora Suet Beef,Atora Suet Beef240g,£2.99,£1.25 per 100g,,food-cupboard
Atora Suet Vegetable,Atora Suet Vegetable240g,£2.99,£1.25 per 100g,,food-cupboard
Aunt Bessie's American Style Pancake Mix,Aunt Bessie's American Style Pancake Mix250g,£1.29,51.6p per 100g,,food-cupboard
Aunt Bessies Crumble Mix      ,Aunt Bessies Crumble Mix      400g,£1.39,£3.48 per kg,,food-cupboard
Aunt Bessie's Pancake Mix,Aunt Bessie's Pancake Mix480g,£1.59,£3.31 per kg,,food-cupboard
Aunt Bessies Shortcrust Pastry Mix ,Aunt Bessies Shortcrust Pastry Mix 500g,£1.39,£2.78 per kg,,food-cupboard
Aunty's Delicious Golden Syrup Steamed Puddings,Aunty's Delicious Golden Syrup Steamed Puddings190g,£1.50,78.9p per 100g,,food-cupboard
Aunty's Ginger Steamed Puddings,Aunty's Ginger Steamed Puddings190g,75p,£3.95 per kg,,food-cupboard
Aunty's Spotted Dick Steamed Puds ,Aunty's Spotted Dick Steamed Puds 190g,£1.50,£7.89 per kg,,food-cupboard
Aunty's Sticky Toffee Steamed Puddings,Aunty's Sticky Toffee Steamed Puddings190g,£1.50,£7.89 per kg,,food-cupboard
Badshah Basmati Rice,Badshah Basmati Rice10kg,£16,£1.60 per kg,"Offer price £16, was £16.99",food-cupboard
Badshah Superior Aged Basmati Rice,Badshah Superior Aged Basmati Rice2kg,£3.50,£1.75 per kg,,food-cupboard
Bahlsen Choco Leibniz Chunky Mint ,Bahlsen Choco Leibniz Chunky Mint 120g,£1.60,£1.33 per 100g,,food-cupboard
Bahlsen Choco Leibniz Dark Chocolate Biscuits,Bahlsen Choco Leibniz Dark Chocolate Biscuits125g,£1.60,£1.28 per 100g,,food-cupboard
Bahlsen Choco Leibniz Milk Chocolate Biscuits,Bahlsen Choco Leibniz Milk Chocolate Biscuits125g,£1.60,£1.28 per 100g,,food-cupboard
Bahlsen Choco Leibniz Orange ,Bahlsen Choco Leibniz Orange 125g,£1.60,£1.28 per 100g,,food-cupboard
Bahlsen Choco Leibniz White ,Bahlsen Choco Leibniz White 125g,£1.60,£1.28 per 100g,,food-cupboard
Bahlsen PiCK UP! Milk Chocolate Biscuit Bars,Bahlsen PiCK UP! Milk Chocolate Biscuit Bars5 x 28g,£1.50,£1.07 per 100g,,food-cupboard
Baileys Chocolate Giftwrap Box,Baileys Chocolate Giftwrap Box272g,£8,£2.94 per 100g,,food-cupboard
Baileys Milk Chocolate Easter Egg With Baileys Truffles,Baileys Milk Chocolate Easter E...260g,£8,£3.08 per 100g,,food-cupboard
Bake & Create Gold Marzipan,Bake & Create Gold Marzipan500g,£2.29,45.8p per 100g,,food-cupboard
Bake & Create White Marzipan ,Bake & Create White Marzipan 500g,£2.29,45.8p per 100g,,food-cupboard
Baked Beans with Vegetarian Sausages,Baked Beans with Vegetarian Sausages400g,£1.35,£3.38 per kg,,food-cupboard
Baked With Love 10 Sugar Decorations Tropical Flamingo,Baked With Love 10 Sugar Decora...10 per pack,£1.50,15p each,,food-cupboard
Baked With Love 6 Cup Cake Or 12 Fairy Cake Boxes,Baked With Love 6 Cup Cake...2 per pack,£2,£1.00 each,,food-cupboard
Baked With Love Aqua Baking Cases,Baked With Love Aqua Baking Cases12 per pack,£1.50,12.5p each,,food-cupboard
Baked With Love  Carrot Sugar Decorations,Baked With Love  Carrot Sugar Decorations6g,£1.85,£30.83 per 100g,,food-cupboard
Baked With Love Dinosaur Candles,Baked With Love Dinosaur Candles5 per pack,£1.50,30p each,,food-cupboard
Baked With Love Dinosaur Sugar Decorations,Baked With Love Dinosau...12 per pack,£1.85,15.4p each,,food-cupboard
Baked With Love Floral Ditsy Cupcake Cases,Baked With Love Floral Ditsy Cupcake Cases100 per pack,£1.50,1.5p each,,food-cupboard
Baked With Love Llama Baking Cases,Baked With Love Llama Baking Cases25 per pack,£1,4p each,,food-cupboard
Baked With Love Mini Blossoms,Baked With Love Mini Blossoms48 per pack,£1.85,3.9p each,,food-cupboard
Baked With Love Rosebud Bun Cases,Baked With Love Rosebud Bun Cases25 per pack,£1.25,5p each,,food-cupboard
Baked With Love Spaceman Sugar Decorations,Baked With Love Spacema...10 per pack,£1.85,18.5p each,,food-cupboard
Baked with Love Unicorn & Rainbow Sugar Decorations,Baked with Love Unicorn & Rai...10g,£1.85,£18.50 per 100g,,food-cupboard
Baked With Love Unicorn Candles,Baked With Love Unicorn Candles6 per pack,£1.50,25p each,,food-cupboard
Bare Naked Noodles          ,Bare Naked Noodles          300g,£2,£6.67 per kg,,food-cupboard
Bare Naked Rice,Bare Naked Rice300g,£2,£6.67 per kg,,food-cupboard
Barilla Fusilli Pasta,Barilla Fusilli Pasta500g,£1.39,£2.78 per kg,Buy 2 for £2.50,food-cupboard
Barilla Lasagne,Barilla Lasagne500g,£1.29,£2.58 per kg,"Offer price £1.29, was £1.50",food-cupboard
Barilla Linguine,Barilla Linguine500g,£1.49,£2.98 per kg,Buy 2 for £2.50,food-cupboard
Barilla Penne Rigate,Barilla Penne Rigate500g,£1.39,£2.78 per kg,Buy 2 for £2.50,food-cupboard
Barilla Spaghetti,Barilla Spaghetti500g,£1.49,£2.98 per kg,Buy 2 for £2.50,food-cupboard
Barilla Tortiglioni,Barilla Tortiglioni500g,£1.49,£2.98 per kg,Buy 2 for £2.50,food-cupboard
Barilla Whole Wheat Fusilli Pasta,Barilla Whole Wheat Fusilli Pasta500g,£1.39,£2.78 per kg,Buy 2 for £2.50,food-cupboard
Barilla Whole Wheat Spaghetti,Barilla Whole Wheat Spaghetti500g,£1.39,£2.78 per kg,Buy 2 for £2.50,food-cupboard
Barny Chocolate Sponge Bears ,Barny Chocolate Sponge Bears 125g,£1.25,£1.00 per 100g,,food-cupboard
Barratt Flumps Sugar Free ,Barratt Flumps Sugar Free 70g,£1.25,£1.79 per 100g,,food-cupboard
Barratt Sherbet Dip Dab Single,Barratt Sherbet Dip Dab Single23g,55p,£2.39 per 100g,,food-cupboard
Barratt Wham & Refresher Ice Duos,Barratt Wham & Refresher Ice Duos640ml,£1.50,23.4p per 100ml,,food-cupboard
Barry's Tea Decaf 80 Tea Bags,Barry's Tea Decaf 80 Tea Bags250g,£5,£2.00 per 100g,,food-cupboard
Bart Bay Leaves Refill,Bart Bay Leaves Refill3g,£1.50,£5.00 per 10g,Buy 2 for £2,food-cupboard
Bart Black Peppercorns Refill,Bart Black Peppercorns Refill40g,£1.50,37.5p per 10g,Buy 2 for £2,food-cupboard
Bart Cajun Seasoning Refill,Bart Cajun Seasoning Refill30g,£1.50,50p per 10g,Buy 2 for £2,food-cupboard
Bart Chilli Flakes Refill,Bart Chilli Flakes Refill25g,£1.50,60p per 10g,Buy 2 for £2,food-cupboard
Bart Chopped Chilli,Bart Chopped Chilli135g,£1.89,£1.40 per 100g,,food-cupboard
Bart Chopped Garlic,Bart Chopped Garlic190g,£1.89,99.5p per 100g,,food-cupboard
Bart Chopped Ginger,Bart Chopped Ginger180g,£1.89,£1.05 per 100g,,food-cupboard
Bart Garam Masala Refill,Bart Garam Masala Refill35g,£1.50,42.9p per 10g,Buy 2 for £2,food-cupboard
Bart Garlic Granules Refill,Bart Garlic Granules Refill40g,£1.50,37.5p per 10g,Buy 2 for £2,food-cupboard
Bart Ginger Refill,Bart Ginger Refill30g,£1.50,50p per 10g,Buy 2 for £2,food-cupboard
Bart Ground Cinnamon Refill,Bart Ground Cinnamon Refill30g,£1.50,50p per 10g,Buy 2 for £2,food-cupboard
Bart Ground Coriander Refill,Bart Ground Coriander Refill30g,£1.50,50p per 10g,Buy 2 for £2,food-cupboard
Bart Ground Cumin Refill,Bart Ground Cumin Refill35g,£1.50,42.9p per 10g,Buy 2 for £2,food-cupboard
Bart Italian Herbs Refill,Bart Italian Herbs Refill13g,£1.50,£1.15 per 10g,Buy 2 for £2,food-cupboard
Bart Mixed Herbs Refill,Bart Mixed Herbs Refill11g,£1.50,£1.36 per 10g,Buy 2 for £2,food-cupboard
Bart Mixed Spice Carton Refill,Bart Mixed Spice Carton Refill30g,£1.50,50p per 10g,Buy 2 for £2,food-cupboard
Bartons Hand-Pickled Cauliflower ,Bartons Hand-Pickled Cauliflower 439g,£1.85,42.1p per 100g,,food-cupboard
Bartons Sweet Baby Balsamic Onions,Bartons Sweet Baby Balsamic Onions450g,£2,44.4p per 100g,,food-cupboard
Bart Oregano Refil,Bart Oregano Refil13g,£1.50,£1.15 per 10g,Buy 2 for £2,food-cupboard
Bart Paprika Refill,Bart Paprika Refill40g,£1.50,37.5p per 10g,Buy 2 for £2,food-cupboard
Bart Pink Himalayan Salt Carton Refill,Bart Pink Himalayan Salt Carton Refill90g,£1.50,16.7p per 10g,Buy 2 for £2,food-cupboard
Bart Smoked Paprika Refill,Bart Smoked Paprika Refill35g,£1.50,42.9p per 10g,Buy 2 for £2,food-cupboard
Bart Thyme Refill,Bart Thyme Refill10g,£1.50,£1.50 per 10g,Buy 2 for £2,food-cupboard
Bart Turmeric Refill,Bart Turmeric Refill40g,£1.50,37.5p per 10g,Buy 2 for £2,food-cupboard
Batchelors Bigga Marrowfat Peas (300g),Batchelors Bigga Marrowfat Peas (300g)180g,75p,£4.17 per kg,Buy 2 for £1.30,food-cupboard
Batchelors Big Pasta N Sauce Cheese & Broccoli ,Batchelors Big Pasta N Sauce Cheese & Broccoli 85g,£1.65,£19.41 per kg,,food-cupboard
Batchelors Big Super Noodles Chicken,Batchelors Big Super Noodles Chicken100g,£1.65,£16.50 per kg,,food-cupboard
Batchelors Chef Special Carmelised Onion & Smokey Bacon,Batchelors Chef Special Carmeli...99g,£1.69,£17.07 per kg,,food-cupboard
Batchelors Chef Special Four Cheese,Batchelors Chef Special Four Cheese99g,£1.69,£17.07 per kg,,food-cupboard
Batchelors Chip Shop Style Mushy Peas,Batchelors Chip Shop Style Mushy Peas300g,75p,£2.50 per kg,Buy 2 for £1.30,food-cupboard
Batchelors Cup a Soup Beef & Tomato 4 Sachets,Batchelors Cup a Soup Beef & Tomato 4 Sachets88g,£1.29,£1.47 per 100g,Buy 2 for £2.50,food-cupboard
Batchelors Cup a Soup Broccoli & Cauliflower 4 Sachets,Batchelors Cup a Soup Broccoli...101g,£1.29,£1.28 per 100g,Buy 2 for £2.50,food-cupboard
Batchelors Cup a Soup Chicken & Leek 4 Sachets,Batchelors Cup a Soup Chicken & Leek 4 Sachets86g,£1.29,£1.50 per 100g,Buy 2 for £2.50,food-cupboard
Batchelors Cup A Soup Chicken & Lemongrass 4 Pack ,Batchelors Cup A Soup Chick...88g,£1.29,£1.47 per 100g,Buy 2 for £2.50,food-cupboard
Batchelors Cup a Soup Chicken & Vegetable with Croutons 4 Sachets,Batchelors Cup a Soup Chicken & Veget...110g,£1.29,£1.17 per 100g,Buy 2 for £2.50,food-cupboard
Batchelors Cup a Soup Chicken Noodle 4 Sachets,Batchelors Cup a Soup Chicken Noodle 4 Sachets94g,£1.29,£1.37 per 100g,Buy 2 for £2.50,food-cupboard
Batchelors Cup a Soup Cream of Asparagus with Croutons 4 Sachets,Batchelors Cup a Soup Cream of Aspara...117g,£1.29,£1.10 per 100g,Buy 2 for £2.50,food-cupboard
Batchelors Cup a Soup Cream of Mushroom with Croutons 4 Sachets,Batchelors Cup a Soup Cream of Mushro...99g,£1.29,£1.30 per 100g,Buy 2 for £2.50,food-cupboard
Batchelors Cup a Soup Cream of Vegetable with Croutons 4 Sachets,Batchelors Cup a Soup Cream of Vegeta...120g,£1.29,£1.08 per 100g,Buy 2 for £2.50,food-cupboard
Batchelors Cup A Soup Hot & Sour 4 Pack,Batchelors Cup A Soup Hot & Sour 4 Pack92g,£1.29,£1.40 per 100g,Buy 2 for £2.50,food-cupboard
Batchelors Cup a Soup Potato & Leek 4 Sachets,Batchelors Cup a Soup Potato & Leek 4 Sachets107g,£1.29,£1.21 per 100g,Buy 2 for £2.50,food-cupboard
Batchelors Cup a Soup Tomato & Vegetable with Croutons 4 Sachets,Batchelors Cup a Soup Tomato & Vegeta...104g,£1.29,£1.24 per 100g,Buy 2 for £2.50,food-cupboard
Batchelors Cup a Soup with Croutons Minestrone 4 Sachets,Batchelors Cup a Soup with Crou...94g,£1.29,£1.37 per 100g,Buy 2 for £2.50,food-cupboard
Batchelors Gastro Pub Mushy Peas with a Hint of Chilli,Batchelors Gastro Pub Mushy Pea...300g,79p,£2.63 per kg,Buy 2 for £1.40,food-cupboard
Batchelors Gastro Pub Mushy Peas with Mint,Batchelors Gastro Pub Mushy Peas with Mint300g,79p,£2.63 per kg,Buy 2 for £1.40,food-cupboard
Batchelors Mixed Vegetables In Water (400G),Batchelors Mixed Vegeta...265g,£1.05,£3.96 per kg,,food-cupboard
Batchelors Original Mushy Peas,Batchelors Original Mushy Peas300g,75p,£2.50 per kg,Buy 2 for £1.30,food-cupboard
Batchelors Pasta 'N' Sauce Cheese & Broccoli,Batchelors Pasta 'N' Sauce Cheese & Broccoli99g,£1.15,£11.62 per kg,Buy 3 for £3,food-cupboard
Batchelors Pasta 'N' Sauce Cheese & Broccoli Pot,Batchelors Pasta 'N' Sauce...65g,£1.19,£18.31 per kg,Buy 3 for £3,food-cupboard
Batchelors Pasta N Sauce Cheese & Tomato Unicorn Shapes ,Batchelors Pasta N Sauce Cheese...99g,£1.15,£11.62 per kg,Buy 3 for £3,food-cupboard
"Batchelors Pasta 'N' Sauce Cheese, Leek & Ham Flavour",Batchelors Pasta 'N' Sauce Ch...99g,£1.15,£11.62 per kg,Buy 3 for £3,food-cupboard
Batchelors Pasta 'N' Sauce Chicken & Mushroom Flavour,Batchelors Pasta 'N' Sauce Ch...99g,£1.15,£11.62 per kg,Buy 3 for £3,food-cupboard
Batchelors Pasta 'N' Sauce Chicken & Mushroom Pot,Batchelors Pasta 'N' Sauce...65g,£1.15,£17.69 per kg,Buy 3 for £3,food-cupboard
Batchelors Pasta 'N' Sauce Mac 'N' Cheese,Batchelors Pasta 'N' Sauce Mac 'N' Cheese99g,£1.15,£11.62 per kg,Buy 3 for £3,food-cupboard
Batchelors Pasta 'N' Sauce Mac 'N' Cheese Pot,Batchelors Pasta 'N' Sauce Mac 'N' Cheese Pot65g,£1.15,£1.77 per 100g,Buy 3 for £3,food-cupboard
Batchelors Pasta 'N' Sauce Tomato & Basil,Batchelors Pasta 'N' Sauce Tomato & Basil65g,£1.15,£1.77 per 100g,Buy 3 for £3,food-cupboard
Batchelors Slim a Soup with Croutons Minestrone 4 Sachets,Batchelors Slim a Soup with Crout...61g,£1.29,£2.11 per 100g,Buy 2 for £2.50,food-cupboard
Batchelors Smash Original Mash Potato,Batchelors Smash Original Mash Potato360g,£3.35,93.1p per 100g,,food-cupboard
Batchelors Super Noodles Bacon Flavour,Batchelors Super Noodles Bacon Flavour90g,£1.15,£12.78 per kg,Buy 3 for £3,food-cupboard
Batchelors Super Noodles Bbq Beef Flavour,Batchelors Super Noodles Bbq Beef Flavour90g,£1.15,£12.78 per kg,Buy 3 for £3,food-cupboard
Batchelors Super Noodles BBQ Beef Pot,Batchelors Super Noodles BBQ Beef Pot75g,£1.15,£15.33 per kg,Buy 3 for £3,food-cupboard
Batchelors Super Noodles Chicken Fajita,Batchelors Super Noodles Chicken Fajita90g,£1.15,£12.78 per kg,Buy 3 for £3,food-cupboard
Batchelors Super Noodles Chicken Flavour,Batchelors Super Noodles Chicken Flavour90g,£1.15,£12.78 per kg,Buy 3 for £3,food-cupboard
Batchelors Super Noodles Chicken Pot,Batchelors Super Noodles Chicken Pot75g,£1.15,£15.33 per kg,Buy 3 for £3,food-cupboard
Batchelors Super Noodles Curry Pot,Batchelors Super Noodles Curry Pot75g,£1.15,£15.33 per kg,Buy 3 for £3,food-cupboard
Batchelors Super Noodles Low Fat Chicken & Herb,Batchelors Super Noodles Low Fat Chicken & Herb81g,£1.15,£14.20 per kg,Buy 3 for £3,food-cupboard
Batchelors Super Noodles Mild Curry Flavour,Batchelors Super Noodles Mild Curry Flavour90g,£1.15,£12.78 per kg,Buy 3 for £3,food-cupboard
Batchelors Super Noodles Pot Salt & Pepper Chicken,Batchelors Super Noodles Pot Salt & Pepper Chicken75g,£1.15,£15.33 per kg,Buy 3 for £3,food-cupboard
Batchelors Super Noodles South Fried Chicken Flavour,Batchelors Super Noodles Sout...90g,£1.15,£12.78 per kg,Buy 3 for £3,food-cupboard
Batchelors Super Rice Beef Flavour,Batchelors Super Rice Beef Flavour90g,£1.15,£12.78 per kg,Buy 3 for £3,food-cupboard
Batchelors Super Rice Chicken Flavour,Batchelors Super Rice Chicken Flavour90g,£1.15,£12.78 per kg,Buy 3 for £3,food-cupboard
Batchelors Super Rice Golden Vegetable Flavour,Batchelors Super Rice Golden Vegetable Flavour90g,£1.15,£12.78 per kg,Buy 3 for £3,food-cupboard
Baxters Baby Beetroot (340g),Baxters Baby Beetroot (340g)230g,£1.79,77.8p per 100g,,food-cupboard
Baxters Crinkle Beetroot (567g),Baxters Crinkle Beetroot (567g)405g,£2.59,64p per 100g,,food-cupboard
Baxters Crinklecut Beetroot (340g),Baxters Crinklecut Beetroot (340g)230g,£1.79,77.8p per 100g,,food-cupboard
Baxters Favourites Chicken Broth,Baxters Favourites Chicken Broth400g,£1.59,39.8p per 100g,,food-cupboard
Baxters Favourites Cock-a-Leekie Soup,Baxters Favourites Cock-a-Leekie Soup400g,£1.59,39.8p per 100g,,food-cupboard
Baxters Favourites Cream of Chicken Soup,Baxters Favourites Cream of Chicken Soup400g,£1.59,39.8p per 100g,,food-cupboard
Baxters Favourites French Onion Soup,Baxters Favourites French Onion Soup400g,£1.59,39.8p per 100g,,food-cupboard
Baxters Favourites Lentil & Bacon Soup,Baxters Favourites Lentil & Bacon Soup400g,£1.59,39.8p per 100g,,food-cupboard
Baxters Favourites Royal Game Soup,Baxters Favourites Royal Game Soup400g,£1.59,39.8p per 100g,,food-cupboard
Baxters Favourites Scotch Broth,Baxters Favourites Scotch Broth400g,£1.59,39.8p per 100g,,food-cupboard
Baxters Luxury Beef Consomme with Cask Aged Sherry,Baxters Luxury Beef Consomm...400g,£2.49,62.3p per 100g,,food-cupboard
Baxters Luxury Cream of Asparagus with Fresh Double Cream,Baxters Luxury Cream of Asparagus...400g,£2.49,62.3p per 100g,,food-cupboard
Baxters Sliced Beetroot,Baxters Sliced Beetroot340g,£1.79,52.6p per 100g,,food-cupboard
Baxters Sliced Beetroot (567g),Baxters Sliced Beetroot (567g)410g,£2.59,63.2p per 100g,,food-cupboard
Baxters Vegetarian Carrot & Coriander,Baxters Vegetarian Carrot & Coriander400g,£1.69,42.3p per 100g,,food-cupboard
Baxters Vegetarian Country Garden Soup,Baxters Vegetarian Country Garden Soup400g,£1.69,42.3p per 100g,,food-cupboard
Baxters Vegetarian Lentil & Vegetable Soup,Baxters Vegetarian Lentil & Vegetable Soup400g,£1.69,42.3p per 100g,,food-cupboard
Baxters Vegetarian Minestrone With Wholemeal Pasta,Baxters Vegetarian Minestro...400g,£1.55,38.8p per 100g,,food-cupboard
Bear Fruit Giant Blackcurrant & Apple Multipack,Bear Fruit Giant Blackcur...5 x 20g,£2.85,£2.85 per 100g,,food-cupboard
BEAR Yoyos Apple Multipack,BEAR Yoyos Apple Multipack5 x 20g,£2.85,£2.85 per 100g,,food-cupboard
BEAR Yoyos Blackcurrant Multipack,BEAR Yoyos Blackcurrant Multipack5 x 20g,£2.85,£2.85 per 100g,,food-cupboard
BEAR Yoyos Mango Multipack,BEAR Yoyos Mango Multipack5 x 20g,£2.85,£2.85 per 100g,,food-cupboard
BEAR Yoyos Raspberry Multipack,BEAR Yoyos Raspberry Multipack5 x 20g,£2.85,£2.85 per 100g,,food-cupboard
Bear Yoyos Smoothie Blueberry & Banana,Bear Yoyos Smoothie Blueberry & Banana5 x 20g,£2.85,£2.85 per 100g,,food-cupboard
Bear Yoyos Smoothie Peach & Banana,Bear Yoyos Smoothie Peach & Banana5 x 20g,£2.85,£2.85 per 100g,,food-cupboard
BEAR Yoyos Strawberry Family Pack,BEAR Yoyos Strawberry Family Pack9 x 20g,£3.65,£2.03 per 100g,"Offer price £3.65, was £4.25",food-cupboard
BEAR Yoyos Strawberry Multipack,BEAR Yoyos Strawberry Multipack5 x 20g,£2.85,£2.85 per 100g,,food-cupboard
Belvita Baked Bar Cranberry & Hazelnut,Belvita Baked Bar Cranberry & Hazelnut4 x 40g,£1.75,£1.09 per 100g,,food-cupboard
Belvita Baked Bar Dark Chocolate & Hazelnut ,Belvita Baked Bar Dark Chocolate & Hazelnut 4 x 40g,£1.75,£1.09 per 100g,,food-cupboard
BelVita Breakfast Biscuits Cocoa with Chocolate Chips 5 Pack,BelVita Breakfast Biscuits Cocoa wi...5 x 45g,£1.25,55.6p per 100g,"Offer price £1.25, was £2",food-cupboard
BelVita Breakfast Biscuits Duo Crunch Strawberry & Yogurt 5 Pack,BelVita Breakfast Biscuits Duo Crunch...5 x 50g,£2.75,£1.10 per 100g,,food-cupboard
BelVita Breakfast Biscuits Golden Oats 5 Pack,BelVita Breakfast Biscuits Golden Oats 5 Pack5 x 45g,£1.25,55.6p per 100g,"Offer price £1.25, was £2",food-cupboard
BelVita Breakfast Biscuits Honey & Nuts 12 Pack,BelVita Breakfast Biscuits Honey & Nuts 12 Pack12 x 45g,£3,55.6p per 100g,,food-cupboard
BelVita Breakfast Biscuits Honey & Nuts 5 Pack,BelVita Breakfast Biscuits Honey & Nuts 5 Pack5 x 45g,£1.25,55.6p per 100g,"Offer price £1.25, was £2",food-cupboard
BelVita Breakfast Biscuits Milk & Cereals 5 Pack,BelVita Breakfast Biscuits Milk & Cereals 5 Pack5 x 45g,£1.25,55.6p per 100g,"Offer price £1.25, was £2",food-cupboard
BelVita Breakfast Biscuits Soft Bakes Chocolate Chip 5 Pack,BelVita Breakfast Biscuits Soft B...5 x 50g,£2.50,£1.00 per 100g,,food-cupboard
BelVita Breakfast Biscuits Soft Bakes Chocolate Filled 5 Pack,BelVita Breakfast Biscuits Soft Bak...5 x 50g,£1.75,70p per 100g,"Offer price £1.75, was £2.75",food-cupboard
BelVita Breakfast Biscuits Soft Bakes Golden Grain 5 Pack,BelVita Breakfast Biscuits Soft B...5 x 50g,£2.50,£1.00 per 100g,,food-cupboard
BelVita Breakfast Biscuits Soft Bakes Red Berries 5 Pack,BelVita Breakfast Biscuits Soft...5 x 50g,£2.50,£1.00 per 100g,,food-cupboard
BelVita Breakfast Biscuits Soft Bakes Strawberry Filled 5 Pack,BelVita Breakfast Biscuits Soft Bak...5 x 50g,£1.75,70p per 100g,"Offer price £1.75, was £2.75",food-cupboard
Belvita Breakfast Soft Bakes Blueberry 5 Pack,Belvita Breakfast Soft Bakes Blueberry 5 Pack250g,£2.50,£1.00 per 100g,,food-cupboard
Belvita Choc Chip Reduced Sugar Biscuits,Belvita Choc Chip Reduced Sugar Biscuits225g,£1.25,55.6p per 100g,"Offer price £1.25, was £2",food-cupboard
Belvita Fruit Crunch Apple & Pear Multigrain,Belvita Fruit Crunch Apple & Pear Multigrain6 x 225g,£1.75,13p per 100g,"Offer price £1.75, was £3",food-cupboard
Belvita Fruit Crunch Raisin & Currant,Belvita Fruit Crunch Raisin & Currant6 x 225g,£1.75,13p per 100g,"Offer price £1.75, was £3",food-cupboard
Belvita Soft Bakes Apricot Filled ,Belvita Soft Bakes Apricot Filled 5 x 50g,£1.75,70p per 100g,"Offer price £1.75, was £2.50",food-cupboard
Ben's Original Basmati Microwave Rice,Ben's Original Basmati Microwave Rice220g,£1,45.5p per 100g,,food-cupboard
Ben's Original Boil-In-Bag Long Grain Rice 8 Bags,Ben's Original Boil-In-Bag Long Grain Rice 8 Bags500g,£3.15,63p per 100g,,food-cupboard
Ben's Original Boil-In-Bag Wholegrain Rice 4 Bags,Ben's Original Boil-In-Bag Wholegrain Rice 4 Bags500g,£2.85,57p per 100g,,food-cupboard
Ben's Original Brown Basmati Microwave Rice,Ben's Original Brown Basmati Microwave Rice250g,£1,40p per 100g,,food-cupboard
Ben's Original Cajun Spiced Rice ,Ben's Original Cajun Spiced Rice 250g,£1.39,55.6p per 100g,Buy 2 for £2.50,food-cupboard
Ben's Original Caribbean Microwave Rice,Ben's Original Caribbean Microwave Rice250g,£1.39,55.6p per 100g,Buy 2 for £2.50,food-cupboard
Ben's Original Chinese Style Microwave Rice,Ben's Original Chinese Style Microwave Rice250g,£1.39,55.6p per 100g,Buy 2 for £2.50,food-cupboard
Ben's Original Egg Fried Microwave Rice,Ben's Original Egg Fried Microwave Rice250g,£1.39,55.6p per 100g,Buy 2 for £2.50,food-cupboard
Ben's Original Golden Vegetable Microwave Rice,Ben's Original Golden Vegetable Microwave Rice250g,£1.39,55.6p per 100g,Buy 2 for £2.50,food-cupboard
Ben's Original Hot Chilli Con Carne Sauce,Ben's Original Hot Chilli Con Carne Sauce450g,£1.99,44.2p per 100g,Buy 2 for £3,food-cupboard
Bens Original Katsu Curry Inspired Microwave Rice,Bens Original Katsu Curry Inspired Microwave Rice250g,£1.39,55.6p per 100g,Buy 2 for £2.50,food-cupboard
Bens Original Korean BBQ Inspired Microwave Rice,Bens Original Korean BBQ Inspired Microwave Rice250g,£1.39,55.6p per 100g,Buy 2 for £2.50,food-cupboard
Ben's Original Korma Sauce,Ben's Original Korma Sauce450g,£1.99,44.2p per 100g,Buy 2 for £3,food-cupboard
Ben's Original Long Grain Microwave Rice,Ben's Original Long Grain Microwave Rice220g,£1,45.5p per 100g,,food-cupboard
Ben's Original Long Grain Rice,Ben's Original Long Grain Rice1kg,£5.25,52.5p per 100g,,food-cupboard
Ben's Original Mediterranean Vegetable Microwave Rice ,Ben's Original Mediterranean Ve...250g,£1.39,55.6p per 100g,Buy 2 for £2.50,food-cupboard
Ben's Original Medium Curry Sauce ,Ben's Original Medium Curry Sauce 440g,£1.99,45.2p per 100g,Buy 2 for £3,food-cupboard
Ben's Original Mexican Style Microwave Rice,Ben's Original Mexican Style Microwave Rice250g,£1.39,55.6p per 100g,Buy 2 for £2.50,food-cupboard
Ben's Original Middle Eastern Inspired Rice,Ben's Original Middle Eastern Inspired Rice250g,£1.39,55.6p per 100g,Buy 2 for £2.50,food-cupboard
Ben's Original Mixed Pepper Microwave Rice,Ben's Original Mixed Pepper Microwave Rice250g,£1.39,55.6p per 100g,Buy 2 for £2.50,food-cupboard
Ben's Original Mushroom  Microwave Rice,Ben's Original Mushroom  Microwave Rice250g,£1.39,55.6p per 100g,Buy 2 for £2.50,food-cupboard
Ben's Original One Pan Creations Indian Biryani,Ben's Original One Pan Creations Indian Biryani250g,£1.99,79.6p per 100g,,food-cupboard
Ben's Original One Pan Creations Indonesian Nasi Goreng,Ben's Original One Pan Creation...250g,£1.99,79.6p per 100g,,food-cupboard
Ben's Original One Pan Creations Spanish Paella,Ben's Original One Pan Creations Spanish Paella250g,£1.99,79.6p per 100g,,food-cupboard
Ben's Original One Pan Creations Szechuan Fried Rice Style,Ben's Original One Pan Creations...250g,£1.99,79.6p per 100g,,food-cupboard
Ben's Original Peri Peri Microwave Rice,Ben's Original Peri Peri Microwave Rice250g,£1.39,55.6p per 100g,Buy 2 for £2.50,food-cupboard
Ben's Original Pilau Microwave Rice,Ben's Original Pilau Microwave Rice250g,£1.39,55.6p per 100g,Buy 2 for £2.50,food-cupboard
Ben's Original Roasted Garlic Microwave Rice ,Ben's Original Roasted Garlic Microwave Rice 250g,£1.39,55.6p per 100g,Buy 2 for £2.50,food-cupboard
Ben's Original Sauce for Chiili Con Carne,Ben's Original Sauce for Chiili Con Carne450g,£1.99,44.2p per 100g,Buy 2 for £3,food-cupboard
Ben's Original Sauce For Lemon Chicken,Ben's Original Sauce For Lemon Chicken450g,£1.99,44.2p per 100g,Buy 2 for £3,food-cupboard
Ben's Original Savoury Chicken Flavour Microwave Rice ,Ben's Original Savoury Chicken...250g,£1.39,55.6p per 100g,Buy 2 for £2.50,food-cupboard
Ben's Original Simply Basmati Microwave Rice,Ben's Original Simply Basmati Microwave Rice250g,£1,40p per 100g,,food-cupboard
Ben's Original Smokey Bbq Microwave Rice ,Ben's Original Smokey Bbq Microwave Rice 250g,£1.39,55.6p per 100g,Buy 2 for £2.50,food-cupboard
Ben's Original Special Fried Microwave Rice ,Ben's Original Special Fried Microwave Rice 250g,£1.39,55.6p per 100g,Buy 2 for £2.50,food-cupboard
Ben's Original Spicy Chilli Microwave Rice ,Ben's Original Spicy Chilli Microwave Rice 250g,£1.39,55.6p per 100g,Buy 2 for £2.50,food-cupboard
Ben's Original Spicy Mexican Microwave Rice,Ben's Original Spicy Mexican Microwave Rice250g,£1.39,55.6p per 100g,Buy 2 for £2.50,food-cupboard
Ben's Original Spicy Mexican Wholegrain Microwave Rice,Ben's Original Spicy Mexican Wh...250g,£1.39,55.6p per 100g,Buy 2 for £2.50,food-cupboard
Ben's Original Sweet & Sour Sauce,Ben's Original Sweet & Sour Sauce450g,£1.99,44.2p per 100g,Buy 2 for £3,food-cupboard
Ben's Original Sweet & Sour Sauce ,Ben's Original Sweet & Sour Sauce 675g,£2.69,39.9p per 100g,,food-cupboard
Ben's Original Thai Sweet Chilli Microwave Rice,Ben's Original Thai Sweet Chilli Microwave Rice250g,£1.39,55.6p per 100g,Buy 2 for £2.50,food-cupboard
Ben's Original Vegetable Pilau Microwave Rice,Ben's Original Vegetable Pilau Microwave Rice250g,£1.39,55.6p per 100g,Buy 2 for £2.50,food-cupboard
Ben's Original Wholegrain Brown Basmati Microwave Rice,Ben's Original Wholegrain Brown...220g,£1,45.5p per 100g,,food-cupboard
Bens Original Wholegrain Egg Fried Microwave Rice,Bens Original Wholegrain Egg Fried Microwave Rice250g,£1.39,55.6p per 100g,Buy 2 for £2.50,food-cupboard
Ben's Original Wholegrain Microwave Rice,Ben's Original Wholegrain Microwave Rice220g,£1,45.5p per 100g,,food-cupboard
Ben's Original Wholegrain Rice ,Ben's Original Wholegrain Rice 500g,£2.85,57p per 100g,,food-cupboard
Ben's Plant Powered Chilli Non Carne,Ben's Plant Powered Chilli Non Carne285g,£2.50,87.7p per 100g,,food-cupboard
Ben's Plant Powered Spicy Lentil Stew,Ben's Plant Powered Spicy Lentil Stew285g,£2.50,87.7p per 100g,,food-cupboard
Ben's Plant Powered Tikka Masala Sweet Potato & Chickpea Sauce,Ben's Plant Powered Tikka Masala Sw...285g,£2.50,87.7p per 100g,,food-cupboard
Better You Boost B12 Oral Spray,Better You Boost B12 Oral Spray25ml,£11.95,£47.80 per 100ml,,food-cupboard
Betty Crocker Blueberry Muffin Mix,Betty Crocker Blueberry Muffin Mix335g,£2.99,£8.93 per kg,Buy 2 for £5,food-cupboard
Betty Crocker Chocolate Chip Cookie Mix,Betty Crocker Chocolate Chip Cookie Mix200g,£1.99,99.5p per 100g,,food-cupboard
Betty Crocker Chocolate Fudge Brownie Mix,Betty Crocker Chocolate Fudge Brownie Mix415g,£2.99,72p per 100g,Buy 2 for £5,food-cupboard
Betty Crocker Chocolate Fudge Icing,Betty Crocker Chocolate Fudge Icing400g,£2.99,74.8p per 100g,Buy 2 for £5,food-cupboard
Betty Crocker Classic Coffee Icing,Betty Crocker Classic Coffee Icing400g,£2.99,£7.48 per kg,Buy 2 for £5,food-cupboard
Betty Crocker Cream Cheese Style Icing,Betty Crocker Cream Cheese Style Icing400g,£2.99,74.8p per 100g,Buy 2 for £5,food-cupboard
Betty Crocker Dark Chocolate Banana Bread Muffin Mix,Betty Crocker Dark Chocolate...320g,£3,93.8p per 100g,Buy 2 for £5,food-cupboard
Betty Crocker Devil's Food Chocolate Cake Mix,Betty Crocker Devil's Food Chocolate Cake Mix425g,£2.99,70.4p per 100g,Buy 2 for £5,food-cupboard
Betty Crocker Gluten Free Chocolate Fudge Brownie Mix,Betty Crocker Gluten Free Cho...415g,£3.09,74.5p per 100g,,food-cupboard
Betty Crocker Lemon Icing,Betty Crocker Lemon Icing400g,£2.99,£7.48 per kg,Buy 2 for £5,food-cupboard
Betty Crocker Milk Chocolate Icing,Betty Crocker Milk Chocolate Icing400g,£2.99,£7.48 per kg,Buy 2 for £5,food-cupboard
Betty Crocker Moreish Carrot Cake Mix,Betty Crocker Moreish Carrot Cake Mix425g,£2.99,70.4p per 100g,Buy 2 for £5,food-cupboard
Betty Crocker Oats & Dark Chocolate Chip Cookie Mix,Betty Crocker Oats & Dark Chocolate Chip Cookie Mix250g,£3,£1.20 per 100g,Buy 2 for £5,food-cupboard
Betty Crocker Rainbow Chip Cake Mix,Betty Crocker Rainbow Chip Cake Mix425g,£2.99,70.4p per 100g,Buy 2 for £5,food-cupboard
Betty Crocker Red Velvet Chocolate Cake Mix,Betty Crocker Red Velvet Chocolate Cake Mix425g,£2.99,70.4p per 100g,Buy 2 for £5,food-cupboard
Betty Crocker Rich Coffee Cake Mix,Betty Crocker Rich Coffee Cake Mix425g,£2.99,£7.04 per kg,Buy 2 for £5,food-cupboard
Betty Crocker Tempting Chocolate Cake Mix,Betty Crocker Tempting Chocolate Cake Mix425g,£2.99,£7.04 per kg,Buy 2 for £5,food-cupboard
Betty Crocker Triple Chocolate Chunk Brownie Mix,Betty Crocker Triple Chocol...415g,£2.99,72p per 100g,Buy 2 for £5,food-cupboard
Betty Crocker Vanilla Buttercream Style Icing,Betty Crocker Vanilla Buttercream Style Icing400g,£2.99,74.8p per 100g,Buy 2 for £5,food-cupboard
Betty Crocker Velvety Vanilla Cake Mix,Betty Crocker Velvety Vanilla Cake Mix425g,£2.99,70.4p per 100g,Buy 2 for £5,food-cupboard
Betty Crocker Zesty Lemon Cake Mix,Betty Crocker Zesty Lemon Cake Mix425g,£2.99,£7.04 per kg,Buy 2 for £5,food-cupboard
Billington's Dark Brown Soft Sugar     ,Billington's Dark Brown Soft Sugar     500g,£2.15,£4.30 per kg,,food-cupboard
Billington's Dark Muscovado Natural Unrefined Cane Sugar,Billington's Dark Muscovado Nat...500g,£1.60,£3.20 per kg,"Offer price £1.60, was £1.99",food-cupboard
Billington's Demerara Sugar   ,Billington's Demerara Sugar   1kg,£3.15,£3.15 per kg,,food-cupboard
Billington's Demerara Sugar,Billington's Demerara Sugar500g,£1.85,£3.70 per kg,,food-cupboard
Billington's Demerara Sugar Cubes ,Billington's Demerara Sugar Cubes 500g,£2.25,£4.50 per kg,,food-cupboard
Billington's Golden Caster Sugar,Billington's Golden Caster Sugar1kg,£2.40,£2.40 per kg,"Offer price £2.40, was £2.85",food-cupboard
Billington's Golden Caster Sugar ,Billington's Golden Caster Sugar 500g,£2.15,£4.30 per kg,,food-cupboard
Billington's Light Brown Soft Sugar ,Billington's Light Brown Soft Sugar 500g,£2.15,£4.30 per kg,,food-cupboard
Billington's Light Muscovado Natural Unrefined Cane Sugar,Billington's Light Muscovado Natu...500g,£1.60,£3.20 per kg,"Offer price £1.60, was £1.99",food-cupboard
Billington's Natural Golden Granulated Sugar,Billington's Natural Golden Granulated Sugar1kg,£2.55,£2.55 per kg,,food-cupboard
Bio-Synergy Chocolate Skinny Protein Powder,Bio-Synergy Chocolate Skinny Protein Powder700g,£36.99,£5.28 per 100g,,food-cupboard
Bioglan Beauty Collagen Effervescent,Bioglan Beauty Collagen Effervescent20 per pack,£8.99,45p each,,food-cupboard
Bioglan Beauty Collagen Gummies,Bioglan Beauty Collagen Gummies60 per pack,£18.99,31.6p each,,food-cupboard
Bioglan Beauty Collagen Powder,Bioglan Beauty Collagen Powder151g,£29.99,£19.86 per 100g,,food-cupboard
Bioglan Beauty Collagen Tablets,Bioglan Beauty Collagen Tablets90 per pack,£22.99,25.5p each,,food-cupboard
Bioglan Vitagummies Vitamin D3 ,Bioglan Vitagummies Vitamin D3 60 per pack,£9.99,16.7p each,,food-cupboard
Biona Brown Lentil Curry Organic,Biona Brown Lentil Curry Organic400g,£1.95,48.8p per 100g,,food-cupboard
Biona Organic Agave Light Syrup,Biona Organic Agave Light Syrup250ml,£3.50,£1.40 per 100ml,,food-cupboard
Biona Organic Black Beans in Water No Added Salt or Sugar (400g),Biona Organic Black Beans in Water No...240g,£1.59,£6.63 per kg,,food-cupboard
Biona Organic Black Chick Peas,Biona Organic Black Chick Peas400g,£1.59,£3.98 per kg,,food-cupboard
Biona Organic Chilli Con Quinoa,Biona Organic Chilli Con Quinoa400g,£3.29,82.3p per 100g,,food-cupboard
Biona Organic Date Syrup ,Biona Organic Date Syrup 350g,£3.70,£1.06 per 100g,,food-cupboard
Biona Organic Jackfruit Stew,Biona Organic Jackfruit Stew400g,£3.69,92.3p per 100g,,food-cupboard
Biona Organic Kimchi,Biona Organic Kimchi350g,£4,£1.14 per 100g,,food-cupboard
Biona Organic Lentils Vert ,Biona Organic Lentils Vert 400g,£1.59,£3.98 per kg,,food-cupboard
Biona Organic Sauerkraut ,Biona Organic Sauerkraut 360g,£2,55.6p per 100g,,food-cupboard
Biona Organic Seitan Pieces,Biona Organic Seitan Pieces350g,£3.50,£1.00 per 100g,,food-cupboard
Biona Organic Tempeh ,Biona Organic Tempeh 400g,£3,75p per 100g,,food-cupboard
Biona Peanut Butter,Biona Peanut Butter250g,£3,£1.20 per 100g,,food-cupboard
Biona Spelt Fusilli Wholegrain,Biona Spelt Fusilli Wholegrain500g,£2.50,50p per 100g,,food-cupboard
Biona Spelt Spaghetti Wholegrain,Biona Spelt Spaghetti Wholegrain500g,£2.50,50p per 100g,,food-cupboard
Birds Custard Powder,Birds Custard Powder350g,£1.75,50p per 100g,"Offer price £1.75, was £1.99",food-cupboard
Birds Eye Chillies ,Birds Eye Chillies 11g,£2.15,£1.95 per 10g,Buy 2 for £3.30,food-cupboard
Birds Instant Custard 3 PK,Birds Instant Custard 3 PK225g,£1.99,88.4p per 100g,,food-cupboard
Bird's Strawberry Trifle Flavour Mix,Bird's Strawberry Trifle Flavour Mix141g,£2,£1.42 per 100g,"Offer price £2, was £2.39",food-cupboard
Bisto Best Beef Gravy ,Bisto Best Beef Gravy 390g,£4.99,£1.28 per 100g,,food-cupboard
Bisto Best Beef Gravy 25% Less Salt,Bisto Best Beef Gravy 25% Less Salt390g,£4.99,£1.28 per 100g,,food-cupboard
Bisto Best Beef Gravy Granules,Bisto Best Beef Gravy Granules230g,£3,£1.30 per 100g,,food-cupboard
Bisto Best Beef Gravy Sachet ,Bisto Best Beef Gravy Sachet 24g,£1.25,£5.21 per 100g,Buy 3 for £1.50,food-cupboard
Bisto Best Chicken Gravy ,Bisto Best Chicken Gravy 390g,£4.99,£1.28 per 100g,,food-cupboard
Bisto Best Chicken Gravy Granules,Bisto Best Chicken Gravy Granules230g,£3,£1.30 per 100g,,food-cupboard
Bisto Best Chicken Gravy Sachet,Bisto Best Chicken Gravy Sachet24g,£1.25,£5.21 per 100g,Buy 3 for £1.50,food-cupboard
Bisto Best Lamb Gravy Granules,Bisto Best Lamb Gravy Granules230g,£3,£1.30 per 100g,,food-cupboard
Bisto Best Lamb Gravy Sachet,Bisto Best Lamb Gravy Sachet24g,£1.25,£5.21 per 100g,Buy 3 for £1.50,food-cupboard
Bisto Best Onion Gravy Granules,Bisto Best Onion Gravy Granules230g,£3,£1.30 per 100g,,food-cupboard
Bisto Best Pork Gravy Granules,Bisto Best Pork Gravy Granules230g,£3,£1.30 per 100g,,food-cupboard
Bisto Best Pork Gravy Sachet,Bisto Best Pork Gravy Sachet24g,£1.25,£5.21 per 100g,Buy 3 for £1.50,food-cupboard
Bisto Best Reduced Salt Beef Gravy Granules,Bisto Best Reduced Salt Beef Gravy Granules230g,£3,£1.30 per 100g,,food-cupboard
Bisto Chicken Gravy Granules ,Bisto Chicken Gravy Granules 190g,£2.99,£1.57 per 100g,,food-cupboard
Bisto Chip Shop Curry Sauce Ready To Use Pots,Bisto Chip Shop Curry Sauce Ready To Use Pots2 x 90g,£2.50,£1.39 per 100g,,food-cupboard
Bisto Favourites Ready To Use Gravy Pots ,Bisto Favourites Ready To Use Gravy Pots 2 per pack,£2.50,£1.25 each,,food-cupboard
Bisto Favourites Reduced Salt Ready To Use Gravy Pots,Bisto Favourites Reduced Salt...2 per pack,£2.50,£1.25 each,,food-cupboard
Bisto Gravy Granules,Bisto Gravy Granules190g,£2.99,£1.57 per 100g,,food-cupboard
Bisto Gravy Granules Beef,Bisto Gravy Granules Beef450g,£4.50,£1.00 per 100g,"Offer price £4.50, was £4.99",food-cupboard
Bisto Gravy Granules Beef,Bisto Gravy Granules Beef300g,£4.49,£1.50 per 100g,,food-cupboard
Bisto Gravy Granules Chicken ,Bisto Gravy Granules Chicken 450g,£4.50,£1.00 per 100g,"Offer price £4.50, was £4.99",food-cupboard
Bisto Gravy Granules Chicken,Bisto Gravy Granules Chicken300g,£4.49,£1.50 per 100g,,food-cupboard
Bisto Gravy Granules Southern Style,Bisto Gravy Granules Southern Style190g,£2.99,£1.57 per 100g,,food-cupboard
Bisto Gravy Granules Turkey,Bisto Gravy Granules Turkey190g,£2.99,£1.57 per 100g,,food-cupboard
Bisto Gravy Powder,Bisto Gravy Powder454g,£2.99,65.9p per 100g,,food-cupboard
Bisto Katsu Sauce Ready To Use Pots,Bisto Katsu Sauce Ready To Use Pots2 x 90g,£2.50,£1.39 per 100g,,food-cupboard
Bisto Onion Gravy Granules,Bisto Onion Gravy Granules190g,£2.99,£1.57 per 100g,,food-cupboard
Bisto Pepper Sauce Mix,Bisto Pepper Sauce Mix185g,£2.99,£1.62 per 100g,Buy 2 for £4,food-cupboard
Bisto Reduced Salt Chicken Gravy Granules ,Bisto Reduced Salt Chicken Gravy Granules 190g,£2.99,£1.57 per 100g,,food-cupboard
Bisto Reduced Salt Gravy Granules,Bisto Reduced Salt Gravy Granules190g,£2.99,£1.57 per 100g,,food-cupboard
Bisto Reduced Salt Gravy Granules Beef,Bisto Reduced Salt Gravy Granules Beef300g,£4.49,£1.50 per 100g,,food-cupboard
Bisto Reduced Salt Gravy Granules Beef,Bisto Reduced Salt Gravy Granules Beef450g,£4.50,£1.00 per 100g,"Offer price £4.50, was £4.99",food-cupboard
Bisto Sauce Mix Cheese,Bisto Sauce Mix Cheese185g,£2.99,£1.62 per 100g,Buy 2 for £4,food-cupboard
Bisto Sauce Mix Chip Shop Curry,Bisto Sauce Mix Chip Shop Curry185g,£2.99,£1.62 per 100g,Buy 2 for £4,food-cupboard
Bisto Sauces Parsley Sauce Mix,Bisto Sauces Parsley Sauce Mix185g,£2.99,£1.62 per 100g,Buy 2 for £4,food-cupboard
Bisto Sauces White Sauce Mix,Bisto Sauces White Sauce Mix185g,£2.99,£1.62 per 100g,Buy 2 for £4,food-cupboard
Bisto Vegetable Gravy Granules,Bisto Vegetable Gravy Granules190g,£2.99,£1.57 per 100g,,food-cupboard
Blue Dragon Aromatic Katsu Stir Fry Sauce,Blue Dragon Aromatic Katsu Stir Fry Sauce120g,95p,79.2p per 100g,,food-cupboard
Blue Dragon Black Bean Stir Fry Sauce,Blue Dragon Black Bean Stir Fry Sauce120g,95p,79.2p per 100g,,food-cupboard
Blue Dragon Chow Mein Stir Fry Sauce,Blue Dragon Chow Mein Stir Fry Sauce120g,95p,79.2p per 100g,,food-cupboard
Blue Dragon Coconut Cream   ,Blue Dragon Coconut Cream   250ml,£1.99,79.6p per 100ml,,food-cupboard
Blue Dragon Coconut Milk,Blue Dragon Coconut Milk400ml,£2.49,62.3p per 100ml,Buy 2 for £3,food-cupboard
Blue Dragon Dark Soy Sauce 150Ml,Blue Dragon Dark Soy Sauce 150Ml150ml,£1.85,£1.23 per 100ml,Buy 2 for £3,food-cupboard
Blue Dragon Fish Sauce,Blue Dragon Fish Sauce150ml,£1.75,£1.17 per 100ml,,food-cupboard
Blue Dragon Fragrant Pad Thai Stir Fry Sauce,Blue Dragon Fragrant Pad Thai Stir Fry Sauce120g,95p,79.2p per 100g,,food-cupboard
Blue Dragon Hoisin & Garlic Stir Fry Sauce,Blue Dragon Hoisin & Garlic Stir Fry Sauce120g,95p,79.2p per 100g,,food-cupboard
Blue Dragon Katsu Curry Kit,Blue Dragon Katsu Curry Kit330g,£3.09,93.6p per 100g,,food-cupboard
Blue Dragon Light Coconut Milk,Blue Dragon Light Coconut Milk400ml,£2.49,62.3p per 100ml,Buy 2 for £3,food-cupboard
Blue Dragon Light Soy Sauce 150Ml,Blue Dragon Light Soy Sauce 150Ml150ml,£1.85,£1.23 per 100ml,Buy 2 for £3,food-cupboard
Blue Dragon Light Sweet Chilli Sauce ,Blue Dragon Light Sweet Chilli Sauce 350g,£2.49,71.1p per 100g,,food-cupboard
Blue Dragon Original Thai Sweet Chilli Sauce,Blue Dragon Original Thai Sweet Chilli Sauce380g,£2.49,65.5p per 100g,,food-cupboard
Blue Dragon Original Thai Sweet Chilli Sauce,Blue Dragon Original Thai Sweet Chilli Sauce190ml,£1.89,99.5p per 100ml,Buy 2 for £3,food-cupboard
Blue Dragon Oyster & Spring Onion Stir Fry Sauce,Blue Dragon Oyster & Spring...120g,95p,79.2p per 100g,,food-cupboard
Blue Dragon Oyster Sauce  ,Blue Dragon Oyster Sauce  150ml,£1.75,£1.17 per 100ml,,food-cupboard
Blue Dragon Pad Thai Kit,Blue Dragon Pad Thai Kit265g,£3.09,£1.17 per 100g,,food-cupboard
Blue Dragon Plant Based Beetroot Noodles,Blue Dragon Plant Based Beetroot Noodles125g,£1.75,£14.00 per kg,Buy 2 for £3,food-cupboard
Blue Dragon Ramen Kit,Blue Dragon Ramen Kit201g,£3.09,£1.54 per 100g,,food-cupboard
Blue Dragon Reduced Salt Soy Sauce 150Ml,Blue Dragon Reduced Salt Soy Sauce 150Ml150ml,£1.85,£1.23 per 100ml,Buy 2 for £3,food-cupboard
Blue Dragon Satay Stir Fry Sauce,Blue Dragon Satay Stir Fry Sauce120g,95p,£7.92 per kg,,food-cupboard
Blue Dragon Sweet & Sour Stir Fry Sauce,Blue Dragon Sweet & Sour Stir Fry Sauce120g,95p,79.2p per 100g,,food-cupboard
Blue Dragon Sweet Chilli & Garlic Stir Fry Sauce ,Blue Dragon Sweet Chilli & Garlic Stir Fry Sauce 120g,95p,79.2p per 100g,,food-cupboard
Blue Dragon Teriyaki Sauce,Blue Dragon Teriyaki Sauce190ml,£1.85,97.4p per 100ml,Buy 2 for £3,food-cupboard
Blue Dragon Thai Green Curry Kit,Blue Dragon Thai Green Curry Kit253g,£3.09,£1.22 per 100g,,food-cupboard
Blue Dragon Thai Green Curry Paste,Blue Dragon Thai Green Curry Paste170g,£2.29,£1.35 per 100g,,food-cupboard
Blue Dragon Thai Green Curry Paste Pot,Blue Dragon Thai Green Curry Paste Pot50g,£1.25,£2.50 per 100g,,food-cupboard
Blue Dragon Thai Hot Chilli Sriracha Sauce,Blue Dragon Thai Hot Chilli Sriracha Sauce435ml,£3.25,74.7p per 100ml,,food-cupboard
Blue Dragon Thai Red Curry Kit,Blue Dragon Thai Red Curry Kit253g,£3.09,£1.22 per 100g,,food-cupboard
Blue Dragon Thai Red Curry Paste,Blue Dragon Thai Red Curry Paste170g,£2.29,£1.35 per 100g,,food-cupboard
Blue Dragon Thai Red Curry Paste Pot,Blue Dragon Thai Red Curry Paste Pot50g,£1.25,£2.50 per 100g,,food-cupboard
Blue Dragon White Rice Vinegar,Blue Dragon White Rice Vinegar150ml,£2.19,£1.46 per 100ml,,food-cupboard
Blue Dragon Yaki Soba Noodle Kit,Blue Dragon Yaki Soba Noodle Kit,£3.09,,,food-cupboard
Blue Riband Milk Chocolate Caramel Wafer Biscuit Multipack 16 Pack,Blue Riband Milk Chocolate Caramel Wafe...288g,£2.25,78.1p per 100g,"Offer price £2.25, was £2.50",food-cupboard
Blue Riband Original 8 Pack,Blue Riband Original 8 Pack8 x 18g,£1.25,86.8p per 100g,,food-cupboard
Bolands Lemon Puff Biscuits,Bolands Lemon Puff Biscuits200g,£1,50p per 100g,"Offer price £1, was £1.49",food-cupboard
Bonne Cuisine Madeira Wine Gravy Mix ,Bonne Cuisine Madeira Wine Gravy Mix 30g,79p,£2.63 per 100g,,food-cupboard
Bonne Maman Apricot Conserve,Bonne Maman Apricot Conserve370g,£3.29,88.9p per 100g,,food-cupboard
Bonne Maman Apricot Intense,Bonne Maman Apricot Intense335g,£3.79,£1.13 per 100g,,food-cupboard
Bonne Maman Berries & Cherries Conserve,Bonne Maman Berries & Cherries Conserve370g,£3.29,88.9p per 100g,,food-cupboard
Bonne Maman Bitter Orange Marmalade  ,Bonne Maman Bitter Orange Marmalade  370g,£3.25,87.8p per 100g,,food-cupboard
Bonne Maman Black Cherry Conserve,Bonne Maman Black Cherry Conserve370g,£3.59,97p per 100g,,food-cupboard
Bonne Maman Blackcurrant Conserve,Bonne Maman Blackcurrant Conserve370g,£3.29,88.9p per 100g,,food-cupboard
Bonne Maman Damson Plum Conserve,Bonne Maman Damson Plum Conserve370g,£3.29,88.9p per 100g,,food-cupboard
Bonne Maman Hazelnut Chocolate Spread,Bonne Maman Hazelnut Chocolate Spread250g,£2.89,£1.16 per 100g,,food-cupboard
Bonne Maman Lemon Curd,Bonne Maman Lemon Curd360g,£2.89,80.3p per 100g,,food-cupboard
Bonne Maman Peach Conserve,Bonne Maman Peach Conserve370g,£3.29,88.9p per 100g,,food-cupboard
Bonne Maman Raspberry Conserve,Bonne Maman Raspberry Conserve370g,£3.59,97p per 100g,,food-cupboard
Bonne Maman Strawberry Conserve,Bonne Maman Strawberry Conserve370g,£3.29,88.9p per 100g,,food-cupboard
Bonne Maman Strawberry Conserve,Bonne Maman Strawberry Conserve750g,£5.89,78.5p per 100g,,food-cupboard
Bonne Maman Strawberry Intense,Bonne Maman Strawberry Intense335g,£3.79,£1.13 per 100g,,food-cupboard
Bonne Maman Wild Blueberry Conserve,Bonne Maman Wild Blueberry Conserve370g,£3.59,97p per 100g,,food-cupboard
Bonne Maman Wild Strawberry Conserve,Bonne Maman Wild Strawberry Conserve370g,£3.59,97p per 100g,,food-cupboard
Border Classic Sharing Pack ,Border Classic Sharing Pack 400g,£3.25,81.3p per 100g,"Offer price £3.25, was £3.75",food-cupboard
Border Dark Chocolate Ginger ,Border Dark Chocolate Ginger 6 x 24g,£1.85,£1.28 per 100g,,food-cupboard
Border Dark Chocolate Gingers,Border Dark Chocolate Gingers150g,£1.25,83.3p per 100g,"Offer price £1.25, was £1.89",food-cupboard
Borderfields Cold Pressed British Rapeseed Oil,Borderfields Cold Pressed British Rapeseed Oil500ml,£3,60p per 100ml,"Offer price £3, was £3.50",food-cupboard
Border Lemon Drizzle Melts ,Border Lemon Drizzle Melts 150g,£1.75,£1.17 per 100g,,food-cupboard
Bosh! Bangin' Beetroot Burger Mix,Bosh! Bangin' Beetroot Burger Mix120g,£2.39,£1.99 per 100g,,food-cupboard
Bosh! Chocka Choco Cookie Mix,Bosh! Chocka Choco Cookie Mix220g,£3,£1.36 per 100g,,food-cupboard
Bosh! Red Pepper Spelt Burger Mix,Bosh! Red Pepper Spelt Burger Mix120g,£2.39,£1.99 per 100g,,food-cupboard
Bosh! Ultimate Falafel Mix,Bosh! Ultimate Falafel Mix120g,£2.39,£1.99 per 100g,,food-cupboard
Bounce Caramel Protein Ball ,Bounce Caramel Protein Ball 40g,£2.10,£5.25 per 100g,,food-cupboard
Bounce Choc Brownie Protein Ball,Bounce Choc Brownie Protein Ball40g,£2.10,£5.25 per 100g,,food-cupboard
Bounce Hazelnut Protein Ball,Bounce Hazelnut Protein Ball40g,£2.10,£5.25 per 100g,,food-cupboard
Bounty Coconut & Milk Chocolate Snack Bars Multipack ,Bounty Coconut & Milk Chocola...4 x 57g,£1.65,72.4p per 100g,"Offer price £1.65, was £1.95",food-cupboard
Bounty Coconut Milk Chocolate Easter Egg with 3 Fun Size Bars,Bounty Coconut Milk Chocolate Easte...235.5g,£3.25,£1.38 per 100g,,food-cupboard
Bounty Milk Duo      ,Bounty Milk Duo      57g,75p,£1.32 per 100g,,food-cupboard
Bounty Triple Treat Fruit & Nut Milk Chocolate Snack Bars Multipack,Bounty Triple Treat Fruit & Nut Milk Ch...4 x 32g,£1.75,£1.37 per 100g,,food-cupboard
"Bounty Triple Treat Fruit, Nut & Chocolate Snack Bar","Bounty Triple Treat Fruit, Nu...40g",65p,£1.63 per 100g,,food-cupboard
Bovril Beef Yeast Extract,Bovril Beef Yeast Extract250g,£4.39,£1.76 per 100g,,food-cupboard
Branston Baked Beans,Branston Baked Beans410g,99p,£2.41 per kg,,food-cupboard
Branston Baked Beans,Branston Baked Beans220g,69p,£3.14 per kg,,food-cupboard
Branston Baked Beans,Branston Baked Beans4 x 410g,£2.99,£1.82 per kg,,food-cupboard
Branston Baked Beans,Branston Baked Beans6 x 410g,£4.49,£1.83 per kg,,food-cupboard
Branston Baked Beans with Sausages,Branston Baked Beans with Sausages405g,£1.35,£3.33 per kg,,food-cupboard
Branston Branstonnnaise Small Chunk Pickle Mayo,Branston Branstonnnaise Small Chunk Pickle Mayo260g,£1.50,57.7p per 100g,"Offer price £1.50, was £1.99",food-cupboard
Branston Caramelised Onion Chutney ,Branston Caramelised Onion Chutney 290g,£1.50,51.7p per 100g,"Offer price £1.50, was £1.79",food-cupboard
Branston Mediterranean Tomato Chutney,Branston Mediterranean Tomato Chutney290g,£1.50,51.7p per 100g,"Offer price £1.50, was £1.79",food-cupboard
Branston Original Piccalilli ,Branston Original Piccalilli 360g,£1.50,41.6p per 100g,"Offer price £1.50, was £2.19",food-cupboard
Branston Original Sweet Pickle,Branston Original Sweet Pickle360g,£1.79,49.7p per 100g,,food-cupboard
Branston Original Sweet Pickle,Branston Original Sweet Pickle720g,£2.79,38.8p per 100g,,food-cupboard
Branston Piccalilli Small Chunks ,Branston Piccalilli Small Chunks 360g,£1.50,41.6p per 100g,"Offer price £1.50, was £2.19",food-cupboard
Branston Rich & Fruity Sauce,Branston Rich & Fruity Sauce245g,95p,38.8p per 100g,,food-cupboard
Branston Small Chunk Sweet Pickle,Branston Small Chunk Sweet Pickle360g,£1.79,49.7p per 100g,,food-cupboard
Branston Small Chunk Sweet Pickle,Branston Small Chunk Sweet Pickle720g,£2.79,38.8p per 100g,,food-cupboard
Branston Smooth Pickle Squeezable,Branston Smooth Pickle Squeezable355g,£1.99,56.1p per 100g,,food-cupboard
Branston Smooth Sweet Pickle ,Branston Smooth Sweet Pickle 370g,£1.79,48.4p per 100g,,food-cupboard
Branston Squeezy Small Chunk Pickle,Branston Squeezy Small Chunk Pickle350g,£1.99,56.9p per 100g,,food-cupboard
Brave Ape Blueberry & Cinnamon Instant Keto Porridge,Brave Ape Blueberry & Cinnamo...240g,£5.75,£2.40 per 100g,,food-cupboard
Breakaway Milk Chocolate Biscuit Bar Multipack 8 Pack,Breakaway Milk Chocolate Bisc...8 x 19g,£1.25,82.2p per 100g,,food-cupboard
Brooklyn Diner Hot Dogs,Brooklyn Diner Hot Dogs550g,£2.25,40.9p per 100g,,food-cupboard
Buckwud Canadian Maple Syrup,Buckwud Canadian Maple Syrup250g,£6,£2.40 per 100g,,food-cupboard
Bull's-Eye Applewood Smoked BBQ Sauce,Bull's-Eye Applewood Smoked BBQ Sauce300ml,£2.99,99.7p per 100ml,,food-cupboard
Bull's-Eye Louisiana Chipotle Medium Hot Sauce,Bull's-Eye Louisiana Chip...135g,£2.29,£1.70 per 100g,,food-cupboard
Bull's-Eye New York Steakhouse BBQ Sauce,Bull's-Eye New York Steakhouse BBQ Sauce360g,£2.99,83.1p per 100g,,food-cupboard
Bull's-Eye Original,Bull's-Eye Original355g,£2.99,84.2p per 100g,,food-cupboard
Bunlimited 4 Classic Hot Dogs ,Bunlimited 4 Classic Hot Dogs 280g,£2.49,88.9p per 100g,,food-cupboard
Butterkist Cinema Sweet Popcorn 100g,Butterkist Cinema Sweet Popcorn 100g100g,£1.25,£1.25 per 100g,,food-cupboard
Butterkist Crunchy Toffee Popcorn,Butterkist Crunchy Toffee Popcorn170g,£1.50,88.2p per 100g,"Offer price £1.50, was £1.99",food-cupboard
Butterkist Crunchy Toffee Popcorn ,Butterkist Crunchy Toffee Popcorn 6 x 20g,£1.50,£1.25 per 100g,,food-cupboard
Butterkist Delicious Sweet & Salted Popcorn 100g,Butterkist Delicious Sweet & Salted Popcorn 100g100g,£1.25,£1.25 per 100g,,food-cupboard
Butterkist Salted Microwave Popcorn 3x60g,Butterkist Salted Microwave Popcorn 3x60g3 x 60g,£1.75,97.5p per 100g,"Offer price £1.75, was £2.10",food-cupboard
Butterkist Simply Salted Popcorn,Butterkist Simply Salted Popcorn80g,£1.25,£1.56 per 100g,,food-cupboard
Butterkist Sweet & Salted Microwave Popcorn 3x60g,Butterkist Sweet & Salted Microwave Popcorn 3x60g3 x 60g,£1.75,97.2p per 100g,,food-cupboard
Butter Puffs Biscuit Crackers,Butter Puffs Biscuit Crackers200g,£1.99,99.5p per 100g,,food-cupboard
Cadbury Animals With Freddo ,Cadbury Animals With Freddo 139.3g,£1,71.8p per 100g,,food-cupboard
Cadbury Bitsa Wispa Chocolate Bag,Cadbury Bitsa Wispa Chocolate Bag110g,£1.50,£1.36 per 100g,,food-cupboard
Cadbury Boost Chocolate Bar Multipack 4 Pack,Cadbury Boost Chocolate Bar Multipack 4 Pack148g,£1.50,£1.01 per 100g,,food-cupboard
Cadbury Boost Duo Chocolate Bar,Cadbury Boost Duo Chocolate Bar63g,50p,79.4p per 100g,,food-cupboard
Cadbury Bournville Buttons Dark Chocolate Bag,Cadbury Bournville Button...110g,£1.35,£1.23 per 100g,"Offer price £1.35, was £1.85",food-cupboard
Cadbury Bournville Cocoa Tub,Cadbury Bournville Cocoa Tub250g,£3.25,£1.30 per 100g,,food-cupboard
Cadbury Bournville Dark Chocolate Bar ,Cadbury Bournville Dark Chocolate Bar 180g,£2,£1.11 per 100g,,food-cupboard
Cadbury Bournville Fingers Dark Chocolate Biscuits,Cadbury Bournville Fingers...114g,£1.50,£1.32 per 100g,,food-cupboard
Cadbury Bournville Old Jamaica Dark Chocolate Rum & Raisin Bar,Cadbury Bournville Old Jamaica Dark...100g,£1.35,£1.35 per 100g,,food-cupboard
Cadbury Brownie Mix,Cadbury Brownie Mix350g,£2.99,85.4p per 100g,,food-cupboard
Cadbury Brunch Bar Raisin Chocolate Bar Multipack 5 Pack,Cadbury Brunch Bar Raisin Choco...160g,£1.25,78.1p per 100g,,food-cupboard
Cadbury Brunch Bournville Dark Chocolate Bar Multipack 5 Pack,Cadbury Brunch Bournville Dark Choc...160g,£1.25,78.1p per 100g,,food-cupboard
Cadbury Brunch Choc Chip Chocolate Bar Multipack 5 Pack,Cadbury Brunch Choc Chip Chocol...160g,£1.25,78.1p per 100g,,food-cupboard
Cadbury Brunch Peanut Chocolate Bar Multipack 5 Pack,Cadbury Brunch Peanut Chocola...160g,£1.25,78.1p per 100g,,food-cupboard
Cadbury Caramel Chocolate Easter Egg,Cadbury Caramel Chocolate Easter Egg195g,£3.25,£1.67 per 100g,,food-cupboard
Cadbury Caramel Egg 40g,Cadbury Caramel Egg 40g40g,70p,£1.75 per 100g,Buy 2 for £1,food-cupboard
Cadbury Caramilk Buttons Chocolate Bag,Cadbury Caramilk Buttons Chocolate Bag105g,£1.35,£1.29 per 100g,"Offer price £1.35, was £1.50",food-cupboard
Cadbury Caramilk Chocolate Bar,Cadbury Caramilk Chocolate Bar90g,£1.35,£1.50 per 100g,,food-cupboard
Cadbury Caramilk Chocolate Bar,Cadbury Caramilk Chocolate Bar37g,75p,£2.03 per 100g,Buy 2 for £1.20,food-cupboard
Cadbury Chocolate Easter Egg Hunt,Cadbury Chocolate Easter Egg Hunt317g,£5,£1.58 per 100g,,food-cupboard
Cadbury Chocolate Sponge Mix ,Cadbury Chocolate Sponge Mix 400g,£2.99,£7.48 per kg,,food-cupboard
Cadbury Creme Egg,Cadbury Creme Egg40g,70p,£1.75 per 100g,Buy 2 for £1,food-cupboard
Cadbury Creme Egg 10Pack Chocolate Multipack ,Cadbury Creme Egg 10Pack...400g,£4.25,£1.06 per 100g,,food-cupboard
Cadbury Creme Egg 5 Pack Mulitpack ,Cadbury Creme Egg 5 Pack Mulitpack 197g,£2.25,£1.14 per 100g,,food-cupboard
Cadbury Creme Egg Chocolate Easter Egg,Cadbury Creme Egg Chocolate Easter Egg195g,£3.25,£1.67 per 100g,,food-cupboard
Cadbury Creme Egg Large Chocolate Easter Egg,Cadbury Creme Egg Large Chocolate Easter Egg235g,£5,£2.13 per 100g,,food-cupboard
Cadbury Creme Egg Mixed Milk & White Chocolate Egg 5Pk,Cadbury Creme Egg Mixed Milk &...200g,£2.25,£1.13 per 100g,,food-cupboard
Cadbury Crunchie Chocolate Bar Multipack 4 Pack,Cadbury Crunchie Chocolat...128g,£1.50,£1.17 per 100g,,food-cupboard
Cadbury Crunchie Chocolate Bar Multipack 9 Pack,Cadbury Crunchie Chocolat...235g,£2,85.1p per 100g,,food-cupboard
Cadbury Crunchie Chocolate Easter Egg ,Cadbury Crunchie Chocolate Easter Egg 190g,£3.25,£1.71 per 100g,,food-cupboard
Cadbury Crunchie Rocks Chocolate Bag,Cadbury Crunchie Rocks Chocolate Bag110g,£1.35,£1.22 per 100g,"Offer price £1.35, was £1.50",food-cupboard
Cadbury Crunchy Melts Chocolate Centre Chocolate Biscuits,Cadbury Crunchy Melts Chocolate C...156g,£1.90,£1.22 per 100g,,food-cupboard
Cadbury Crunchy Melts Oreo Creme Cookies,Cadbury Crunchy Melts Oreo Creme Cookies156g,£1.90,£1.22 per 100g,,food-cupboard
Cadbury Curly Wurly Chocolate Multipack 5 Pack,Cadbury Curly Wurly Choco...107.5g,£1.25,£1.16 per 100g,,food-cupboard
Cadbury Curlywurly Squirlies Chocolate Bag,Cadbury Curlywurly Squirlies Chocolate Bag110g,£1.35,£1.22 per 100g,"Offer price £1.35, was £1.50",food-cupboard
Cadbury Dairy Milk Buttons Giant Chocolate Easter Egg ,Cadbury Dairy Milk Buttons Gian...419g,£10,£2.39 per 100g,,food-cupboard
Cadbury Dairy Milk Buttons Mint ,Cadbury Dairy Milk Buttons Mint 110g,£1.35,£1.22 per 100g,"Offer price £1.35, was £1.50",food-cupboard
Cadbury Dairy Milk Caramel Chocolate Bar,Cadbury Dairy Milk Caramel Chocolate Bar120g,£1.35,£1.13 per 100g,"Offer price £1.35, was £1.50",food-cupboard
Cadbury Dairy Milk Caramel Chocolate Bar,Cadbury Dairy Milk Caramel Chocolate Bar180g,£2,£1.11 per 100g,,food-cupboard
Cadbury Dairy Milk Caramel Chocolate Bar Multipack 4 Pack,Cadbury Dairy Milk Caramel Chocol...148g,£1.50,£1.01 per 100g,,food-cupboard
Cadbury Dairy Milk Caramel Nibbles Chocolate Bag,Cadbury Dairy Milk Caramel...120g,£1.35,£1.13 per 100g,"Offer price £1.35, was £1.50",food-cupboard
Cadbury Dairy Milk Chocolate Bar,Cadbury Dairy Milk Chocolate Bar110g,£1.35,£1.22 per 100g,"Offer price £1.35, was £1.50",food-cupboard
Cadbury Dairy Milk Chocolate Bar,Cadbury Dairy Milk Chocolate Bar360g,£3.99,£1.11 per 100g,,food-cupboard
Cadbury Dairy Milk Chocolate Bar,Cadbury Dairy Milk Chocolate Bar180g,£2,£1.11 per 100g,,food-cupboard
Cadbury Dairy Milk Chocolate Bar Multipack 4 Pack,Cadbury Dairy Milk Chocolat...134g,£1.50,£1.12 per 100g,,food-cupboard
Cadbury Dairy Milk Chocolate Bar Multipack 9 Pack,Cadbury Dairy Milk Chocolat...244.8g,£2,81.7p per 100g,,food-cupboard
Cadbury Dairy Milk Chocolate Easter Hollow Bunny,Cadbury Dairy Milk Chocolat...100g,£2,£2.00 per 100g,,food-cupboard
Cadbury Dairy Milk Chunk Giant Chocolate Easter Egg ,Cadbury Dairy Milk Chunk Gian...400g,£10,£2.50 per 100g,,food-cupboard
Cadbury Dairy Milk Classic Peter Plush Hollow Chocolate,Cadbury Dairy Milk Classic Pete...72g,£5,£6.94 per 100g,,food-cupboard
Cadbury Dairy Milk Creme Egg Mini Filled Egg Bag,Cadbury Dairy Milk Creme Egg Mini Filled Egg Bag78g,£1.25,£1.60 per 100g,,food-cupboard
Cadbury Dairy Milk Crunchie Bits Chocolate Bar ,Cadbury Dairy Milk Crunch...180g,£2,£1.11 per 100g,,food-cupboard
Cadbury Dairy Milk Daim Chocolate Bar,Cadbury Dairy Milk Daim Chocolate Bar120g,£1.35,£1.13 per 100g,"Offer price £1.35, was £1.50",food-cupboard
Cadbury Dairy Milk Daim Mini Filled Egg Chocolate Bag,Cadbury Dairy Milk Daim Mini...77g,£1.25,£1.62 per 100g,,food-cupboard
Cadbury Dairy Milk Duo Chocolate Bar,Cadbury Dairy Milk Duo Chocolate Bar54.4g,85p,£1.56 per 100g,,food-cupboard
Cadbury Dairy Milk Easter Bunny Orange Mousse Chocolate Bar,Cadbury Dairy Milk Easter Bunny O...30g,70p,£2.33 per 100g,Buy 2 for £1,food-cupboard
Cadbury Dairy Milk Freddo & Friends Treatsize Chocolate 12pack,Cadbury Dairy Milk Freddo & Friends...191g,£1,52.4p per 100g,"Offer price £1, was £1.99 - Online Exclusive",food-cupboard
Cadbury Dairy Milk Freddo Caramel Chocolate Multipack 5 Pack,Cadbury Dairy Milk Freddo Caramel C...97.5g,£1.25,£1.28 per 100g,,food-cupboard
Cadbury Dairy Milk Freddo Chocolate Multipack 5 Pack,Cadbury Dairy Milk Freddo Cho...90g,£1.25,£1.39 per 100g,,food-cupboard
Cadbury Dairy Milk Fruit & Nut Chocolate Bar,Cadbury Dairy Milk Fruit & Nut Chocolate Bar180g,£2,£1.11 per 100g,,food-cupboard
Cadbury Dairy Milk Giant Buttons,Cadbury Dairy Milk Giant Buttons184.8g,£2,£1.08 per 100g,,food-cupboard
Cadbury Dairy Milk Giant Buttons Chocolate Bag,Cadbury Dairy Milk Giant Buttons Chocolate Bag119g,£1.35,£1.13 per 100g,"Offer price £1.35, was £1.50",food-cupboard
Cadbury Dairy Milk Giant Orange Buttons Chocolate Bag,Cadbury Dairy Milk Giant Oran...110g,£1.35,£1.22 per 100g,"Offer price £1.35, was £1.50",food-cupboard
Cadbury Dairy Milk Hot Cross Bun Chocolate Bar ,Cadbury Dairy Milk Hot Cross Bun Chocolate Bar 110g,£1,91.2p per 100g,"Offer price £1, was £1.25",food-cupboard
Cadbury Dairy Milk Large Chocolate Easter Egg,Cadbury Dairy Milk Large Chocolate Easter Egg245g,£5,£2.04 per 100g,,food-cupboard
Cadbury Dairy Milk Little Bars Chocolate Multipack 6 Pack ,Cadbury Dairy Milk Little Bars Ch...108g,£1.25,£1.16 per 100g,,food-cupboard
Cadbury Dairy Milk Marvellous Creations Jelly Popping Candy Chocolate Bar,Cadbury Dairy Milk Marvellous C...160g,£2,£1.25 per 100g,,food-cupboard
Cadbury Dairy Milk Mini Egg Filled Egg Chocolate Bag,Cadbury Dairy Milk Mini Egg F...77g,£1.25,£1.62 per 100g,,food-cupboard
Cadbury Dairy Milk Mint ,Cadbury Dairy Milk Mint 180g,£2,£1.11 per 100g,,food-cupboard
Cadbury Dairy Milk Mint Fingers,Cadbury Dairy Milk Mint Fingers114g,£1.50,£1.32 per 100g,,food-cupboard
Cadbury Dairy Milk Orange Chocolate Bar,Cadbury Dairy Milk Orange Chocolate Bar180g,£2,£1.11 per 100g,,food-cupboard
Cadbury Dairy Milk Orange Mini Filled Egg Chocolate Bag ,Cadbury Dairy Milk Orange Mini...72g,£1.25,£1.74 per 100g,,food-cupboard
Cadbury Dairy Milk Oreo Bites Chocolate Bag,Cadbury Dairy Milk Oreo Bites Chocolate Bag110g,£1.35,£1.22 per 100g,"Offer price £1.35, was £1.50",food-cupboard
Cadbury Dairy Milk Oreo Chocolate Bar,Cadbury Dairy Milk Oreo Chocolate Bar120g,£1.35,£1.13 per 100g,"Offer price £1.35, was £1.50",food-cupboard
Cadbury Dairy Milk Whole Nut Chocolate Bar,Cadbury Dairy Milk Whole Nut Chocolate Bar120g,£1.35,£1.13 per 100g,"Offer price £1.35, was £1.50",food-cupboard
Cadbury Dairy Milk Whole Nut Chocolate Bar ,Cadbury Dairy Milk Whole Nut Chocolate Bar 180g,£2,£1.11 per 100g,,food-cupboard
Cadbury Darkmilk Bar,Cadbury Darkmilk Bar90g,£1.35,£1.50 per 100g,,food-cupboard
Cadbury Dark Milk Giant Buttons Chocolate Bag,Cadbury Dark Milk Giant Buttons Chocolate Bag105g,£1.35,£1.29 per 100g,"Offer price £1.35, was £1.50",food-cupboard
Cadbury Darkmilk Hazelnut Chocolate Bar,Cadbury Darkmilk Hazelnut Chocolate Bar85g,£1.35,£1.59 per 100g,,food-cupboard
Cadbury Delights Hazelnut,Cadbury Delights Hazelnut5 x 110g,£1.35,24.5p per 100g,,food-cupboard
Cadbury Delights Orange,Cadbury Delights Orange5 x 110g,£1.35,24.5p per 100g,,food-cupboard
Cadbury Delights Salted Caramel,Cadbury Delights Salted Caramel5 x 110g,£1.35,24.5p per 100g,,food-cupboard
Cadbury Double Decker,Cadbury Double Decker54.5g,75p,£1.38 per 100g,Buy 2 for £1.20,food-cupboard
Cadbury Double Decker Chocolate Bar Multipack 4 Pack,Cadbury Double Decker Chocola...174.8g,£1.50,85.8p per 100g,,food-cupboard
Cadbury Double Decker Duo Chocolate Bar,Cadbury Double Decker Duo Chocolate Bar74.6g,85p,£1.14 per 100g,,food-cupboard
Cadbury Drinking Chocolate Hot Chocolate Tub,Cadbury Drinking Chocol...250g,£2.25,90p per 100g,,food-cupboard
Cadbury Drinking Chocolate Hot Chocolate Tub,Cadbury Drinking Chocol...500g,£3.29,65.8p per 100g,,food-cupboard
Cadbury Eclairs Classic Pouch Chocolate Bag,Cadbury Eclairs Classic Pouch Chocolate Bag166g,£1,60.2p per 100g,,food-cupboard
Cadbury Family Treatsize Chocolate Bag 14 Pack,Cadbury Family Treatsize Chocolate Bag 14 Pack216g,£2.75,£1.27 per 100g,,food-cupboard
Cadbury Fingers Large Chocolate Easter Egg,Cadbury Fingers Large Chocolate Easter Egg212.5g,£5,£2.35 per 100g,,food-cupboard
Cadbury Flake 99 Chocolate Bar 14 Pack,Cadbury Flake 99 Chocolate Bar 14 Pack14 x 8.25g,£2,£1.73 per 100g,,food-cupboard
Cadbury Flake Chocolate Bar Multipack 4 pack,Cadbury Flake Chocolate Bar Multipack 4 pack102g,£1.50,£1.47 per 100g,,food-cupboard
Cadbury Freddo Chocolate Kids Multipack 6 Pack,Cadbury Freddo Chocolate...108g,£1,92.6p per 100g,,food-cupboard
Cadbury Freddo Faces Chocolate Easter Egg,Cadbury Freddo Faces Chocolate Easter Egg96g,£1.50,£1.56 per 100g,Save 50p Off Your Next Shop,food-cupboard
Cadbury Fruit & Nut Chocolate Bar,Cadbury Fruit & Nut Chocolate Bar110g,£1.35,£1.22 per 100g,"Offer price £1.35, was £1.50",food-cupboard
Cadbury Fruit & Nut Giant Chocolate Easter Egg,Cadbury Fruit & Nut Giant Chocolate Easter Egg532g,£10,£1.88 per 100g,,food-cupboard
Cadbury Fudge Chocolate Multipack 5 Pack ,Cadbury Fudge Chocolate Multipack 5 Pack 110g,£1.25,£1.14 per 100g,,food-cupboard
Cadbury Fudge Minis Chocolate Bag,Cadbury Fudge Minis Chocolate Bag120g,£1.35,£1.13 per 100g,"Offer price £1.35, was £1.50",food-cupboard
Cadbury Giant Buttons Chocolate Easter Egg ,Cadbury Giant Buttons Chocolate Easter Egg 195g,£3.25,£1.67 per 100g,,food-cupboard
Cadbury Heroes Chocolate Carton,Cadbury Heroes Chocolate Carton185g,£3,£1.62 per 100g,,food-cupboard
Cadbury Highlights Milk Choc Drink,Cadbury Highlights Milk Choc Drink220g,£4,£1.82 per 100g,,food-cupboard
Cadbury Highlights Milk Chocolate,Cadbury Highlights Milk Chocolate11g,39p,£3.55 per 100g,,food-cupboard
Cadbury Instant Chocolate Break Hot Chocolate Jar,Cadbury Instant Chocolate B...400g,£2.99,74.8p per 100g,,food-cupboard
Cadbury Instants Stick Pack,Cadbury Instants Stick Pack28g,39p,£1.39 per 100g,,food-cupboard
Cadbury Milk Buttons Chocolate Easter Egg ,Cadbury Milk Buttons Chocolate Easter Egg 98g,£1.50,£1.53 per 100g,Save 50p Off Your Next Shop,food-cupboard
Cadbury Milk Chocolate Fingers,Cadbury Milk Chocolate Fingers114g,£1.50,£1.32 per 100g,,food-cupboard
Cadbury Milk Chocolate Fingers,Cadbury Milk Chocolate Fingers189g,£1.99,£1.05 per 100g,,food-cupboard
Cadbury Milk Chocolate Spread,Cadbury Milk Chocolate Spread400g,£2.99,74.8p per 100g,,food-cupboard
Cadbury Milk Chocolate Sticky Puddings,Cadbury Milk Chocolate Sticky Puddings2 x 95g,£1.50,78.9p per 100g,,food-cupboard
Cadbury Milk Tray Chocolate Box,Cadbury Milk Tray Chocolate Box360g,£6,£1.67 per 100g,,food-cupboard
Cadbury Milk Tray Chocolate Box,Cadbury Milk Tray Chocolate Box530g,£8,£1.51 per 100g,,food-cupboard
Cadbury Mini Eggs Chocolate 10 Bags Pouch Bag ,Cadbury Mini Eggs Chocola...385g,£4,£1.04 per 100g,,food-cupboard
Cadbury Mini Eggs Chocolate Bag,Cadbury Mini Eggs Chocolate Bag80g,£1.25,£1.56 per 100g,,food-cupboard
Cadbury Mini Eggs Chocolate Bar,Cadbury Mini Eggs Chocolate Bar110g,£1,91.2p per 100g,"Offer price £1, was £1.25",food-cupboard
Cadbury Mini Eggs Chocolate Easter Egg,Cadbury Mini Eggs Chocolate Easter Egg193.5g,£3.25,£1.68 per 100g,,food-cupboard
Cadbury Mini Eggs Chocolate Easter Egg,Cadbury Mini Eggs Chocolate Easter Egg97g,£1.50,£1.55 per 100g,Save 50p Off Your Next Shop,food-cupboard
Cadbury Mini Eggs Chocolate Large Family Bag ,Cadbury Mini Eggs Chocola...296g,£3.50,£1.18 per 100g,,food-cupboard
Cadbury Mini Eggs Giant Inclusion Chocolate Easter Egg ,Cadbury Mini Eggs Giant Inclusi...507g,£10,£1.97 per 100g,,food-cupboard
Cadbury Mini Eggs Large Chocolate Easter Egg,Cadbury Mini Eggs Large Chocolate Easter Egg232g,£5,£2.16 per 100g,,food-cupboard
Cadbury Mini Fingers Biscuits Bag ,Cadbury Mini Fingers Biscuits Bag 6 x 19.3g,£1,86.4p per 100g,,food-cupboard
Cadbury Minis Mix Chocolate Eggs Bag,Cadbury Minis Mix Chocolate Eggs Bag238g,£3,£1.26 per 100g,,food-cupboard
Cadbury Nuttier Almond And Cranberry,Cadbury Nuttier Almond And Cranberry120g,£2,£1.67 per 100g,,food-cupboard
Cadbury Nuttier Almond And Peanut,Cadbury Nuttier Almond And Peanut120g,£2,£1.67 per 100g,,food-cupboard
Cadbury Nuttier Peanut & Almond,Cadbury Nuttier Peanut & Almond40g,£1.20,£3.00 per 100g,,food-cupboard
Cadbury Orange Fingers,Cadbury Orange Fingers114g,£1.50,£1.32 per 100g,,food-cupboard
Cadbury Picnic Chocolate Bar Multipack 4 Pack,Cadbury Picnic Chocolate Bar Multipack 4 Pack152g,£1.50,98.7p per 100g,,food-cupboard
Cadbury Plant Chocolate Bar,Cadbury Plant Chocolate Bar90g,£2.50,£2.78 per 100g,,food-cupboard
Cadbury Roses Chocolate Carton,Cadbury Roses Chocolate Carton186g,£3,£1.61 per 100g,,food-cupboard
Cadbury Roundie Milk Chocolate,Cadbury Roundie Milk Chocolate180g,£1.75,97.2p per 100g,"Offer price £1.75, was £2.25",food-cupboard
Cadbury's Crunchie Single Bar,Cadbury's Crunchie Single Bar40g,75p,£1.88 per 100g,Buy 2 for £1.20,food-cupboard
Cadbury Shortcake Snack Bars Multipack,Cadbury Shortcake Snack Bars Multipack6 x 20g,£1.25,£1.04 per 100g,,food-cupboard
Cadbury Starbar,Cadbury Starbar49g,75p,£1.53 per 100g,Buy 2 for £1.20,food-cupboard
Cadbury Timeout Chocolate Orange Wafer Biscuit Bar Multipack 7 Pack,Cadbury Timeout Chocolate O...141.4g,£1.50,£1.06 per 100g,,food-cupboard
Cadbury Timeout Chocolate Wafer Biscuit Bar Multipack 7 Pack,Cadbury Timeout Chocolate Wafer Bis...141.1g,£1.50,£1.06 per 100g,,food-cupboard
Cadbury Treatsize Buttons Chocolate Bags 12 Pack,Cadbury Treatsize Buttons Chocolate Bags 12 Pack170g,£2.75,£1.62 per 100g,,food-cupboard
Cadbury Twirl Bites Chocolate Bag,Cadbury Twirl Bites Chocolate Bag109g,£1.35,£1.24 per 100g,"Offer price £1.35, was £1.50",food-cupboard
Cadbury Twirl Chocolate Bar Multipack 4pk,Cadbury Twirl Chocolate Bar Multipack 4pk4 x 34g,£1.50,£1.10 per 100g,,food-cupboard
Cadbury Twirl Chocolate Easter Egg,Cadbury Twirl Chocolate Easter Egg198g,£3.25,£1.64 per 100g,,food-cupboard
Cadbury Twirl Large Chocolate Easter Egg ,Cadbury Twirl Large Chocolate Easter Egg 241g,£5,£2.07 per 100g,,food-cupboard
Cadbury Twirl Orange Chocolate Easter Egg,Cadbury Twirl Orange Chocolate Easter Egg198g,£3.25,£1.64 per 100g,,food-cupboard
Cadbury Twirl Single Chocolate Bars Multipack 10 Pack,Cadbury Twirl Single Chocolat...215g,£2,93p per 100g,,food-cupboard
Cadbury White Buttons Chocolate Easter Egg ,Cadbury White Buttons Chocolate Easter Egg 98g,£1.50,£1.53 per 100g,Save 50p Off Your Next Shop,food-cupboard
Cadbury White Chocolate Fingers Biscuits ,Cadbury White Chocolate Fingers Biscuits 114g,£1.50,£1.32 per 100g,,food-cupboard
Cadbury White Creme Egg,Cadbury White Creme Egg40g,70p,£1.75 per 100g,Buy 2 for £1,food-cupboard
Cadbury White Giant Buttons Chocolate Bag,Cadbury White Giant Buttons Chocolate Bag110g,£1.35,£1.22 per 100g,"Offer price £1.35, was £1.50",food-cupboard
Cadbury Wispa Chocolate Bar Multipack 4 Pack,Cadbury Wispa Chocolate Bar Multipack 4 Pack111.6g,£1.50,£1.34 per 100g,,food-cupboard
Cadbury Wispa Chocolate Easter Egg ,Cadbury Wispa Chocolate Easter Egg 182.5g,£3.25,£1.78 per 100g,,food-cupboard
Cadbury Wispa Duo Chocolate Bar,Cadbury Wispa Duo Chocolate Bar47.4g,85p,£1.79 per 100g,,food-cupboard
Cadbury Wispa Large Chocolate Easter Egg,Cadbury Wispa Large Chocolate Easter Egg239g,£5,£2.09 per 100g,,food-cupboard
Cafe Direct Machu Picchu Coffee,Cafe Direct Machu Picchu Coffee227g,£4.99,£2.20 per 100g,,food-cupboard
Cafe Direct Mayan Gold Mexico Coffee,Cafe Direct Mayan Gold Mexico Coffee227g,£4.99,£2.20 per 100g,,food-cupboard
Cake Angels Disney Frozen 2 Chocolate Cupcake Kit,Cake Angels Disney Frozen 2...171g,£2,£1.17 per 100g,,food-cupboard
Cake Angels Disney Princess Cupcake Kit,Cake Angels Disney Princess Cupcake Kit115g,£2,£1.74 per 100g,,food-cupboard
Cake Angels Disney Toy Story 4 Cupcake Kit ,Cake Angels Disney Toy Story 4 Cupcake Kit 176g,£2,£1.14 per 100g,,food-cupboard
Cake Angels Posh Cake Toppers Raspberry & White Chocolate Chunks ,Cake Angels Posh Cake Toppers Raspber...90g,£2.50,£2.78 per 100g,,food-cupboard
Cake Angels Posh Cake Toppers Salted Caramel Brownie Fudge Chunks ,Cake Angels Posh Cake Toppers Salted Ca...90g,£2.50,£2.78 per 100g,,food-cupboard
Cake Decor Black Colour Gel,Cake Decor Black Colour Gel19g,£1.49,£7.84 per 100g,,food-cupboard
Cake Decor Blue Colour Gel,Cake Decor Blue Colour Gel19g,£1.49,£7.84 per 100g,,food-cupboard
Cake Decor Blue Food Colour,Cake Decor Blue Food Colour38ml,£1.15,£3.03 per 100ml,,food-cupboard
Cake Decor Cake Pens Edible 8 Colours,Cake Decor Cake Pens Edible 8 Colours,£2,,,food-cupboard
Cake Decor Chocolate Frosting,Cake Decor Chocolate Frosting400g,£1.89,47.3p per 100g,,food-cupboard
Cake Decor Chocolate Orange Cake Kit,Cake Decor Chocolate Orange Cake Kit790g,£4,50.6p per 100g,,food-cupboard
Cake Decor Crazy Faces,Cake Decor Crazy Faces22g,£1.25,£5.68 per 100g,,food-cupboard
Cake Decor Dinosaur Cupcake Cases,Cake Decor Dinosaur Cupcake Cases25 per pack,£1.25,5p each,,food-cupboard
Cake Decor Edible Eyes,Cake Decor Edible Eyes25g,£1.65,£6.60 per 100g,,food-cupboard
Cake Decor Edible Glue,Cake Decor Edible Glue19g,£1.75,£9.21 per 100g,,food-cupboard
Cake Decor Gold Glitter Spray,Cake Decor Gold Glitter Spray4g,£3.25,£81.25 per 100g,,food-cupboard
Cake Decor Green Colour Gel,Cake Decor Green Colour Gel19g,£1.49,£7.84 per 100g,,food-cupboard
Cake Decor Green Food Colour,Cake Decor Green Food Colour38ml,£1.15,£3.03 per 100ml,,food-cupboard
Cake Decor Pink Colour Gel,Cake Decor Pink Colour Gel19g,£1.49,£7.84 per 100g,,food-cupboard
Cake Decor Pink Food Colour ,Cake Decor Pink Food Colour 38ml,£1.15,30.3p per 10ml,,food-cupboard
Cake Decor Purple Colour Gel,Cake Decor Purple Colour Gel19g,£1.49,£7.84 per 100g,,food-cupboard
Cake Decor Red Colour Gel,Cake Decor Red Colour Gel19g,£1.49,£7.84 per 100g,,food-cupboard
Cake Decor Red Food Colour,Cake Decor Red Food Colour38ml,£1.15,30.3p per 10ml,,food-cupboard
Cake Decor Silver Glitter Spray,Cake Decor Silver Glitter Spray4g,£3.25,£81.25 per 100g,,food-cupboard
Cake Decor Snowman Cupcake Kit,Cake Decor Snowman Cupcake Kit233g,£2.50,£1.07 per 100g,,food-cupboard
Cake Decor Stunning Galaxy Sprinkles,Cake Decor Stunning Galaxy Sprinkles50g,£1.25,£2.50 per 100g,,food-cupboard
Cake Decor Surprise Inside Cake Kit ,Cake Decor Surprise Inside Cake Kit 825g,£4,48.5p per 100g,,food-cupboard
Cake Decor Vanilla Frosting,Cake Decor Vanilla Frosting400g,£1.89,47.3p per 100g,,food-cupboard
Cake Decor Yellow Colour Gel,Cake Decor Yellow Colour Gel19g,£1.49,£7.84 per 100g,,food-cupboard
Cake Decor Yellow Food Colour,Cake Decor Yellow Food Colour38ml,£1.15,£3.03 per 100ml,,food-cupboard
Campbell's Condensed Cream Of Chicken Soup,Campbell's Condensed Cream Of Chicken Soup295g,£1.19,40.3p per 100g,,food-cupboard
Campbell's Condensed Cream of Mushroom Soup,Campbell's Condensed Cream of Mushroom Soup295g,£1.19,40.3p per 100g,,food-cupboard
Campbell's Condensed Cream of Tomato Soup,Campbell's Condensed Cream of Tomato Soup295g,£1.19,40.3p per 100g,,food-cupboard
Camp Chicory & Coffee Essence,Camp Chicory & Coffee Essence241ml,£1.95,80.9p per 100ml,,food-cupboard
Canderel 0 Calories 300 Tablets,Canderel 0 Calories 300 Tablets300 per pack,£3.29,1.1p each,,food-cupboard
Canderel Caster Sugar & Sweetener Blend ,Canderel Caster Sugar & Sweetener Blend 370g,£2.75,74.3p per 100g,,food-cupboard
Canderel On The Go 0 Calorie Liquid Drops,Canderel On The Go 0 Calorie Liquid Drops55ml,£1.80,£3.27 per 100ml,,food-cupboard
Canderel Spoonful Sweetener,Canderel Spoonful Sweetener75g,£1.69,£22.53 per kg,,food-cupboard
Canderel Sucralose Jar,Canderel Sucralose Jar75g,£1.69,£2.25 per 100g,,food-cupboard
Canderel Sugarly Value Pack,Canderel Sugarly Value Pack370g,£4.29,£1.16 per 100g,,food-cupboard
Canderel Tablets Refill Sachets,Canderel Tablets Refill Sachets500 per pack,£5.29,1.1p each,,food-cupboard
Candy Kittens Wild Strawberry,Candy Kittens Wild Strawberry140g,£2.50,£1.79 per 100g,,food-cupboard
CANNACOFFEE Original CBD Coffee Pods,CANNACOFFEE Original CBD Coffee Pods10 per pack,£7.50,75p each,,food-cupboard
Cape Herb & Spice Chipotle Chilli Smoky Southwestern Seasoning,Cape Herb & Spice Chipotle Chilli S...80g,£3.49,£4.36 per 100g,,food-cupboard
Cape Herb & Spice Piri-Piri Chilli Fiery Mozambican Seasoning,Cape Herb & Spice Piri-Piri Chilli...80g,£3,£3.75 per 100g,,food-cupboard
Cape Herb & Spice Rub Caribbean Jerk Seasoning,Cape Herb & Spice Rub Caribbean Jerk Seasoning100g,£3.49,34.9p per 10g,,food-cupboard
Cape Herb & Spice Rub Louisiana Cajun Seasoning,Cape Herb & Spice Rub Lou...100g,£3.49,£3.49 per 100g,,food-cupboard
Cape Herb & Spice Rub Portuguese Peri Peri Seasoning,Cape Herb & Spice Rub Portugu...100g,£3.49,£3.49 per 100g,,food-cupboard
Cape Herb & Spice Rub Smokehouse BBQ Seasoning,Cape Herb & Spice Rub Smo...100g,£3.49,£3.49 per 100g,,food-cupboard
Cape Herb & Spice Rub Texan Steakhouse Seasoning ,Cape Herb & Spice Rub Texan...100g,£3.49,£3.49 per 100g,,food-cupboard
Captain Kombucha Ginger Lemon ,Captain Kombucha Ginger Lemon 400ml,£2.50,62.5p per 100ml,,food-cupboard
Captain Kombucha Legendary Bubbly Drink Californian Raspberry 400Ml,Captain Kombucha Legendary...400ml,£2.50,62.5p per 100ml,,food-cupboard
Captain Kombucha Legendary Bubbly Drink Original,Captain Kombucha Legendary...400ml,£2.50,62.5p per 100ml,,food-cupboard
Carapelli Organic Extra Virgin Olive Oil,Carapelli Organic Extra Virgin Olive Oil500ml,£9,£1.80 per 100ml,,food-cupboard
Carbzone Low Carb Fusilli Pasta,Carbzone Low Carb Fusilli Pasta250g,£5,£2.00 per 100g,,food-cupboard
Carbzone Low Carb Organic Almond Flour ,Carbzone Low Carb Organic Almond Flour 500g,£12,£24.00 per kg,,food-cupboard
Carbzone Low Carb Penne Pasta,Carbzone Low Carb Penne Pasta250g,£5,£2.00 per 100g,,food-cupboard
Carnation Caramel Dessert Filling Tin,Carnation Caramel Dessert Filling Tin397g,£1.75,44.1p per 100g,"Offer price £1.75, was £2",food-cupboard
Carnation Evaporated Milk Tin,Carnation Evaporated Milk Tin170g,89p,52.4p per 100g,,food-cupboard
Carnation Evaporated Milk Tin,Carnation Evaporated Milk Tin410g,£1.65,40.2p per 100g,,food-cupboard
Carnation Sweetened Condensed Milk Tin,Carnation Sweetened Condensed Milk Tin397g,£1.75,44.1p per 100g,"Offer price £1.75, was £2",food-cupboard
Carousel Oyster Delights,Carousel Oyster Delights6 per pack,30p,5p each,,food-cupboard
Carr's Melts Cheese Crackers,Carr's Melts Cheese Crackers150g,£1.99,£1.33 per 100g,Buy 2 for £3,food-cupboard
Carr's Melts Original Crackers,Carr's Melts Original Crackers150g,£1.99,£1.33 per 100g,Buy 2 for £3,food-cupboard
Carrs Selection ,Carrs Selection 200g,£3.50,£1.75 per 100g,,food-cupboard
Carr's Table Water Small Crackers,Carr's Table Water Small Crackers125g,£1.69,£1.35 per 100g,,food-cupboard
Carte Noire Classique,Carte Noire Classique100g,£3,£3.00 per 100g,"Offer price £3, was £4.29",food-cupboard
Carte Noire Classique,Carte Noire Classique180g,£7.49,£4.16 per 100g,,food-cupboard
Carte Noire Decafeine ,Carte Noire Decafeine 100g,£3,£3.00 per 100g,"Offer price £3, was £4.29",food-cupboard
Celebrations Milk Chocolate Large Easter Egg ,Celebrations Milk Chocola...220g,£3.25,£1.48 per 100g,,food-cupboard
Celebrations Pop Box,Celebrations Pop Box185g,£2,£1.08 per 100g,,food-cupboard
Cheerios Vanilla O's,Cheerios Vanilla O's360g,£3.49,96.9p per 100g,,food-cupboard
Cheetos Cheese,Cheetos Cheese6 x 13g,£1.35,£1.73 per 100g,,food-cupboard
Chicken Tonight Creamy Wine Sauce,Chicken Tonight Creamy Wine Sauce500g,£1.75,35p per 100g,,food-cupboard
Chicken Tonight Rich & Creamy Mushroom Sauce,Chicken Tonight Rich & Creamy Mushroom Sauce500g,£1.75,35p per 100g,,food-cupboard
Chicken Tonight Spanish Chicken ,Chicken Tonight Spanish Chicken 500g,£1.79,35.8p per 100g,,food-cupboard
Chippa Gluten Free Mayonnaise,Chippa Gluten Free Mayonnaise280g,£1.50,53.6p per 100g,,food-cupboard
Chocologic No Added Sugar Dark Chocolate,Chocologic No Added Sugar Dark Chocolate80g,£2,£2.50 per 100g,,food-cupboard
Chupa Chups Party Mix Sharing Bag 34 Pack,Chupa Chups Party Mix Sharing Bag 34 Pack400g,£3.50,87.5p per 100g,,food-cupboard
Cirio Borlotti Beans,Cirio Borlotti Beans380g,£1,26.3p per 100g,Buy 2 for £1.50,food-cupboard
Cirio Butter Beans,Cirio Butter Beans380g,£1,26.3p per 100g,Buy 2 for £1.50,food-cupboard
Cirio Cannellini Beans,Cirio Cannellini Beans380g,£1,26.3p per 100g,Buy 2 for £1.50,food-cupboard
Cirio Chick Peas,Cirio Chick Peas380g,£1,26.3p per 100g,Buy 2 for £1.50,food-cupboard
Cirio Chopped Tomatoes,Cirio Chopped Tomatoes4 x 400g,£3,£1.88 per kg,,food-cupboard
Cirio Chopped Tomatoes ,Cirio Chopped Tomatoes 400g,£1.15,28.8p per 100g,Buy 2 for £1.50,food-cupboard
Cirio Chopped Tomatoes ,Cirio Chopped Tomatoes 6 x 400g,£4.50,18.8p per 100g,,food-cupboard
Cirio Lentils ,Cirio Lentils 380g,£1,26.3p per 100g,Buy 2 for £1.50,food-cupboard
Cirio Passata Verace ,Cirio Passata Verace 700g,£1.75,£2.50 per kg,,food-cupboard
Cirio Peeled Plum Tomatoes,Cirio Peeled Plum Tomatoes400g,£1.15,28.8p per 100g,,food-cupboard
Cirio Peeled Plum Tomatoes,Cirio Peeled Plum Tomatoes4 x 400g,£3.50,£2.19 per kg,,food-cupboard
Cirio Pizza Sauce,Cirio Pizza Sauce390g,£1.50,38.5p per 100g,,food-cupboard
Cirio Red Kidney Beans,Cirio Red Kidney Beans380g,£1,26.3p per 100g,Buy 2 for £1.50,food-cupboard
Cirio Sieved Tomato Passata,Cirio Sieved Tomato Passata500g,£1,20p per 100g,Buy 2 for £1.50,food-cupboard
Cirio Tomato Puree ,Cirio Tomato Puree 140g,£1.25,89.3p per 100g,,food-cupboard
Claylands Biscuits Bourbon Creams,Claylands Biscuits Bourbon Creams200g,50p,25p per 100g,,food-cupboard
Claylands Biscuits Custard Creams,Claylands Biscuits Custard Creams200g,38p,19p per 100g,,food-cupboard
Clipper Organic Fairtrade 80 Tea Bags ,Clipper Organic Fairtrade 80 Tea Bags 285g,£3.50,£1.23 per 100g,,food-cupboard
Clipper Organic Pure Green Tea 80 Unbleached Bags,Clipper Organic Pure Green...213g,£3.50,£1.64 per 100g,,food-cupboard
Coffee Mate Original,Coffee Mate Original450g,£3.75,83.3p per 100g,,food-cupboard
Colman's Beef Casserole Recipe Mix,Colman's Beef Casserole Recipe Mix40g,99p,£2.48 per 100g,Buy 3 for £2,food-cupboard
Colman's Beef Stroganoff Recipe Mix,Colman's Beef Stroganoff Recipe Mix39g,99p,£2.54 per 100g,Buy 3 for £2,food-cupboard
Colman's Big Night In Chicken Kebab,Colman's Big Night In Chicken Kebab30g,99p,£3.30 per 100g,Buy 3 for £2,food-cupboard
Colman's Big Night In Chinese Chicken Curry,Colman's Big Night In Chinese Chicken Curry47g,99p,£2.11 per 100g,Buy 3 for £2,food-cupboard
Colmans Big Night In Doner Kebab,Colmans Big Night In Doner Kebab38g,99p,£2.61 per 100g,Buy 3 for £2,food-cupboard
Colman's Big Night In Sweet & Sour Chicken,Colman's Big Night In Sweet & Sour Chicken58g,99p,£1.71 per 100g,Buy 3 for £2,food-cupboard
Colman's Big Night In Ultimate Burger,Colman's Big Night In Ultimate Burger56g,99p,£1.77 per 100g,Buy 3 for £2,food-cupboard
Colman's Bramley Apple Sauce,Colman's Bramley Apple Sauce155g,£1.20,77.4p per 100g,"Offer price £1.20, was £1.49",food-cupboard
Colman's Bread Sauce Pouch,Colman's Bread Sauce Pouch40g,99p,£2.48 per 100g,Buy 3 for £2,food-cupboard
Colman's Cheddar Cheese Sauce Pouch,Colman's Cheddar Cheese Sauce Pouch40g,99p,£2.48 per 100g,Buy 3 for £2,food-cupboard
Colman's Chicken Casserole Recipe Mix,Colman's Chicken Casserole Recipe Mix40g,99p,£2.48 per 100g,Buy 3 for £2,food-cupboard
Colman's Chicken Chasseur Recipe Mix,Colman's Chicken Chasseur Recipe Mix43g,99p,£2.30 per 100g,Buy 3 for £2,food-cupboard
Colman's Chicken Supreme,Colman's Chicken Supreme38g,99p,£2.61 per 100g,Buy 3 for £2,food-cupboard
Colman's Chilli Con Carne Recipe Mix,Colman's Chilli Con Carne Recipe Mix50g,99p,£1.98 per 100g,Buy 3 for £2,food-cupboard
Colman's Classic Mint Sauce,Colman's Classic Mint Sauce165g,£1,60.6p per 100g,"Offer price £1, was £1.49",food-cupboard
Colman's Fish Pie Dry Sauce Mix,Colman's Fish Pie Dry Sauce Mix20g,99p,£4.95 per 100g,Buy 3 for £2,food-cupboard
Colman's Horseradish Sauce,Colman's Horseradish Sauce136g,£1,73.8p per 100g,"Offer price £1, was £1.49",food-cupboard
Colman's Hot Chilli Con Carne Recipe Mix,Colman's Hot Chilli Con Carne Recipe Mix37g,99p,26.8p per 10g,Buy 3 for £2,food-cupboard
Colmans Mustard Tin Powder,Colmans Mustard Tin Powder57g,£2.30,£4.04 per 100g,,food-cupboard
Colman's Onion Sauce Pouch,Colman's Onion Sauce Pouch35g,99p,£2.83 per 100g,Buy 3 for £2,food-cupboard
Colman's Original English Mustard,Colman's Original English Mustard100g,£1,£1.00 per 100g,"Offer price £1, was £1.25",food-cupboard
Colman's Original English Mustard,Colman's Original English Mustard170g,£2,£1.18 per 100g,,food-cupboard
Colman's Parsley Sauce Pouch,Colman's Parsley Sauce Pouch20g,99p,£4.95 per 100g,Buy 3 for £2,food-cupboard
Colman's Pepper Sauce Mix ,Colman's Pepper Sauce Mix 40g,99p,£2.48 per 100g,Buy 3 for £2,food-cupboard
Colman's Sausage and Onion Casserole,Colman's Sausage and Onion Casserole45g,99p,£2.20 per 100g,Buy 3 for £2,food-cupboard
Colman's Sausage Casserole Recipe Mix,Colman's Sausage Casserole Recipe Mix39g,99p,£2.54 per 100g,Buy 3 for £2,food-cupboard
Colman's Seafood Sauce,Colman's Seafood Sauce155ml,£1.20,77.4p per 100ml,"Offer price £1.20, was £1.49",food-cupboard
Colman's Spaghetti Bolognese Recipe Mix,Colman's Spaghetti Bolognese Recipe Mix44g,99p,£2.25 per 100g,Buy 3 for £2,food-cupboard
Colman's Tartare Sauce,Colman's Tartare Sauce144g,£1.20,83p per 100g,"Offer price £1.20, was £1.49",food-cupboard
Colman's Tuna Pasta Bake Recipe Mix,Colman's Tuna Pasta Bake Recipe Mix44g,99p,£2.25 per 100g,Buy 3 for £2,food-cupboard
Comptons Gravy Salt,Comptons Gravy Salt128g,60p,46.9p per 100g,,food-cupboard
Cooks & Co Green Frenk Chillies,Cooks & Co Green Frenk Chillies300g,£1.79,59.7p per 100g,,food-cupboard
Cooks & Co Sweety Drop Peppers,Cooks & Co Sweety Drop Peppers235g,£2.59,£1.10 per 100g,,food-cupboard
Cornish Sea Salt ,Cornish Sea Salt 225g,£2.25,£10.00 per kg,,food-cupboard
Costa Coffee Mocha Italian Signature Blend Strength No.3,Costa Coffee Mocha Italian Sign...200g,£3,£1.50 per 100g,"Offer price £3, was £3.99",food-cupboard
Costa Coffee Mocha Italia Signature Blend Cappuccino,Costa Coffee Mocha Italia Sig...146.4g,£4.49,£3.07 per 100g,Buy 2 for £7,food-cupboard
Costa Coffee Salted Caramel Latte Sachets Drinks,Costa Coffee Salted Caramel...6 x 17g,£2.25,£2.21 per 100g,,food-cupboard
Costa Coffee Signature Caramel Latte,Costa Coffee Signature Caramel Latte182.4g,£4.49,£2.46 per 100g,Buy 2 for £7,food-cupboard
Costa Creamy Cappuccino Coffee Sachets,Costa Creamy Cappuccino Coffee Sachets6 x 17g,£2.25,£2.21 per 100g,,food-cupboard
Costa Dark Amazonian Blend Ground For Cafetiere & Filter ,Costa Dark Amazonian Blend Ground...200g,£3,£1.50 per 100g,"Offer price £3, was £3.99",food-cupboard
Costa Instant Intense Dark Roast Coffee,Costa Instant Intense Dark Roast Coffee100g,£3.50,£3.50 per 100g,"Offer price £3.50, was £5.50",food-cupboard
Costa Instant Smooth Medium Roast Coffee,Costa Instant Smooth Medium Roast Coffee100g,£3.50,£3.50 per 100g,"Offer price £3.50, was £5.50",food-cupboard
Costa Intensely Dark Amazonian Blend Coffee Beans,Costa Intensely Dark Amazon...200g,£3,£1.50 per 100g,"Offer price £3, was £3.99",food-cupboard
Costa Intensely Dark Amazonian Blend X 10 Pods ,Costa Intensely Dark Amaz...57g,£3.15,£5.53 per 100g,Buy 2 for £5.50,food-cupboard
Costa Millionaires Mocha Coffee Sachets,Costa Millionaires Mocha Coffee Sachets6 x 23g,£2.25,£1.63 per 100g,,food-cupboard
Costa Mocha Italia Signature Blend Coffee Beans,Costa Mocha Italia Signat...200g,£3,£1.50 per 100g,"Offer price £3, was £3.99",food-cupboard
Costa Mocha Italia Signature Flat White Coffee X 8 Cups ,Costa Mocha Italia Signature Fl...129.6g,£4.49,£3.46 per 100g,Buy 2 for £7,food-cupboard
Costa Nescafe Dolce Gusto Latte ,Costa Nescafe Dolce Gusto Latte 184.4g,£4.49,£2.43 per 100g,Buy 2 for £7,food-cupboard
Costa Nespresso Signature Lungo ,Costa Nespresso Signature Lungo 57g,£3.15,£5.53 per 100g,Buy 2 for £5.50,food-cupboard
Costa Nespresso Signature Ristretto,Costa Nespresso Signature Ristretto57g,£3.15,£5.53 per 100g,Buy 2 for £5.50,food-cupboard
Costa Rich & Creamy Hot Chocolate,Costa Rich & Creamy Hot Chocolate300g,£3.25,£1.08 per 100g,,food-cupboard
Covent Garden Mushroom,Covent Garden Mushroom560g,£2.20,£3.93 per kg,,food-cupboard
Crave Flamin Hot Wots'Inits Sharing Bag,Crave Flamin Hot Wots'Inits Sharing Bag80g,£1.90,£2.38 per 100g,,food-cupboard
Create A Cake Cupcake Cases,Create A Cake Cupcake Cases50 per pack,£1.65,3.3p each,,food-cupboard
Crisp 'n' Dry Vegetable Oil,Crisp 'n' Dry Vegetable Oil1L,£3,30p per 100ml,,food-cupboard
Crisp 'n' Dry Vegetable Oil,Crisp 'n' Dry Vegetable Oil2L,£6.25,31.3p per 100ml,,food-cupboard
Crosse & Blackwell Cream Of Roast Mushroom Soup ,Crosse & Blackwell Cream Of Roast Mushroom Soup 400g,£1.20,30p per 100g,,food-cupboard
Crosse & Blackwell Lentil & Bacon Soup ,Crosse & Blackwell Lentil & Bacon Soup 400g,£1.20,30p per 100g,,food-cupboard
Crosse and Blackwell Best of British Broccoli and Stilton Soup,Crosse and Blackwell Best of Britis...400g,£1.20,30p per 100g,,food-cupboard
Crosse and Blackwell Best of British Cream of Roast Chicken,Crosse and Blackwell Best of Brit...400g,£1.20,30p per 100g,,food-cupboard
Crosse and Blackwell Best of British Roast Chicken and Vegetable Soup,Crosse and Blackwell Best of British Roas...400g,£1.20,30p per 100g,,food-cupboard
Crosse and Blackwell Best of British Winter Vegetable Soup,Crosse and Blackwell Best of Brit...400g,£1.20,30p per 100g,,food-cupboard
Crosta & Mollica Breadsticks,Crosta & Mollica Breadsticks120g,£1.60,£1.33 per 100g,,food-cupboard
Crucials Burger Sauce ,Crucials Burger Sauce 500ml,£1.19,23.8p per 100ml,,food-cupboard
Crucials Extra Hot Chilli Sauce ,Crucials Extra Hot Chilli Sauce 500ml,£1.19,23.8p per 100ml,,food-cupboard
Crucials Garlic Mayo Sauce,Crucials Garlic Mayo Sauce500ml,£1.19,23.8p per 100ml,,food-cupboard
Crucials Spicy Mayo Sauce,Crucials Spicy Mayo Sauce500ml,£1.19,23.8p per 100ml,,food-cupboard
Crucials Sweet Chilli Thai Style Sauce,Crucials Sweet Chilli Thai Style Sauce500ml,£1.19,23.8p per 100ml,,food-cupboard
Crucials Yoghurt & Mint Sauce,Crucials Yoghurt & Mint Sauce500ml,£1.19,23.8p per 100ml,,food-cupboard
Daddies Favourite Brown Sauce,Daddies Favourite Brown Sauce400g,£1.50,37.5p per 100g,,food-cupboard
Daim Chocolate Multipack 3 Pack,Daim Chocolate Multipack 3 Pack84g,£1,£1.19 per 100g,,food-cupboard
Dairy Box Milk Chocolate Assortment Box ,Dairy Box Milk Chocolate Assortment Box 326g,£7,£2.15 per 100g,,food-cupboard
Decaffeinated Yorkshire Tea Bags 160PK,Decaffeinated Yorkshire Tea Bags 160PK500g,£6.75,£1.35 per 100g,,food-cupboard
De Cecco Fusilli Pasta,De Cecco Fusilli Pasta500g,£1.99,£3.98 per kg,,food-cupboard
De Cecco Penne Rigate     ,De Cecco Penne Rigate     500g,£1.99,£3.98 per kg,,food-cupboard
De Cecco Spaghetti,De Cecco Spaghetti500g,£1.99,£3.98 per kg,,food-cupboard
Deliciously Ella Apple Raisin & Cinnamon Oat Bars,Deliciously Ella Apple Rais...3 x 50g,£2.50,£1.67 per 100g,,food-cupboard
Deliciously Ella Fruit & Nut Oat Bars,Deliciously Ella Fruit & Nut Oat Bars3 x 50g,£2.50,£1.67 per 100g,,food-cupboard
Deliciously Ella Original Granola ,Deliciously Ella Original Granola 400g,£3.79,94.8p per 100g,,food-cupboard
Deli Kitchen Mini Plain Tortillas,Deli Kitchen Mini Plain Tortillas6 per pack,£1.09,18.2p each,,food-cupboard
Deli Kitchen Plain Tortillas,Deli Kitchen Plain Tortillas6 per pack,£1.59,26.5p each,,food-cupboard
Deli Kitchen Wheat & White Tortillas,Deli Kitchen Wheat & White Tortillas6 per pack,£1.59,26.5p each,,food-cupboard
"Del Monte Apple, Grape & Strawberry","Del Monte Apple, Grape & Strawberry95g",£1.25,£1.32 per 100g,,food-cupboard
Del Monte Apricot Halves in Light Syrup ,Del Monte Apricot Halves in Light Syrup 410g,£1.25,£3.05 per kg,,food-cupboard
Del Monte Exotics Mango Slices In Light Syrup ,Del Monte Exotics Mango Slices In Light Syrup 425g,£1.19,£2.80 per kg,,food-cupboard
Del Monte Fruit Cocktail in Juice,Del Monte Fruit Cocktail in Juice415g,£1.19,£2.87 per kg,,food-cupboard
Del Monte Fruit Cocktail In Light Syrup,Del Monte Fruit Cocktail In Light Syrup227g,95p,£4.19 per kg,,food-cupboard
Del Monte Fruit Cocktail In Light Syrup ,Del Monte Fruit Cocktail In Light Syrup 825g,£1.70,£2.06 per kg,,food-cupboard
Del Monte Fruit Cocktail in Syrup,Del Monte Fruit Cocktail in Syrup420g,£1.19,£2.83 per kg,,food-cupboard
Del Monte Mandarin Oranges Whole Segments in Own Juice,Del Monte Mandarin Oranges Whol...300g,£1.19,£3.97 per kg,,food-cupboard
Del Monte Mango Chunks,Del Monte Mango Chunks90g,£1.25,£1.39 per 100g,Food To Go Meal Deal for £3.50,food-cupboard
Del Monte Melon & Grape,Del Monte Melon & Grape110g,£1.25,£1.14 per 100g,Food To Go Meal Deal for £3.50,food-cupboard
Del Monte Peach Halves In Juice,Del Monte Peach Halves In Juice415g,£1.19,£2.87 per kg,,food-cupboard
Del Monte Peach Slices in Juice ,Del Monte Peach Slices in Juice 415g,£1.19,£2.87 per kg,,food-cupboard
Del Monte Peach Slices In Light Syrup,Del Monte Peach Slices In Light Syrup420g,£1.19,£2.83 per kg,,food-cupboard
Del Monte Peach Slices In Light Syrup,Del Monte Peach Slices In Light Syrup227g,95p,£4.19 per kg,,food-cupboard
Del Monte Pear Halves in Juice,Del Monte Pear Halves in Juice415g,£1.19,£2.87 per kg,,food-cupboard
Delmonte Pear Halves in Syrup,Delmonte Pear Halves in Syrup420g,£1.19,£2.83 per kg,,food-cupboard
Del Monte Pineapple Chunks,Del Monte Pineapple Chunks110g,£1.25,£1.14 per 100g,Food To Go Meal Deal for £3.50,food-cupboard
Del Monte Pineapple Chunks In Juice,Del Monte Pineapple Chunks In Juice432g,£1.19,£2.75 per kg,,food-cupboard
Del Monte Pineapple Chunks In Juice,Del Monte Pineapple Chunks In Juice227g,95p,£4.19 per kg,,food-cupboard
Del Monte Pineapple Slices In Syrup,Del Monte Pineapple Slices In Syrup425g,£1.19,£2.80 per kg,,food-cupboard
Del Monte Prunes In Juice,Del Monte Prunes In Juice410g,£1.19,£2.90 per kg,,food-cupboard
Del Monte Sliced Pineapple in Juice,Del Monte Sliced Pineapple in Juice435g,£1.19,£2.74 per kg,,food-cupboard
Del Monte Sliced Pineapple in Own Juice,Del Monte Sliced Pineapple in Own Juice220g,95p,£4.32 per kg,,food-cupboard
De Nigris Apple Cider Vinegar,De Nigris Apple Cider Vinegar500ml,£2.75,55p per 100ml,,food-cupboard
Discos Variety Multipack Crisps,Discos Variety Multipack Crisps6 x 25.5g,£1.49,97.4p per 100g,,food-cupboard
Dole Fruit Salad Cherry In Juice Fruits Snacks,Dole Fruit Salad Cherry In Juice Fruits Snacks4 x 113g,£2.19,48.5p per 100g,,food-cupboard
Dole Mandarins In Juice Fruit Fruits Snacks,Dole Mandarins In Juice Fruit Fruits Snacks4 x 113g,£2.19,48.5p per 100g,,food-cupboard
Dole Mandarins In Orange Jelly Fruits Snacks,Dole Mandarins In Orange Jelly Fruits Snacks4 x 113g,£2.19,48.5p per 100g,,food-cupboard
Dole Mandarins In Orange Jelly Fruits Snacks,Dole Mandarins In Orange Jelly Fruits Snacks123g,55p,44.7p per 100g,Buy 5 for £2.50,food-cupboard
Dole Mixed Fruit In Peach Jelly Fruits Snacks,Dole Mixed Fruit In Peach Jelly Fruits Snacks4 x 123g,£2.19,44.5p per 100g,,food-cupboard
Dole Peaches In Juice Fruit Fruits Snacks,Dole Peaches In Juice Fruit Fruits Snacks4 x 113g,£2.19,48.5p per 100g,,food-cupboard
Dole Peach In Strawberry Jelly Fruits Snacks,Dole Peach In Strawberry Jelly Fruits Snacks4 x 113g,£2.19,48.5p per 100g,,food-cupboard
Dole Pineapple Fruit Bowls 4x113g,Dole Pineapple Fruit Bowls 4x113g452g,£2.19,48.5p per 100g,,food-cupboard
Dole Pineapple In Juice Fruit Fruits Snacks,Dole Pineapple In Juice Fruit Fruits Snacks113g,59p,52.2p per 100g,Buy 5 for £2.50,food-cupboard
Dole Tropical Fruit In Juice Fruits Snacks ,Dole Tropical Fruit In Juice Fruits Snacks 4 x 113g,£2.19,48.5p per 100g,,food-cupboard
Dolmio 7 Vegetables Mediterranean Roasted Vegetable,Dolmio 7 Vegetables Mediterra...350g,£2,57.1p per 100g,Buy 2 for £3,food-cupboard
Dolmio 7 Vegetables Sun Ripened Tomato & Basil,Dolmio 7 Vegetables Sun Ripened Tomato & Basil350g,£2,57.1p per 100g,Buy 2 for £3,food-cupboard
Dolmio Bolognese Chunky Mushroom Pasta Sauce,Dolmio Bolognese Chunky Mushroom Pasta Sauce500g,£2.19,43.8p per 100g,Buy 2 for £3,food-cupboard
Dolmio Bolognese Chunky Mushroom Pasta Sauce,Dolmio Bolognese Chunky Mushroom Pasta Sauce750g,£2.50,33.3p per 100g,,food-cupboard
Dolmio Bolognese Intense Chilli Pasta Sauce,Dolmio Bolognese Intense Chilli Pasta Sauce500g,£2.19,43.8p per 100g,Buy 2 for £3,food-cupboard
Dolmio Bolognese Low Fat Pasta Sauce,Dolmio Bolognese Low Fat Pasta Sauce500g,£2.19,43.8p per 100g,Buy 2 for £3,food-cupboard
Dolmio Bolognese Low Fat Pasta Sauce,Dolmio Bolognese Low Fat Pasta Sauce750g,£2.50,33.3p per 100g,,food-cupboard
Dolmio Bolognese Onion & Garlic Pasta Sauce,Dolmio Bolognese Onion & Garlic Pasta Sauce750g,£2.50,33.3p per 100g,,food-cupboard
Dolmio Bolognese Onion & Garlic Pasta Sauce,Dolmio Bolognese Onion & Garlic Pasta Sauce500g,£2.19,43.8p per 100g,Buy 2 for £3,food-cupboard
Dolmio Bolognese Onion & Garlic Pasta Sauce,Dolmio Bolognese Onion & Garlic Pasta Sauce350g,£1.75,50p per 100g,Buy 2 for £2.50,food-cupboard
Dolmio Bolognese Original Pasta Sauce,Dolmio Bolognese Original Pasta Sauce500g,£2.19,43.8p per 100g,Buy 2 for £3,food-cupboard
Dolmio Bolognese Smooth Tomato Pasta Sauce,Dolmio Bolognese Smooth Tomato Pasta Sauce500g,£2.19,43.8p per 100g,Buy 2 for £3,food-cupboard
Dolmio Bolognese Smooth Tomato Pasta Sauce,Dolmio Bolognese Smooth Tomato Pasta Sauce750g,£2.50,33.3p per 100g,,food-cupboard
Dolmio Carbonara Pouch Pasta Sauce,Dolmio Carbonara Pouch Pasta Sauce150g,£1.79,£1.19 per 100g,Buy 2 for £3,food-cupboard
Dolmio Lasagne Creamy White Sauce,Dolmio Lasagne Creamy White Sauce710g,£2.50,35.2p per 100g,,food-cupboard
Dolmio Lasagne Creamy White Sauce,Dolmio Lasagne Creamy White Sauce470g,£2.19,46.6p per 100g,Buy 2 for £3,food-cupboard
Dolmio Lasagne Red Tomato Sauce,Dolmio Lasagne Red Tomato Sauce750g,£2.50,33.3p per 100g,,food-cupboard
Dolmio Lasagne Red Tomato Sauce,Dolmio Lasagne Red Tomato Sauce500g,£2.19,43.8p per 100g,Buy 2 for £3,food-cupboard
Dolmio Meatball Tomato & Basil Pasta Sauce,Dolmio Meatball Tomato & Basil Pasta Sauce500g,£2.19,43.8p per 100g,Buy 2 for £3,food-cupboard
Dolmio Original Bolognese Sauce,Dolmio Original Bolognese Sauce750g,£2.50,33.3p per 100g,,food-cupboard
Dolmio Original Sauce For Bolognese ,Dolmio Original Sauce For Bolognese 350g,£1.75,50p per 100g,Buy 2 for £2.50,food-cupboard
Dolmio Pasta Bake Carbonara Pasta Sauce,Dolmio Pasta Bake Carbonara Pasta Sauce480g,£2.19,45.6p per 100g,Buy 2 for £3,food-cupboard
Dolmio Pasta Bake Creamy Tomato Pasta Sauce,Dolmio Pasta Bake Cream...500g,£2.19,43.8p per 100g,Buy 2 for £3,food-cupboard
Dolmio Pasta Bake Tomato & Cheese Pasta Sauce,Dolmio Pasta Bake Tomato...500g,£2.19,43.8p per 100g,Buy 2 for £3,food-cupboard
Dolmio Pasta Pronto Tomato & Basil ,Dolmio Pasta Pronto Tomato & Basil 200g,£1.99,99.5p per 100g,,food-cupboard
Dolmio Pasta Pronto With Tomato & Chilli ,Dolmio Pasta Pronto With Tomato & Chilli 200g,£1.99,99.5p per 100g,,food-cupboard
Dolmio Stir In Bacon & Tomato Pasta Sauce,Dolmio Stir In Bacon & Tomato Pasta Sauce150g,£1.99,£1.33 per 100g,Buy 2 for £3,food-cupboard
Dolmio Stir In Carbonara Pasta Sauce,Dolmio Stir In Carbonara Pasta Sauce150g,£1.99,£1.33 per 100g,Buy 2 for £3,food-cupboard
Dolmio Stir In Garlic & Tomato Pasta Sauce,Dolmio Stir In Garlic & Tomato Pasta Sauce150g,£1.99,£1.33 per 100g,Buy 2 for £3,food-cupboard
Dolmio Stir In Pepperoni & Tomato Pasta Sauce,Dolmio Stir In Pepperoni & Tomato Pasta Sauce150g,£1.99,£1.33 per 100g,Buy 2 for £3,food-cupboard
Dolmio Stir In Sun Dried Tomato Pasta Sauce,Dolmio Stir In Sun Dried Tomato Pasta Sauce150g,£1.99,£1.33 per 100g,Buy 2 for £3,food-cupboard
Dolmio Stir In Sweet Pepper Pasta Sauce,Dolmio Stir In Sweet Pepper Pasta Sauce150g,£1.99,£1.33 per 100g,Buy 2 for £3,food-cupboard
Dolmio Stir In Tomato & Basil Sauce,Dolmio Stir In Tomato & Basil Sauce150g,£1.99,£1.33 per 100g,,food-cupboard
Dolmio Tomato & Basil Pouch Pasta Sauce,Dolmio Tomato & Basil Pouch Pasta Sauce170g,£1.79,£1.05 per 100g,Buy 2 for £3,food-cupboard
Dolmio Twists Pouch Microwave Pasta,Dolmio Twists Pouch Microwave Pasta200g,£1.99,£9.95 per kg,Buy 2 for £3,food-cupboard
Donate £10 To Support A Food Bank With Morrisons,Donate £10 To Support A Food Bank With Morrisons,£10,,,food-cupboard
Donate £1 To Support A Food Bank With Morrisons ,Donate £1 To Support A Food Bank With Morrisons ,£1,,,food-cupboard
Donate £3 To Support A Food Bank With Morrisons,Donate £3 To Support A Food Bank With Morrisons,£3,,,food-cupboard
Donate £5 To Support A Food Bank With Morrisons,Donate £5 To Support A Food Bank With Morrisons,£5,,,food-cupboard
Doritos Chilli Heatwave Sharing Tortilla Chips ,Doritos Chilli Heatwave Sharing Tortilla Chips 180g,£1.75,97.2p per 100g,"Offer price £1.75, was £2.25",food-cupboard
Doritos Chilli Heatwave Tortilla Chips,Doritos Chilli Heatwave Tortilla Chips5 x 30g,£1.75,£1.17 per 100g,Buy 2 for £3,food-cupboard
Doritos Cool Original Sharing Tortilla Chips ,Doritos Cool Original Sharing Tortilla Chips 180g,£1.75,97.2p per 100g,"Offer price £1.75, was £2.25",food-cupboard
Doritos Dippers A Hint Of Salt Tortilla Chips ,Doritos Dippers A Hint Of Salt Tortilla Chips 270g,£2.50,92.6p per 100g,,food-cupboard
Doritos Dippers Paprika Tortilla Chips ,Doritos Dippers Paprika Tortilla Chips 270g,£2.50,92.6p per 100g,,food-cupboard
Doritos Dippers Sour Cream & Onion Tortilla Chips,Doritos Dippers Sour Cream...270g,£2.50,92.6p per 100g,,food-cupboard
Doritos Flame Grilled Whopper,Doritos Flame Grilled Whopper180g,£1.75,97.2p per 100g,"Offer price £1.75, was £2.25",food-cupboard
Doritos Hot Salsa Dip,Doritos Hot Salsa Dip300g,£2.50,83.3p per 100g,,food-cupboard
Doritos Loaded Pepperoni Pizza Tortilla Chips,Doritos Loaded Pepperoni Pizza Tortilla Chips180g,£1.75,97.2p per 100g,"Offer price £1.75, was £2.25",food-cupboard
Doritos Mild Salsa Dip,Doritos Mild Salsa Dip300g,£2.50,83.3p per 100g,,food-cupboard
Doritos Sour Cream & Chives Dip,Doritos Sour Cream & Chives Dip280g,£2.50,89.3p per 100g,,food-cupboard
Doritos Tangy Cheese,Doritos Tangy Cheese40g,95p,£2.38 per 100g,,food-cupboard
Doritos Tangy Cheese Sharing Tortilla Chips ,Doritos Tangy Cheese Sharing Tortilla Chips 180g,£1.75,97.2p per 100g,"Offer price £1.75, was £2.25",food-cupboard
Doritos Tangy Cheese Tortilla Chips ,Doritos Tangy Cheese Tortilla Chips 5 x 30g,£1.75,£1.17 per 100g,Buy 2 for £3,food-cupboard
Doritos Triple Cheese Pizza Tortilla Chips,Doritos Triple Cheese Pizza Tortilla Chips180g,£1.75,97.2p per 100g,"Offer price £1.75, was £2.25",food-cupboard
Dorset Cereals Gloriously Nutty Muesli ,Dorset Cereals Gloriously Nutty Muesli 500g,£3.25,65p per 100g,"Offer price £3.25, was £3.99",food-cupboard
Dorset Cereals Honey Granola,Dorset Cereals Honey Granola500g,£3.25,65p per 100g,"Offer price £3.25, was £4.29",food-cupboard
Dorset Cereals Luscious Berry & Cherry Muesli,Dorset Cereals Luscious Berry & Cherry Muesli600g,£3.25,54.2p per 100g,"Offer price £3.25, was £3.99",food-cupboard
Dorset Cereals Oat Granola ,Dorset Cereals Oat Granola 550g,£3.99,72.5p per 100g,,food-cupboard
Dorset Cereals Simply Delicious Muesli,Dorset Cereals Simply Delicious Muesli650g,£3.39,52.2p per 100g,,food-cupboard
Dorset Cereals Simply Nutty Muesli ,Dorset Cereals Simply Nutty Muesli 560g,£3.39,60.5p per 100g,,food-cupboard
Dorset Sea Salt Co Natural Sea Salt,Dorset Sea Salt Co Natural Sea Salt100g,£4,£4.00 per 100g,,food-cupboard
Douwe Egberts Pure Decaffeinated Instant Coffee,Douwe Egberts Pure Decaff...190g,£6.99,£3.68 per 100g,,food-cupboard
Douwe Egberts Pure Gold Indulgence Instant Coffee,Douwe Egberts Pure Gold Indulgence Instant Coffee190g,£6.99,£3.68 per 100g,,food-cupboard
Douwe Egberts Pure Gold Instant Coffee Medium Roast,Douwe Egberts Pure Gold Insta...190g,£6.99,£3.68 per 100g,,food-cupboard
Doves Farm Coconut Flour,Doves Farm Coconut Flour500g,£3.75,75p per 100g,,food-cupboard
Doves Farm Organic Brown Rice Flour,Doves Farm Organic Brown Rice Flour290g,£2,69p per 100g,,food-cupboard
Doves Farm Organic Oat Flour,Doves Farm Organic Oat Flour450g,£4,£8.89 per kg,,food-cupboard
Doves Farm Organic Pasta Flour ,Doves Farm Organic Pasta Flour 1kg,£2.49,£2.49 per kg,,food-cupboard
Doves Farm Organic Whole Meal Spelt Flour,Doves Farm Organic Whole Meal Spelt Flour1kg,£2.75,£2.75 per kg,,food-cupboard
Drink Me Chai Spiced Chai Latte,Drink Me Chai Spiced Chai Latte250g,£2.79,£1.12 per 100g,,food-cupboard
Dr. Karg's Organic Crispbread Emmental Cheese & Pumpkin Seed ,Dr. Karg's Organic Crispbread Emmen...200g,£2.50,£1.25 per 100g,,food-cupboard
Dr Oetker 12 Milk Chocolate Gold Pearls Cake Decorations,Dr Oetker 12 Milk Chocolate Gol...,£2,,,food-cupboard
Dr. Oetker 18 Party Candles,Dr. Oetker 18 Party Candles,£1.55,,,food-cupboard
Dr. Oetker 18 Tall Candles,Dr. Oetker 18 Tall Candles18 per pack,£1.49,8.3p each,,food-cupboard
Dr. Oetker 26% White Chocolate Bar,Dr. Oetker 26% White Chocolate Bar150g,£1.50,£1.00 per 100g,"Offer price £1.50, was £1.99",food-cupboard
Dr. Oetker 35% Milk Chocolate Bar,Dr. Oetker 35% Milk Chocolate Bar150g,£1.50,£1.00 per 100g,"Offer price £1.50, was £1.99",food-cupboard
Dr. Oetker 40 Mini Wafer Flowers,Dr. Oetker 40 Mini Wafer Flowers40 per pack,£1.25,3.1p each,"Offer price £1.25, was £1.99",food-cupboard
Dr. Oetker 6 Celebration Candles,Dr. Oetker 6 Celebration Candles,£1.99,,,food-cupboard
Dr. Oetker 70% Extra Dark Chocolate Chunks,Dr. Oetker 70% Extra Dark Chocolate Chunks100g,£1.25,£1.25 per 100g,"Offer price £1.25, was £1.85",food-cupboard
Dr. Oetker 72% Extra Dark Chocolate Bar,Dr. Oetker 72% Extra Dark Chocolate Bar150g,£1.50,£1.00 per 100g,"Offer price £1.50, was £1.99",food-cupboard
Dr Oetker Aventure Sprinkles,Dr Oetker Aventure Sprinkles90g,£2.25,£2.50 per 100g,,food-cupboard
Dr. Oetker Bicarbonate of Soda,Dr. Oetker Bicarbonate of Soda200g,£1.59,79.5p per 100g,,food-cupboard
Dr. Oetker Bicarbonate of Soda Sachets,Dr. Oetker Bicarbonate of Soda Sachets6 x 7g,£1.39,£3.31 per 100g,,food-cupboard
Dr Oetker Bright & Bold Mix Sprinkles,Dr Oetker Bright & Bold Mix Sprinkles109g,£1.75,£1.60 per 100g,"Offer price £1.75, was £2.29",food-cupboard
Dr. Oetker Brookie Cookies Baking Mix,Dr. Oetker Brookie Cookies Baking Mix390g,£2.75,70.5p per 100g,,food-cupboard
Dr Oetker Candy Mix Sprinkles,Dr Oetker Candy Mix Sprinkles,£2.25,,,food-cupboard
Dr. Oetker Chocolate Hearts,Dr. Oetker Chocolate Hearts40g,£1.25,£3.13 per 100g,"Offer price £1.25, was £1.79",food-cupboard
Dr Oetker Chocolatey Mix Sprinkles,Dr Oetker Chocolatey Mix Sprinkles93g,£1.75,£1.88 per 100g,"Offer price £1.75, was £2.29",food-cupboard
Dr. Oetker Christmas Mix Decorating Sprinkles ,Dr. Oetker Christmas Mix Decorating Sprinkles 76g,£2,£2.63 per 100g,,food-cupboard
Dr. Oetker Cream of Tartar,Dr. Oetker Cream of Tartar120g,£1.69,£1.41 per 100g,,food-cupboard
Dr Oetker Dino Cake Decoration,Dr Oetker Dino Cake Decoration,£2.15,,,food-cupboard
Dr. Oetker Fine 100% Dark Cocoa Powder,Dr. Oetker Fine 100% Dark Cocoa Powder190g,£3.15,£1.66 per 100g,,food-cupboard
Dr Oetker Flower Cake Decorate,Dr Oetker Flower Cake Decorate,£2.15,,,food-cupboard
Dr. Oetker Free Range Egg White Powder Sachets,Dr. Oetker Free Range Egg White Powder Sachets4 x 5g,£1.20,60p per 10g,,food-cupboard
Dr. Oetker Gelatine Sachets,Dr. Oetker Gelatine Sachets3 x 12g,£1.39,38.6p per 10g,,food-cupboard
Dr. Oetker Giant Chocolate Stars,Dr. Oetker Giant Chocolate Stars20g,£1.50,£7.50 per 100g,"Offer price £1.50, was £2.39",food-cupboard
Dr. Oetker Gluten Free Baking Powder,Dr. Oetker Gluten Free Baking Powder170g,£1.59,93.5p per 100g,,food-cupboard
Dr. Oetker Gluten Free Baking Powder Sachets,Dr. Oetker Gluten Free Baking Powder Sachets6 x 5g,£1.39,£4.63 per 100g,,food-cupboard
Dr Oetker Glycerine,Dr Oetker Glycerine38ml,£1.05,£2.76 per 100ml,,food-cupboard
Dr. Oetker Ground Arrowroot Sachets,Dr. Oetker Ground Arrowroot Sachets6 x 8g,£1.39,£2.90 per 100g,,food-cupboard
Dr Oetker Heart Marshmallows,Dr Oetker Heart Marshmallows100g,£1,£1.00 per 100g,,food-cupboard
Dr. Oetker Large Madagascan Vanilla Extract,Dr. Oetker Large Madaga...95ml,£4.49,47.3p per 10ml,,food-cupboard
Dr. Oetker Lettered Happy Birthday Candles,Dr. Oetker Lettered Happy Birthday Candles,£1.95,,,food-cupboard
Dr. Oetker Liquid Glucose,Dr. Oetker Liquid Glucose140g,£2.15,£1.54 per 100g,,food-cupboard
Dr. Oetker Madagascan Vanilla Bean Paste,Dr. Oetker Madagascan Vanilla Bean Paste100g,£4,40p per 10g,,food-cupboard
Dr. Oetker Madagascan Vanilla Extract,Dr. Oetker Madagascan Vanilla Extract35ml,£1.25,35.7p per 10ml,"Offer price £1.25, was £1.55",food-cupboard
Dr Oetker Melting Middle Chocolate Pudding Baking Mix,Dr Oetker Melting Middle Choc...140g,£1.89,£1.35 per 100g,,food-cupboard
Dr. Oetker Milk Chocolate Chunks,Dr. Oetker Milk Chocolate Chunks100g,£1.25,£1.25 per 100g,"Offer price £1.25, was £1.85",food-cupboard
Dr Oetker Mini Flower Decorate,Dr Oetker Mini Flower Decorate,£2.15,,,food-cupboard
Dr Oetker Natural Extract American Peppermint ,Dr Oetker Natural Extract American Peppermint 35ml,£1.45,41.4p per 10ml,,food-cupboard
Dr. Oetker Natural Moroccan Almond Extract,Dr. Oetker Natural Moroccan Almond Extract35ml,£1.45,41.4p per 10ml,,food-cupboard
Dr. Oetker Number 0 Candle,Dr. Oetker Number 0 Candle,£1.09,,,food-cupboard
Dr. Oetker Number 1 Candle,Dr. Oetker Number 1 Candle,£1.09,,,food-cupboard
Dr. Oetker Number 2 Candle,Dr. Oetker Number 2 Candle,£1.09,,,food-cupboard
Dr. Oetker Number 3 Candle,Dr. Oetker Number 3 Candle,£1.09,,,food-cupboard
Dr. Oetker Number 4 Candle,Dr. Oetker Number 4 Candle,£1.09,,,food-cupboard
Dr. Oetker Number 5 Candle,Dr. Oetker Number 5 Candle,£1.09,,,food-cupboard
Dr. Oetker Number 6 Candle,Dr. Oetker Number 6 Candle,£1.09,,,food-cupboard
Dr. Oetker Number 7 Candle,Dr. Oetker Number 7 Candle,£1.09,,,food-cupboard
Dr. Oetker Number 8 Candle,Dr. Oetker Number 8 Candle,£1.09,,,food-cupboard
Dr. Oetker Number 9 Candle,Dr. Oetker Number 9 Candle,£1.09,,,food-cupboard
Dr. Oetker Peanut Butter Cups Baking Mix,Dr. Oetker Peanut Butter Cups Baking Mix240g,£2.75,£1.15 per 100g,,food-cupboard
Dr. Oetker Platinum Grade Leaf Gelatine,Dr. Oetker Platinum Grade Leaf Gelatine13g,£2.15,£16.54 per 100g,,food-cupboard
Dr. Oetker Rainbow Cupcake Cases ,Dr. Oetker Rainbow Cupcake Cases 72 per pack,£1.25,1.8p each,"Offer price £1.25, was £1.99",food-cupboard
Dr Oetker Rainbow Icing ,Dr Oetker Rainbow Icing 6 x 19g,£2.85,£2.50 per 100g,,food-cupboard
Dr Oetker Rainbow Sprinkles,Dr Oetker Rainbow Sprinkles115g,£1.75,£1.52 per 100g,"Offer price £1.75, was £2.59",food-cupboard
Dr. Oetker Ready to Roll Soft Fondant Icing Various Colours,Dr. Oetker Ready to Roll Soft Fon...500g,£2.99,59.8p per 100g,,food-cupboard
Dr Oetker Sicilian Lemon Extract,Dr Oetker Sicilian Lemon Extract35ml,£1.45,£4.14 per 100ml,,food-cupboard
Dr Oetker Space Cupcake Kit,Dr Oetker Space Cupcake Kit360g,£2,55.5p per 100g,"Offer price £2, was £2.69",food-cupboard
Dr Oetker Unicorn Cake Decoration,Dr Oetker Unicorn Cake Decoration,£2.15,,,food-cupboard
Dr. Oetker Unicorn Confetti Sprinkle Mix,Dr. Oetker Unicorn Confetti Sprinkle Mix110g,£1.75,£1.59 per 100g,"Offer price £1.75, was £2.45",food-cupboard
Dr Oetker Unicorn Decoration Icing ,Dr Oetker Unicorn Decoration Icing 6 x 19g,£2.15,£1.89 per 100g,,food-cupboard
Dr Oetker Valencian Orange Extract ,Dr Oetker Valencian Orange Extract 35ml,£1.45,41.4p per 10ml,,food-cupboard
Dr. Oetker Vege-Gel Sachets,Dr. Oetker Vege-Gel Sachets3 x 6.5g,£1.39,£7.13 per 100g,,food-cupboard
Dr Oetker White Choc Chunks,Dr Oetker White Choc Chunks100g,£1.25,£1.25 per 100g,"Offer price £1.25, was £1.85",food-cupboard
Drumstick Squashies Sour Cherry,Drumstick Squashies Sour Cherry160g,£1.15,71.9p per 100g,,food-cupboard
Duerr's Blackcurrant Jam ,Duerr's Blackcurrant Jam 42g,69p,£1.64 per 100g,,food-cupboard
Duerr's Fine Cut Seville Orange Marmalade ,Duerr's Fine Cut Seville Orange Marmalade 340g,£1.49,43.8p per 100g,,food-cupboard
Duerr's Seville Orange Marmalade,Duerr's Seville Orange Marmalade42g,69p,£1.64 per 100g,,food-cupboard
Duerr's Strawberry Jam,Duerr's Strawberry Jam42g,69p,£1.64 per 100g,,food-cupboard
Duerr's Thick Cut Classic Seville Orange Marmalade,Duerr's Thick Cut Classic Seville Orange Marmalade340g,£1.49,43.8p per 100g,,food-cupboard
Dunns River Coconut Milk ,Dunns River Coconut Milk 400ml,£1.09,£2.73 per litre,,food-cupboard
Dunn's River Creamed Coconut,Dunn's River Creamed Coconut200g,£1.19,£5.95 per kg,,food-cupboard
Easter Bunny Cupcake Picks,Easter Bunny Cupcake Picks12 per pack,£2.50,20.8p each,,food-cupboard
Easter Cupcake with Bunny Toppers Kit for 12,Easter Cupcake with Bunny Toppers Kit for 1212 per pack,£2,16.7p each,,food-cupboard
Eat Natural Crunchy Nut Bars Protein Packed With Peanuts & Chocolate,Eat Natural Crunchy Nut Bars Protein Pa...3 x 45g,£2,£1.48 per 100g,,food-cupboard
Eat Natural Fruit & Nut Bars Dark Chocolate With Cranberries & Macadamias,Eat Natural Fruit & Nut Bars Da...3 x 45g,£2,£1.48 per 100g,,food-cupboard
"Eat Natural Raw Fruit & Cereal Nut Bar Hazelnut, Dates & Peanut ",Eat Natural Raw Fruit & Cereal Nut Ba...45g,£1,£2.22 per 100g,,food-cupboard
"Eat Natural Raw Fruit & Nut Bar Almond,Cranberries & Pomegranate",Eat Natural Raw Fruit & Nut...3 x 45g,£2,£1.48 per 100g,"Offer price £2, was £2.50",food-cupboard
"Eat Natural Raw Fruit & Nut Cereal Bar Almond, Cranberries & Pomegranate",Eat Natural Raw Fruit & Nut Cer...45g,£1,£2.22 per 100g,,food-cupboard
"Eat Natural Raw Protein Packed Peanut, Almond & Cocoa",Eat Natural Raw Protein Packe...3 x 45g,£2,£1.48 per 100g,"Offer price £2, was £2.50",food-cupboard
"Eat Natural Raw Protein Packed Peanut, Almond & Cocoa Cereal Bar",Eat Natural Raw Protein Packed Peanut...45g,£1,£2.22 per 100g,,food-cupboard
Eazy Fried Onions,Eazy Fried Onions390g,£1.05,£2.69 per kg,,food-cupboard
Eezy Freezzy Squeezee 10 Pack,Eezy Freezzy Squeezee 10 Pack500ml,£2,£4.00 per litre,,food-cupboard
Elephant Atta Medium Chapatti Flour  ,Elephant Atta Medium Chapatti Flour  10kg,£6.50,65p per kg,"Offer price £6.50, was £9.99",food-cupboard
Encona Original Hot Pepper Sauce,Encona Original Hot Pepper Sauce220ml,£1.69,76.8p per 100ml,,food-cupboard
Encona Thai Sweet Chilli Sauce Med,Encona Thai Sweet Chilli Sauce Med220ml,£1.69,76.8p per 100ml,,food-cupboard
Extra Ice Peppermint Chewing Gum Sugar Free Bottle,Extra Ice Peppermint Chewin...46 per pack,£2.40,5.2p each,,food-cupboard
Extra Ice Peppermint Chewing Gum Sugar Free Multipack,Extra Ice Peppermint Chewing...6 x 10 per pack,£3,5p each,,food-cupboard
Extra Peppermint Chewing Gum Sugar Free Bottle 60 Pieces,Extra Peppermint Chewing Gum Su...84g,£2.85,£3.39 per 100g,,food-cupboard
Extra Peppermint Chewing Gum Sugar Free Multipack,Extra Peppermint Chewing Gu...6 x 10 per pack,£3,5p each,,food-cupboard
Extra Refreshers Bubblemint Sugar Free Chewing Gum Bottle 30 Pieces,Extra Refreshers Bubblemint...67g,£2.85,£4.25 per 100g,,food-cupboard
Extra Refreshers Bubblemint Sugar Free Chewing Gum Handy Box 7 Pieces,Extra Refreshers Bubblemint S...15.7g,75p,£4.78 per 100g,,food-cupboard
Extra Refreshers Peppermint Sugar Free Chewing Gum Handy Box 7 Pieces,Extra Refreshers Peppermint S...15.7g,75p,£4.78 per 100g,,food-cupboard
Extra Refreshers Spearmint Sugar Free Chewing Gum Handy Box 7 Pieces,Extra Refreshers Spearmint Su...15.7g,75p,£4.78 per 100g,,food-cupboard
Extra Spearmint Chewing Gum Sugar Free Bottle 60 Pieces,Extra Spearmint Chewing Gum Sug...60 per pack,£2.85,4.8p each,,food-cupboard
Extra Spearmint Chewing Gum Sugar Free Multipack,Extra Spearmint Chewing Gum Sugar Free Multipack6 x 10 per pack,£3,5p each,,food-cupboard
Extra Strawberry Flavour Sugarfree Chewing Gum Bottle 60 Pieces,Extra Strawberry Flavour Sugarfree Ch...84g,£2.85,£3.39 per 100g,,food-cupboard
Extra White Bubblemint Chewing Gum Sugar Free Multipack,Extra White Bubblemint Chewing...6 x 10 per pack,£3,5p each,,food-cupboard
Extra White Chewing Gum Sugar Free Bottle 46 Pieces,Extra White Chewing Gum Sugar...46 per pack,£2.59,5.6p each,,food-cupboard
Farrow's Giant Marrowfat Peas,Farrow's Giant Marrowfat Peas180g,75p,£4.17 per kg,Buy 2 for £1.40,food-cupboard
Fearne & Rosie Reduced Sugar Strawberry Superberry Jam,Fearne & Rosie Reduced Sugar St...300g,£2.80,93.3p per 100g,,food-cupboard
Ferrero Collection Chocolate Pralines Gift Box 15 Pieces,Ferrero Collection Chocolate Pr...172g,£6,£3.49 per 100g,,food-cupboard
Ferrero Collection Gift Box Of Chocolates ,Ferrero Collection Gift Box Of Chocolates 24 per pack,£10,41.7p each,,food-cupboard
Ferrero Rocher Block Dark ,Ferrero Rocher Block Dark 90g,£2.20,£2.44 per 100g,,food-cupboard
Ferrero Rocher Chocolate Pralines Gift Box 16 Pieces ,Ferrero Rocher Chocolate Pralines Gift Box 16 Pieces 200g,£6,£3.00 per 100g,,food-cupboard
Ferrero Rocher Chocolate Pralines Gift Box 24 Pieces,Ferrero Rocher Chocolate Pralines Gift Box 24 Pieces300g,£9.50,£3.17 per 100g,,food-cupboard
Ferrero Rocher Golden Easter Egg,Ferrero Rocher Golden Easter Egg250g,£12.50,£5.00 per 100g,,food-cupboard
Ferrero Rocher Hollow Bunny,Ferrero Rocher Hollow Bunny100g,£3.25,£3.25 per 100g,Buy 2 for £5.50,food-cupboard
Ferrero Rocher Milk Chocolate & Hazelnut Bar,Ferrero Rocher Milk Chocolate & Hazelnut Bar90g,£2.20,£2.44 per 100g,,food-cupboard
Ferrero Rocher White Chocolate & Hazelnut Bar,Ferrero Rocher White Chocolate & Hazelnut Bar90g,£2.20,£2.44 per 100g,,food-cupboard
Fibre One 4 Triple Choc Cake Bars ,Fibre One 4 Triple Choc Cake Bars 4 x 25g,£2.90,£2.90 per 100g,,food-cupboard
Fibre One 5 Birthday Cake Squares ,Fibre One 5 Birthday Cake Squares 120g,£2.90,£2.42 per 100g,,food-cupboard
Fibre One 90 Calorie Chocolate Fudge Brownie Bars,Fibre One 90 Calorie Chocol...5 x 24g,£2.90,£2.42 per 100g,,food-cupboard
Fibre One 90 Calorie Lemon Drizzle Bars,Fibre One 90 Calorie Lemon Drizzle Bars5 x 24g,£2.90,£2.42 per 100g,,food-cupboard
Fibre One 90 Calorie Red Velvet High Fibre Cake Bars ,Fibre One 90 Calorie Red Velv...4 x 25g,£2.90,£2.90 per 100g,,food-cupboard
Fibre One 90 Calorie Salted Caramel Bars,Fibre One 90 Calorie Salted Caramel Bars5 x 24g,£2.90,£2.42 per 100g,,food-cupboard
Fibre One Choc Indulgence Doughnuts,Fibre One Choc Indulgence Doughnuts4 x 23g,£1.50,£1.63 per 100g,"Offer price £1.50, was £2.50",food-cupboard
Fibre One Milk Chocolate Popcorn & Pretzel Cereal Bars,Fibre One Milk Chocolate Popcor...4 x 21g,£1.25,£1.49 per 100g,"Offer price £1.25, was £2",food-cupboard
Fibre One Popcorn Peanut Cereal Bars,Fibre One Popcorn Peanut Cereal Bars4 x 21g,£1.25,£1.49 per 100g,"Offer price £1.25, was £2",food-cupboard
Fibre One Strawberries & White Choc Mini Doughnuts,Fibre One Strawberries & Wh...4 x 23g,£1.50,£1.63 per 100g,"Offer price £1.50, was £2.50",food-cupboard
Fibre One Strawberry Cheesecake Cake Bar,Fibre One Strawberry Cheesecake Cake Bar4 x 25g,£2.90,£2.90 per 100g,,food-cupboard
Filippo Berio 100% Italian Extra Virgin Olive Oil,Filippo Berio 100% Italian Extra Virgin Olive Oil750ml,£9,£1.20 per 100ml,"Offer price £9, was £9.49",food-cupboard
Filippo Berio Balsamic Vinegar,Filippo Berio Balsamic Vinegar250ml,£3.25,£1.30 per 100ml,,food-cupboard
Filippo Berio Chilli Flavoured Olive Oil ,Filippo Berio Chilli Flavoured Olive Oil 250ml,£5.99,£2.40 per 100ml,,food-cupboard
Filippo Berio Extra Virgin Olive Oil,Filippo Berio Extra Virgin Olive Oil500ml,£4.50,90p per 100ml,,food-cupboard
Filippo Berio Extra Virgin Olive Oil,Filippo Berio Extra Virgin Olive Oil750ml,£8.79,£1.17 per 100ml,,food-cupboard
Filippo Berio Extra Virgin Olive Oil,Filippo Berio Extra Virgin Olive Oil250ml,£3.29,£1.32 per 100ml,,food-cupboard
Filippo Berio Extra Virgin Olive Oil,Filippo Berio Extra Virgin Olive Oil1L,£9.99,99.9p per 100ml,,food-cupboard
Filippo Berio Extra Virgin Olive Oil,Filippo Berio Extra Virgin Olive Oil1.5L,£13,86.7p per 100ml,"Offer price £13, was £13.99",food-cupboard
Filippo Berio Garlic Olive Oil ,Filippo Berio Garlic Olive Oil 250ml,£5.99,£2.40 per 100ml,,food-cupboard
Filippo Berio Gran Cru Balsamic Vinegar Of Modena ,Filippo Berio Gran Cru Bals...250ml,£10,£40.00 per litre,,food-cupboard
Filippo Berio Il Rustico Unfiltered Extra Virgin Olive Oil,Filippo Berio Il Rustico Unfilter...1L,£10,£1.00 per 100ml,"Offer price £10, was £11.99",food-cupboard
Filippo Berio Mild & Light In Colour,Filippo Berio Mild & Light In Colour250ml,£3.29,£1.32 per 100ml,,food-cupboard
Filippo Berio Mild & Light Olive Oil,Filippo Berio Mild & Light Olive Oil500ml,£4.50,90p per 100ml,,food-cupboard
Filippo Berio Mild & Light Olive Oil,Filippo Berio Mild & Light Olive Oil750ml,£8.79,£1.17 per 100ml,,food-cupboard
Filippo Berio Olive Oil,Filippo Berio Olive Oil500ml,£4.50,90p per 100ml,,food-cupboard
Filippo Berio Olive Oil,Filippo Berio Olive Oil750ml,£8.79,£1.17 per 100ml,,food-cupboard
Filippo Berio Olive Oil,Filippo Berio Olive Oil250ml,£3.29,£1.32 per 100ml,,food-cupboard
Filippo Berio Olive Oil Classic ,Filippo Berio Olive Oil Classic 1L,£9.99,99.9p per 100ml,,food-cupboard
Filippo Berio Olive Oil Mild & Light In Colour,Filippo Berio Olive Oil Mild & Light In Colour1L,£9.99,99.9p per 100ml,,food-cupboard
Filippo Berio Organic Extra Virgin Oil,Filippo Berio Organic Extra Virgin Oil500ml,£6.99,£1.40 per 100ml,,food-cupboard
Filippo Berio Special Selection Extra Virgin Olive Oil,Filippo Berio Special Selection...500ml,£7.49,£1.50 per 100ml,,food-cupboard
Filippo Berio Truffle Flavour Olive Oil,Filippo Berio Truffle Flavour Olive Oil250ml,£7.99,£3.20 per 100ml,,food-cupboard
Flahavan's Irish Quick Oats,Flahavan's Irish Quick Oats500g,£1.80,36p per 100g,,food-cupboard
Flahavans Organic Irish Porridge,Flahavans Organic Irish Porridge500g,£1.25,25p per 100g,,food-cupboard
Flava-It Barbecue Marinade,Flava-It Barbecue Marinade35g,£1.10,£3.14 per 100g,,food-cupboard
Flava-It Chinese Marinade,Flava-It Chinese Marinade35g,£1.10,£3.14 per 100g,,food-cupboard
Flava-It Piri Piri Marinade,Flava-It Piri Piri Marinade35g,£1.10,£3.14 per 100g,,food-cupboard
Flipz Pretzels Milk Chocolate Snacks,Flipz Pretzels Milk Chocolate Snacks90g,£1.35,£1.50 per 100g,,food-cupboard
Flora Pure Sunflower Oil with Vitamin E,Flora Pure Sunflower Oil with Vitamin E2L,£7.55,37.8p per 100ml,,food-cupboard
Flora Pure Sunflower Oil with Vitamin E,Flora Pure Sunflower Oil with Vitamin E1L,£3.70,37p per 100ml,"Offer price £3.70, was £4.49",food-cupboard
Fox's Brandy Snaps Biscuits,Fox's Brandy Snaps Biscuits100g,£1.39,£1.39 per 100g,,food-cupboard
Fox's Chocolate Orange Crunch Creams,Fox's Chocolate Orange Crunch Creams200g,£1,50p per 100g,,food-cupboard
Fox's Chocolatey Milk Chocolate Biscuit Rounds,Fox's Chocolatey Milk Chocolate Biscuit Rounds130g,£1.25,96.3p per 100g,"Offer price £1.25, was £2",food-cupboard
Fox's Fabulous Half Coated Milk Chocolate Cookie Biscuits,Fox's Fabulous Half Coated Milk C...175g,£2,£1.14 per 100g,,food-cupboard
Fox's Fabulous Milk Chocolate Cookie Biscuits,Fox's Fabulous Milk Chocolate Cookie Biscuits180g,£2,£1.11 per 100g,,food-cupboard
Fox's Fabulous Triple Chocolate Cookie Biscuits,Fox's Fabulous Triple Chocolate Cookie Biscuits180g,£2,£1.11 per 100g,,food-cupboard
Fox's Golden Crunch Creams ,Fox's Golden Crunch Creams 200g,£1.25,62.5p per 100g,,food-cupboard
Fox's Jam 'n' Cream Rings,Fox's Jam 'n' Cream Rings150g,60p,40p per 100g,"Offer price 60p, was 75p",food-cupboard
Fox's Party Ring Biscuits,Fox's Party Ring Biscuits125g,75p,60p per 100g,,food-cupboard
Fox's Party Ring Biscuits 6 Mini Bags,Fox's Party Ring Biscuits 6 Mini Bags126g,£1.19,94.4p per 100g,,food-cupboard
Fox's Rocky Caramel Chocolate Biscuit Bars 8 Pack,Fox's Rocky Caramel Chocola...169g,£1,59.2p per 100g,"Offer price £1, was £1.25",food-cupboard
Fox's Rocky Chocolate Biscuit Bars 8 Pack,Fox's Rocky Chocolate Biscuit Bars 8 Pack168g,£1,59.5p per 100g,"Offer price £1, was £1.20",food-cupboard
Fox's Sugar Free L/Boost,Fox's Sugar Free L/Boost45g,£1,£2.22 per 100g,,food-cupboard
Fox's Sugar Free Wakey Mini,Fox's Sugar Free Wakey Mini45g,£1,£2.22 per 100g,,food-cupboard
Fox's Viennese Milk Chocolate Biscuit Sandwich,Fox's Viennese Milk Choco...120g,£2,£1.67 per 100g,,food-cupboard
Fragata Olives Stuffed With Garlic (350g),Fragata Olives Stuffed With Garlic (350g)150g,£1.70,£1.14 per 100g,"Offer price £1.70, was £1.99",food-cupboard
Fragata Selection Olives Stuffed With Anchovy (350g),Fragata Selection Olives Stuf...150g,£1.70,£1.14 per 100g,"Offer price £1.70, was £1.99",food-cupboard
"Fragata Stone In Beldi Dry, Salted, Greek Style Olives ","Fragata Stone In Beldi Dry, Sal...250g",£1.99,79.6p per 100g,,food-cupboard
Fragata Stoneless Manzanilla Olives Filled With Chorizo (350g),Fragata Stoneless Manzanilla Olives...150g,£1.70,£1.14 per 100g,"Offer price £1.70, was £1.99",food-cupboard
Fragata Stoneless Manzanilla Olives Filled With Jalapeno,Fragata Stoneless Manzanilla Ol...350g,£1.70,48.6p per 100g,"Offer price £1.70, was £1.99",food-cupboard
Fragata Stoneless Manzanilla Olives Filled With Lemon,Fragata Stoneless Manzanilla...350g,£1.70,48.6p per 100g,"Offer price £1.70, was £1.99",food-cupboard
Fragata Stoneless Manzanilla Olives Filled With Piquillo Pepper (350g),Fragata Stoneless Manzanilla...150g,£1.70,£1.14 per 100g,"Offer price £1.70, was £1.99",food-cupboard
Frank Cooper's Fine Cut Oxford Marmalade,Frank Cooper's Fine Cut Oxford Marmalade454g,£2.49,54.8p per 100g,,food-cupboard
Frank Cooper's Original Oxford Marmalade,Frank Cooper's Original Oxford Marmalade454g,£2.49,54.8p per 100g,,food-cupboard
Franks Redhot Buffalo Wings Sauce,Franks Redhot Buffalo Wings Sauce148ml,£1.79,£1.21 per 100ml,,food-cupboard
Frank's Red Hot Grilled Habanero Hot Sauce ,Frank's Red Hot Grilled Habanero Hot Sauce 148ml,£1.99,£1.34 per 100ml,,food-cupboard
Franks Red Hot Original Cayenne Pepper Sauce,Franks Red Hot Original Cayenne Pepper Sauce148ml,£1.79,£1.21 per 100ml,,food-cupboard
Frank'S Red Hot Roasted Jalapeno Hot Sauce ,Frank'S Red Hot Roasted Jalapeno Hot Sauce 148ml,£1.99,£1.34 per 100ml,,food-cupboard
Frank's Red Hot Smoked Chipotle Hot Sauce ,Frank's Red Hot Smoked Chipotle Hot Sauce 148ml,£1.99,£1.34 per 100ml,,food-cupboard
Fray Bentos All Day Breakfast Pie,Fray Bentos All Day Breakfast Pie425g,£3.25,76.5p per 100g,Buy 2 for £5,food-cupboard
Fray Bentos Cheese & Onion Pie,Fray Bentos Cheese & Onion Pie425g,£3.25,76.5p per 100g,Buy 2 for £5,food-cupboard
Fray Bentos Chicken Curry Pie,Fray Bentos Chicken Curry Pie425g,£3.25,76.5p per 100g,Buy 2 for £5,food-cupboard
Fray Bentos Just Chicken Pie,Fray Bentos Just Chicken Pie425g,£3.25,76.5p per 100g,Buy 2 for £5,food-cupboard
Fray Bentos Just Steak Pudding,Fray Bentos Just Steak Pudding200g,£2.75,£1.38 per 100g,,food-cupboard
Fray Bentos Meatballs In Gravy,Fray Bentos Meatballs In Gravy380g,£1.20,31.6p per 100g,,food-cupboard
Fray Bentos Meatballs In Tomato Sauce,Fray Bentos Meatballs In Tomato Sauce380g,£1.20,31.6p per 100g,,food-cupboard
Fray Bentos Minced Beef Pie,Fray Bentos Minced Beef Pie425g,£3.25,76.5p per 100g,Buy 2 for £5,food-cupboard
Fray Bentos Steak & Gravy Pie,Fray Bentos Steak & Gravy Pie425g,£3.25,76.5p per 100g,Buy 2 for £5,food-cupboard
Fray Bentos Steak & Kidney Pie,Fray Bentos Steak & Kidney Pie425g,£3.25,76.5p per 100g,Buy 2 for £5,food-cupboard
Fray Bentos Steak & Kidney Pudding,Fray Bentos Steak & Kidney Pudding200g,£2.75,£1.38 per 100g,,food-cupboard
Fray Bentos Steak & Kidney Pudding,Fray Bentos Steak & Kidney Pudding400g,£3.25,81.3p per 100g,,food-cupboard
Frenchs American Classic Mustard,Frenchs American Classic Mustard397g,£2.85,71.8p per 100g,,food-cupboard
French's Classic Yellow Mustard,French's Classic Yellow Mustard226g,£2.15,95.1p per 100g,,food-cupboard
Fruit-Tella Berries & Cherries,Fruit-Tella Berries & Cherries170g,£1.50,88.2p per 100g,,food-cupboard
Fruit Bowl Black Currant Peelers,Fruit Bowl Black Currant Peelers5 x 16g,£2.49,£3.11 per 100g,,food-cupboard
Fruit Bowl Raspberry Peelers ,Fruit Bowl Raspberry Peelers 5 x 16g,£2.49,£3.11 per 100g,,food-cupboard
Fruit Bowl Raspberry Yogurt Flakes,Fruit Bowl Raspberry Yogurt Flakes5 x 21g,£2.25,£2.14 per 100g,,food-cupboard
Fruit Bowl Strawberry Peelers,Fruit Bowl Strawberry Peelers5 x 16g,£2.49,£3.11 per 100g,,food-cupboard
Fruit Bowl Strawberry Yogurt Flakes,Fruit Bowl Strawberry Yogurt Flakes5 x 21g,£2.25,£2.14 per 100g,,food-cupboard
Fruit Bowl Yogurt Raisins,Fruit Bowl Yogurt Raisins5 x 25g,£2.25,£1.80 per 100g,,food-cupboard
Fruit Factory Fruit Stars      ,Fruit Factory Fruit Stars      5 x 20g,£1.75,£1.75 per 100g,,food-cupboard
Fruittella Duo Stix Sweets Bag,Fruittella Duo Stix Sweets Bag160g,£1.50,93.8p per 100g,,food-cupboard
Fruittella Favourites Chewy Sweets Multipack,Fruittella Favourites Chewy Sweets Multipack164g,£1.45,88.4p per 100g,,food-cupboard
Fruittella Juicy Chews Sharing Sweets Bag,Fruittella Juicy Chews Sharing Sweets Bag170g,£1.50,88.2p per 100g,,food-cupboard
Fruittella Mini Chewy Fruit Sweets,Fruittella Mini Chewy Fruit Sweets140g,£1,71.4p per 100g,,food-cupboard
Fruittella Sugarfree Fruit Jellies Coins ,Fruittella Sugarfree Fruit Jellies Coins 90g,£1.15,£1.28 per 100g,,food-cupboard
Fruittella Sugarfree Fruit Jellies Duos,Fruittella Sugarfree Fruit Jellies Duos90g,£1.15,£1.28 per 100g,,food-cupboard
Fruittella Under The Sea,Fruittella Under The Sea110g,£1.15,£1.05 per 100g,,food-cupboard
Frylight Butter Flavour 1 Cal Cooking Spray,Frylight Butter Flavour 1 Cal Cooking Spray190ml,£2.75,£1.45 per 100ml,,food-cupboard
Frylight Coconut Oil 1 Cal Cooking Spray,Frylight Coconut Oil 1 Cal Cooking Spray190ml,£2.75,£1.45 per 100ml,,food-cupboard
Frylight Extra Virgin Olive Oil 1 Cal Cooking Spray,Frylight Extra Virgin Olive Oil 1 Cal Cooking Spray190ml,£2.75,£1.45 per 100ml,,food-cupboard
Frylight Garlic Oil 1 Cal Cooking Spray,Frylight Garlic Oil 1 Cal Cooking Spray190ml,£2.75,£1.45 per 100ml,,food-cupboard
Frylight Rapeseed Oil 1 Cal Cooking Spray,Frylight Rapeseed Oil 1 Cal Cooking Spray190ml,£2.75,£1.45 per 100ml,,food-cupboard
Frylight Sunflower Oil 1 Cal Cooking Spray,Frylight Sunflower Oil 1 Cal Cooking Spray190ml,£2.75,£1.45 per 100ml,,food-cupboard
Fry's Chocolate Cream Multipack 3 Pack,Fry's Chocolate Cream Multipack 3 Pack147g,£1,68p per 100g,,food-cupboard
Fry's Orange Cream Multipack 3 Pack,Fry's Orange Cream Multipack 3 Pack147g,£1,68p per 100g,,food-cupboard
Fry's Peppermint Cream Multipack 3 Pack,Fry's Peppermint Cream Multipack 3 Pack147g,£1,68p per 100g,,food-cupboard
Fry's Turkish Delight Chocolate Multipack 3 Pack,Fry's Turkish Delight Choco...153g,£1,65.4p per 100g,,food-cupboard
Fudco Roasted & Salted Cashew Nuts,Fudco Roasted & Salted Cashew Nuts200g,£2.90,£1.45 per 100g,,food-cupboard
Fuel 10K Chunky Granola Chocolate Loaded,Fuel 10K Chunky Granola Chocolate Loaded400g,£3.25,81.3p per 100g,,food-cupboard
Fuel10K Granola Chunky Chocolate,Fuel10K Granola Chunky Chocolate70g,£1.29,£1.84 per 100g,,food-cupboard
Fuel10K Granola Fruit & Nut,Fuel10K Granola Fruit & Nut400g,£3,75p per 100g,,food-cupboard
Fuel10K Granola Mocha,Fuel10K Granola Mocha400g,£3,75p per 100g,,food-cupboard
Fuel 10K High Protein Boosted Porridge Chocolate,Fuel 10K High Protein Boost...70g,£1.29,£1.84 per 100g,,food-cupboard
Fulfil Chocolate Brownie Vitamin & Protein Bar ,Fulfil Chocolate Brownie Vitamin & Protein Bar 55g,£2.70,£4.91 per 100g,,food-cupboard
Fulfil Chocolate Hazelnut Whip Vitamin & Protein Cereal Bar,Fulfil Chocolate Hazelnut Whip Vi...55g,£2.70,£4.91 per 100g,,food-cupboard
Fulfil Chocolate Salted Caramel Vitamin & Protein Bar,Fulfil Chocolate Salted Caram...55g,£2.70,£4.91 per 100g,,food-cupboard
Full Green Cauli Rice Original,Full Green Cauli Rice Original200g,£2,£10.00 per kg,,food-cupboard
Fullgreen Vegi Rice Sweet Potato,Fullgreen Vegi Rice Sweet Potato200g,£2,£10.00 per kg,,food-cupboard
Galaxy Caramel Trufle Egg ,Galaxy Caramel Trufle Egg 297g,£10,£3.37 per 100g,,food-cupboard
Galaxy Cookie Crumble & Milk Chocolate Block Bar Vegetarian,Galaxy Cookie Crumble & Milk Choc...114g,£1.50,£1.32 per 100g,,food-cupboard
Galaxy Counters Milk Chocolate Buttons Pouch Bag ,Galaxy Counters Milk Chocol...122g,£1.50,£1.23 per 100g,,food-cupboard
Galaxy Fusions Luxury 70% Cocoa Dark Chocolate Block Bar ,Galaxy Fusions Luxury 70% Cocoa D...100g,£2,£2.00 per 100g,,food-cupboard
Galaxy Hot Chocolate Dolce Gusto Compatible 8 Pods,Galaxy Hot Chocolate Dolce...136g,£4,£2.94 per 100g,,food-cupboard
Galaxy Instant Hot Chocolate,Galaxy Instant Hot Chocolate370g,£3.49,94.3p per 100g,,food-cupboard
Galaxy Milk Chocolate & Caramel Easter Mini Eggs Bag ,Galaxy Milk Chocolate & Caram...80g,£1.25,£1.56 per 100g,,food-cupboard
Galaxy Milk Chocolate Bar Indulgence Extra Large Easter Egg,Galaxy Milk Chocolate Bar Indulge...310g,£5,£1.61 per 100g,,food-cupboard
Galaxy Milk Chocolate Enchanted Eggs Large Easter Egg ,Galaxy Milk Chocolate Enchanted...206g,£3.25,£1.58 per 100g,,food-cupboard
Galaxy Minstrels Milk Chocolate Buttons Bag Multipack ,Galaxy Minstrels Milk Chocolate...3 x 42g,£1.65,£1.31 per 100g,"Offer price £1.65, was £1.95",food-cupboard
Galaxy Minstrels Milk Chocolate Buttons Pouch Bag,Galaxy Minstrels Milk Choco...125g,£1.50,£1.20 per 100g,,food-cupboard
Galaxy Minstrels Milk Chocolate Buttons Sharing Pouch Bag,Galaxy Minstrels Milk Chocolate B...240g,£2.50,£1.04 per 100g,,food-cupboard
Galaxy Minstrels Milk Chocolate Large Easter Egg ,Galaxy Minstrels Milk Choco...234g,£3.25,£1.39 per 100g,,food-cupboard
Galaxy Orange Milk Chocolate Block Bar Vegetarian ,Galaxy Orange Milk Chocolat...110g,£1.50,£1.36 per 100g,,food-cupboard
Galaxy Ripple Chocolate Bars Multipack 4 x 33g,Galaxy Ripple Chocolate Bars Multipack 4 x 33g132g,£1.65,£1.25 per 100g,"Offer price £1.65, was £1.95",food-cupboard
Galaxy Salted Caramel & Milk Chocolate Block Bar Vegetarian,Galaxy Salted Caramel & Milk Choc...135g,£1.50,£1.11 per 100g,,food-cupboard
Galaxy Smooth Caramel & Milk Chocolate Block Bar Vegetarian,Galaxy Smooth Caramel & Milk Choc...135g,£1.50,£1.11 per 100g,,food-cupboard
Galaxy Smooth Milk Chocolate Block Bar Vegetarian,Galaxy Smooth Milk Chocolat...110g,£1.50,£1.36 per 100g,,food-cupboard
Galaxy Smooth Milk Chocolate Block Sharing Bar Vegetarian ,Galaxy Smooth Milk Chocolate Bloc...200g,£2,£1.00 per 100g,,food-cupboard
Galaxy Smooth Milk Chocolate Snack Bars Multipack Vegetarian,Galaxy Smooth Milk Chocolate Snack...4 x 42g,£1.65,98.2p per 100g,"Offer price £1.65, was £1.95",food-cupboard
Galaxy Triple Treat Fruit & Nut Milk Chocolate Snack Bars Multipack,Galaxy Triple Treat Fruit & Nut Milk Ch...4 x 32g,£1.75,£1.37 per 100g,,food-cupboard
"Galaxy Triple Treat Fruit, Nut & Chocolate Snack Bar","Galaxy Triple Treat Fruit, Nu...40g",65p,£1.63 per 100g,,food-cupboard
Garner's Pickled Eggs ,Garner's Pickled Eggs 440g,£3.89,88.4p per 100g,,food-cupboard
Geeta's Lime & Chilli Chutney Hot,Geeta's Lime & Chilli Chutney Hot230g,£1.50,65.2p per 100g,"Offer price £1.50, was £1.89",food-cupboard
Geeta's Premium Mango Chutney,Geeta's Premium Mango Chutney230g,£1.50,65.2p per 100g,"Offer price £1.50, was £1.90",food-cupboard
Gia Chilli Puree,Gia Chilli Puree80g,99p,£12.38 per kg,,food-cupboard
Gia Garlic Puree in Vegetable Oil,Gia Garlic Puree in Vegetable Oil90g,99p,£11.00 per kg,,food-cupboard
Glenryck Pilchards in Brine (400g),Glenryck Pilchards in Brine (400g)280g,£1.59,56.8p per 100g,,food-cupboard
Glenryck Pilchards in Tomato Sauce,Glenryck Pilchards in Tomato Sauce155g,75p,48.4p per 100g,,food-cupboard
Glenryck Pilchards in Tomato Sauce,Glenryck Pilchards in Tomato Sauce400g,£1.59,39.8p per 100g,,food-cupboard
Go Ahead Apple Crispy Fruit Slice Snack Bars,Go Ahead Apple Crispy Fruit Slice Snack Bars4 x 44g,£1,56.8p per 100g,,food-cupboard
Go Ahead Forest Fruit Crispy Fruit Slice Snack Bars,Go Ahead Forest Fruit Crispy...4 x 44g,£1,56.8p per 100g,,food-cupboard
Go Ahead Fruit & Oat Bakes Apple Biscuit Bars,Go Ahead Fruit & Oat Bakes Apple Biscuit Bars210g,£1.25,59.5p per 100g,"Offer price £1.25, was £1.75",food-cupboard
Go Ahead Fruit & Oat Bakes Strawberry Biscuit Bars,Go Ahead Fruit & Oat Bakes...210g,£1.25,59.5p per 100g,"Offer price £1.25, was £1.75",food-cupboard
Go Ahead Raspberry Crispy Fruit Slices Snack Bars,Go Ahead Raspberry Crispy F...4 x 44g,£1,56.8p per 100g,,food-cupboard
Go Ahead Yoghurt Breaks Forest Fruit Snack Bars,Go Ahead Yoghurt Breaks Forest Fruit Snack Bars4 x 35.5g,£1.25,87.9p per 100g,"Offer price £1.25, was £1.75",food-cupboard
Go Ahead Yoghurt Breaks Strawberry Snack Bars,Go Ahead Yoghurt Breaks Strawberry Snack Bars3 x 35.5g,£1.25,£1.17 per 100g,"Offer price £1.25, was £1.75",food-cupboard
Go Go Squeez Fruit Snack Apple Mango,Go Go Squeez Fruit Snack Apple Mango4 x 90g,£2,55.5p per 100g,"Offer price £2, was £2.55",food-cupboard
Go Go Squeez Fruit Snack Apple Strawberry,Go Go Squeez Fruit Snack Apple Strawberry4 x 90g,£2,55.5p per 100g,"Offer price £2, was £2.55",food-cupboard
Goldenfields Rapeseed Oil,Goldenfields Rapeseed Oil1L,£2.50,25p per 100ml,,food-cupboard
Golden Wonder Ringos Cheese & Onion ,Golden Wonder Ringos Cheese & Onion 6 x 12.5g,£1.29,£1.72 per 100g,,food-cupboard
Good Hemp The Original Hemp Seed Oil ,Good Hemp The Original Hemp Seed Oil 500ml,£6,£1.20 per 100ml,,food-cupboard
Gourmet Burger Kitchen House Relish,Gourmet Burger Kitchen House Relish250g,£2,80p per 100g,,food-cupboard
Grace Chicken Noodle Soup Mix,Grace Chicken Noodle Soup Mix60g,69p,£1.15 per 100g,,food-cupboard
Grace Fish Tea Soup Mix,Grace Fish Tea Soup Mix50g,69p,£1.38 per 100g,,food-cupboard
Grace Halal Chicken Vienna Sausages (200g),Grace Halal Chicken Vienna Sausages (200g)120g,£1.39,£1.16 per 100g,,food-cupboard
Grace Halal Hot & Spicy Vienna Sausages (200g),Grace Halal Hot & Spicy Vienna Sausages (200g)120g,£1.39,£1.16 per 100g,,food-cupboard
Grace Instant Cornmeal Porridge ,Grace Instant Cornmeal Porridge 60g,£1.59,£2.65 per 100g,,food-cupboard
Gran Gallo Risotto,Gran Gallo Risotto500g,£2.65,£5.30 per kg,,food-cupboard
Gran Luchito Lightly Salted Tortilla Chips ,Gran Luchito Lightly Salted Tortilla Chips 170g,£2.65,£1.56 per 100g,Buy 2 for £4.50,food-cupboard
Graze Cherry Bakewell Flapjack,Graze Cherry Bakewell Flapjack53g,£1.20,£2.26 per 100g,,food-cupboard
Graze Crunchy Protein Nuts & Veggies,Graze Crunchy Protein Nuts & Veggies118g,£2,£1.69 per 100g,"Offer price £2, was £3",food-cupboard
Graze Lively Lemon Flapjack,Graze Lively Lemon Flapjack53g,£1.20,£2.26 per 100g,,food-cupboard
Graze Marmite Crunch,Graze Marmite Crunch28g,£1.20,£4.29 per 100g,,food-cupboard
Graze Oat Boosts Cherry Bakewells,Graze Oat Boosts Cherry Bakewells4 x 30g,£2.75,£2.29 per 100g,,food-cupboard
Graze Oat Boosts Lemon Blueberry,Graze Oat Boosts Lemon Blueberry4 x 30g,£2.75,£2.29 per 100g,,food-cupboard
Graze Peanut Butter Chocolate Flapjack,Graze Peanut Butter Chocolate Flapjack50g,£1.20,£2.40 per 100g,,food-cupboard
Graze Protein Bites 4 Cocoa Vanilla Oat Squares,Graze Protein Bites 4 Cocoa Vanilla Oat Squares120g,£2.75,£2.29 per 100g,,food-cupboard
Graze Protein Oat Boosts Cocoa Orange,Graze Protein Oat Boosts Cocoa Orange4 x 30g,£2.75,£2.29 per 100g,,food-cupboard
Graze Salt & Vinegar Crunch ,Graze Salt & Vinegar Crunch 104g,£3,£2.88 per 100g,,food-cupboard
Graze Smokehouse BBQ Crunch 104g,Graze Smokehouse BBQ Crunch 104g104g,£3,£2.88 per 100g,,food-cupboard
Graze Smoky Barbecue Crunch,Graze Smoky Barbecue Crunch28g,£1.20,£4.29 per 100g,,food-cupboard
Graze Sweet Chilli Crunch ,Graze Sweet Chilli Crunch 104g,£3,£2.88 per 100g,,food-cupboard
Graze Triple Pack Lemon Drizzle Flapjack ,Graze Triple Pack Lemon Drizzle Flapjack 3 x 53g,£2.75,£1.73 per 100g,,food-cupboard
Green & Black's Dark Chocolate Dark 70% Bar,Green & Black's Dark Chocolate Dark 70% Bar90g,£1.60,£1.78 per 100g,"Offer price £1.60, was £2",food-cupboard
Green & Black's Dark Chocolate Dark 85% Bar,Green & Black's Dark Chocolate Dark 85% Bar90g,£1.60,£1.78 per 100g,"Offer price £1.60, was £2",food-cupboard
Green & Black's Organic Dark Chocolate Easter Egg ,Green & Black's Organic Dar...165g,£4,£2.42 per 100g,,food-cupboard
Green & Black's Organic Hot Chocolate Tub,Green & Black's Organic Hot Chocolate Tub300g,£3.99,£1.33 per 100g,,food-cupboard
Green & Black's Organic Milk Chocolate 37% Cocoa Bar,Green & Black's Organic Milk...90g,£1.60,£1.78 per 100g,"Offer price £1.60, was £2",food-cupboard
Green & Black's Organic Smooth Dark Mint,Green & Black's Organic Smooth Dark Mint90g,£1.60,£1.78 per 100g,"Offer price £1.60, was £2",food-cupboard
Green & Black's Velvet Edition Dark Chocolate Salted Caramel Bar,Green & Black's Velvet Edition Dark C...90g,£1.60,£1.78 per 100g,"Offer price £1.60, was £2",food-cupboard
Green Giant Artichoke Hearts (400g),Green Giant Artichoke Hearts (400g)240g,£2.60,£10.83 per kg,,food-cupboard
Green Giant Hearts of Palm (410g),Green Giant Hearts of Palm (410g)220g,£2.55,£11.59 per kg,,food-cupboard
Green Giant Original Sweetcorn (198g),Green Giant Original Sweetcorn (198g)165g,99p,£6.00 per kg,,food-cupboard
Green Giant Original Sweetcorn (340g),Green Giant Original Sweetcorn (340g)285g,£1.15,£4.04 per kg,,food-cupboard
Green Giant Original Sweetcorn (3x340g),Green Giant Original Sweetcorn (3x340g)3 x 285g,£3.19,£3.73 per kg,,food-cupboard
Green Giant Original Sweetcorn (4x198g),Green Giant Original Sweetcorn (4x198g)4 x 165g,£3.50,£5.30 per kg,,food-cupboard
Green Giant Salad Crisp Sweetcorn (150g),Green Giant Salad Crisp Sweetcorn (150g)140g,89p,£6.36 per kg,,food-cupboard
Green Giant Salt Free Sweetcorn (198g),Green Giant Salt Free Sweetcorn (198g)165g,99p,£6.00 per kg,,food-cupboard
Green Giant Sweetcorn With Peppers (198g),Green Giant Sweetcorn With Peppers (198g)165g,85p,£5.15 per kg,,food-cupboard
Greens Red Quick Jel Single Sachet,Greens Red Quick Jel Single Sachet35g,49p,£1.40 per 100g,,food-cupboard
Gu Salted Caramel Melt In The Middle Puds ,Gu Salted Caramel Melt In The Middle Puds 2 x 95g,£2.50,£1.32 per 100g,"Offer price £2.50, was £3.59",food-cupboard
Guylian Artisanal Belgian Chocolate,Guylian Artisanal Belgian Chocolate250g,£4.50,£1.80 per 100g,,food-cupboard
Guylian Praline Easter Egg,Guylian Praline Easter Egg306g,£7,£2.29 per 100g,,food-cupboard
Haliborange Vitamin C Blackcurrant Effervescent Tablets 1000mg 12yrs+ ,Haliborange Vitamin C Blackcurrant Efferv...20 per pack,£4,20p each,,food-cupboard
Hammonds of Yorkshire Chop Brown Sauce,Hammonds of Yorkshire Chop Brown Sauce698g,£2.15,30.8p per 100g,,food-cupboard
Happy Easter Cupcake Cases,Happy Easter Cupcake Cases75 per pack,£2.90,3.9p each,,food-cupboard
Haribo Balla Stixx Strawberry Sweets Share Bag,Haribo Balla Stixx Strawb...140g,£1.25,89.3p per 100g,,food-cupboard
Haribo Chamallows Marshmallows Share Bag,Haribo Chamallows Marshmallows Share Bag140g,£1.25,89.3p per 100g,,food-cupboard
Haribo Eggs Galore,Haribo Eggs Galore160g,£1,62.5p per 100g,,food-cupboard
Haribo Eggs Galore 30 Mini Bags Easter Sweets,Haribo Eggs Galore 30 Mini Bags Easter Sweets480g,£3.75,78.1p per 100g,,food-cupboard
Haribo Fruitilicious Sweets Pocket,Haribo Fruitilicious Sweets Pocket42g,50p,£1.19 per 100g,,food-cupboard
Haribo Funtasia Share ,Haribo Funtasia Share 150g,£1.25,83.3p per 100g,,food-cupboard
Haribo Giant Strawbs Vegetarian Sweets Share Bag,Haribo Giant Strawbs Vegeta...175g,£1.25,71.4p per 100g,,food-cupboard
Haribo Goldbears Sweets Share Bag,Haribo Goldbears Sweets Share Bag175g,£1.25,71.4p per 100g,,food-cupboard
Haribo Jelly Babies Double Trouble Share Size,Haribo Jelly Babies Double Trouble Share Size175g,£1.25,71.4p per 100g,,food-cupboard
Haribo Jelly Bunnies,Haribo Jelly Bunnies160g,£1,62.5p per 100g,,food-cupboard
Haribo Pontefract Cakes Soft Liquorice Sweets Share Bag,Haribo Pontefract Cakes Soft Li...175g,£1.25,71.4p per 100g,,food-cupboard
Haribo Share The Happy 11 Mini Bags Sweets Multipack,Haribo Share The Happy 11 Min...176g,£1.50,85.2p per 100g,,food-cupboard
Haribo Share The Happy 60 Mini Bags Sweets Multipack,Haribo Share The Happy 60 Min...960g,£6.50,67.7p per 100g,,food-cupboard
Haribo Sour Sparks Vegetarian Sweets Share Bag,Haribo Sour Sparks Vegeta...175g,£1.25,71.4p per 100g,,food-cupboard
Haribo Starmix 11 Mini Bags Sweets Multipack,Haribo Starmix 11 Mini Bags Sweets Multipack176g,£1.50,85.2p per 100g,,food-cupboard
Haribo Starmix Sweets Share Bag,Haribo Starmix Sweets Share Bag175g,£1.25,71.4p per 100g,,food-cupboard
Haribo Supermix Sweets Share Bag,Haribo Supermix Sweets Share Bag175g,£1.25,71.4p per 100g,,food-cupboard
Haribo Tangfastics 11 Mini Bags Sweets Multipack,Haribo Tangfastics 11 Mini Bags Sweets Multipack176g,£1.50,85.2p per 100g,,food-cupboard
Haribo Tangfastics Sweets Share Bag,Haribo Tangfastics Sweets Share Bag175g,£1.25,71.4p per 100g,,food-cupboard
Haribo Twin Snakes Share Size,Haribo Twin Snakes Share Size175g,£1.25,71.4p per 100g,,food-cupboard
Haribo Zingfest Share ,Haribo Zingfest Share 150g,£1.25,83.3p per 100g,,food-cupboard
Hartleys 10 Cal Blueberry & Blackcurrant Flavour Jelly 6PK,Hartleys 10 Cal Blueberry & Black...1050g,£3.50,33.3p per 100g,,food-cupboard
Hartley's 10 Cal Gin & Tonic Flavour Jelly,Hartley's 10 Cal Gin & Tonic Flavour Jelly175g,89p,50.9p per 100g,Buy 3 for £2,food-cupboard
Hartley's 10 Cal Jelly Orange ,Hartley's 10 Cal Jelly Orange 175g,89p,50.9p per 100g,Buy 3 for £2,food-cupboard
Hartley's 10 Cal Jelly Raspberry ,Hartley's 10 Cal Jelly Raspberry 175g,89p,50.9p per 100g,Buy 3 for £2,food-cupboard
Hartley's 10 Cal Jelly Strawberry ,Hartley's 10 Cal Jelly Strawberry 175g,89p,50.9p per 100g,Buy 3 for £2,food-cupboard
Hartley's 10 Calorie Blueberry & Blackcurrant Jelly Pot,Hartley's 10 Calorie Blueberry...175g,85p,48.6p per 100g,Buy 3 for £2,food-cupboard
Hartley's 10 Calorie Cranberry & Raspberry Jelly Pot,Hartley's 10 Calorie Cranberr...175g,85p,48.6p per 100g,Buy 3 for £2,food-cupboard
Hartley's 10 Calorie Mango & Passionfruit Jelly Pot,Hartley's 10 Calorie Mango &...175g,85p,48.6p per 100g,Buy 3 for £2,food-cupboard
Hartley's 10 Cal Pina Colada Flavour Jelly,Hartley's 10 Cal Pina Colada Flavour Jelly175g,89p,50.9p per 100g,Buy 3 for £2,food-cupboard
Hartleys 10 CalRaspberry Flavour Jelly 6PK,Hartleys 10 CalRaspberry Flavour Jelly 6PK1050g,£3.50,33.3p per 100g,,food-cupboard
Hartleys 10 Cal Strawberry Flavour Jelly 6PK,Hartleys 10 Cal Strawbe...1050g,£3.50,33.3p per 100g,,food-cupboard
Hartley's Best Strawberry Jam,Hartley's Best Strawberry Jam340g,£2.10,61.8p per 100g,,food-cupboard
Hartley's Blackcurrant Jelly Pot,Hartley's Blackcurrant Jelly Pot125g,85p,68p per 100g,Buy 4 for £2,food-cupboard
Hartleys Jelly Black Cherry,Hartleys Jelly Black Cherry135g,99p,73.3p per 100g,,food-cupboard
Hartley's Jelly Blackcurrant,Hartley's Jelly Blackcurrant135g,99p,73.3p per 100g,,food-cupboard
Hartleys Jelly Blackcurrant Flavour Jelly 6PK,Hartleys Jelly Blackcurrant Flavour Jelly 6PK750g,£2.25,30p per 100g,,food-cupboard
Hartleys Jelly Orange Flavour Jelly 6PK,Hartleys Jelly Orange Flavour Jelly 6PK750g,£2.25,30p per 100g,,food-cupboard
Hartley's Jelly Sours Cherry,Hartley's Jelly Sours Cherry125g,79p,63.2p per 100g,Buy 4 for £2,food-cupboard
Hartley's Jelly Sours Strawberry ,Hartley's Jelly Sours Strawberry 125g,79p,63.2p per 100g,Buy 4 for £2,food-cupboard
Hartley's Lemon & Lime Jelly Pot,Hartley's Lemon & Lime Jelly Pot125g,85p,68p per 100g,Buy 4 for £2,food-cupboard
Hartley's Lemon Jelly,Hartley's Lemon Jelly135g,99p,73.3p per 100g,,food-cupboard
Hartley's Lime Jelly,Hartley's Lime Jelly135g,99p,73.3p per 100g,,food-cupboard
Hartley's Low Sugar Raspberry Jelly Pot,Hartley's Low Sugar Raspberry Jelly Pot115g,85p,73.9p per 100g,Buy 4 for £2,food-cupboard
Hartley's Ma Made Prepared Thin Cut Seville Oranges,Hartley's Ma Made Prepared Th...850g,£2.39,28.1p per 100g,,food-cupboard
Hartleys No Added Sugar Blackcurrant Jelly ,Hartleys No Added Sugar Blackcurrant Jelly 6 x 115g,£2.25,32.6p per 100g,,food-cupboard
Hartleys No Added  Sugar Jelly Blackcurrant,Hartleys No Added  Sugar Jelly Blackcurrant115g,65p,56.5p per 100g,Buy 4 for £2,food-cupboard
Hartleys No Added Sugar Jelly Raspberry Flavour 6PK,Hartleys No Added Sugar Jelly...690g,£2.25,32.6p per 100g,,food-cupboard
Hartley's No Added Sugar Orange Jelly Pot,Hartley's No Added Sugar Orange Jelly Pot115g,85p,73.9p per 100g,Buy 4 for £2,food-cupboard
Hartleys No Added Sugar Strawberry Jelly,Hartleys No Added Sugar Strawberry Jelly6 x 115g,£2.25,32.6p per 100g,,food-cupboard
Hartley's No Added Sugar Strawberry Jelly Pot,Hartley's No Added Sugar Strawberry Jelly Pot115g,85p,73.9p per 100g,Buy 4 for £2,food-cupboard
Hartley's Orange Jelly,Hartley's Orange Jelly135g,99p,73.3p per 100g,,food-cupboard
Hartley's Orange Jelly Pot,Hartley's Orange Jelly Pot125g,85p,68p per 100g,Buy 4 for £2,food-cupboard
Hartley's Raspberry Jelly,Hartley's Raspberry Jelly135g,99p,73.3p per 100g,,food-cupboard
Hartleys Raspberry Jelly,Hartleys Raspberry Jelly6 x 125g,£2.25,30p per 100g,,food-cupboard
Hartley's Raspberry Jelly Pot,Hartley's Raspberry Jelly Pot125g,85p,68p per 100g,Buy 4 for £2,food-cupboard
Hartley's Sour Apple Jelly ,Hartley's Sour Apple Jelly 125g,65p,52p per 100g,Buy 4 for £2,food-cupboard
Hartley's Strawberry Jelly,Hartley's Strawberry Jelly135g,99p,73.3p per 100g,,food-cupboard
Hartleys Strawberry Jelly,Hartleys Strawberry Jelly6 x 125g,£2.25,30p per 100g,,food-cupboard
Hartley's Strawberry Jelly Pot,Hartley's Strawberry Jelly Pot125g,85p,68p per 100g,Buy 4 for £2,food-cupboard
Hartley's Strawberry Seedless Jam ,Hartley's Strawberry Seedless Jam 340g,£2.10,61.8p per 100g,,food-cupboard
Hartley's Sugar Free Orange Jelly,Hartley's Sugar Free Orange Jelly23g,£1.39,£6.04 per 100g,,food-cupboard
Hartley's Sugar Free Raspberry Flavour Jelly,Hartley's Sugar Free Raspberry Flavour Jelly23g,£1.39,£6.04 per 100g,,food-cupboard
Hartley's Sugar Free Strawberry Flavour Jelly,Hartley's Sugar Free Strawberry Flavour Jelly23g,£1.39,£6.04 per 100g,,food-cupboard
Harvest Snaps Sour Cream & Chives Crunchy Lentil Rings,Harvest Snaps Sour Cream & Chiv...6 x 17g,£1.25,£1.23 per 100g,"Offer price £1.25, was £1.50",food-cupboard
Haywards Hot & Spicy Pickled Onions (400g),Haywards Hot & Spicy Pickled Onions (400g)215g,£2.09,97.2p per 100g,,food-cupboard
Haywards Medium & Tangy Mix Pickle (400g),Haywards Medium & Tangy Mix Pickle (400g)160g,£2.09,£1.31 per 100g,,food-cupboard
Haywards Medium & Tangy Red Cabbage (400g),Haywards Medium & Tangy...185g,£2.09,£1.13 per 100g,,food-cupboard
Haywards Sweet & Mild Silverskin Onions (400g),Haywards Sweet & Mild Silverskin Onions (400g)215g,£2.09,97.2p per 100g,,food-cupboard
Health & Her Sleep+ Multi Nutrient Support,Health & Her Sleep+ Multi Nutrient Support30 per pack,£15,50p each,"Offer price £15, was £20",food-cupboard
Heinz Aioli Sauce,Heinz Aioli Sauce220ml,£2.29,£1.04 per 100ml,,food-cupboard
Heinz Alphabetti Pasta,Heinz Alphabetti Pasta400g,80p,£2.00 per kg,"Offer price 80p, was £1.25",food-cupboard
Heinz American Style Burger Sauce,Heinz American Style Burger Sauce230g,£2.29,99.6p per 100g,,food-cupboard
Heinz American Style Smokey Baconnaise Sauce,Heinz American Style Sm...225g,£2.29,£1.02 per 100g,,food-cupboard
Heinz Baked Beans and Pork Sausages ,Heinz Baked Beans and Pork Sausages 200g,£1.39,£6.95 per kg,Buy 3 for £3,food-cupboard
Heinz Baked Beans and Sausages ,Heinz Baked Beans and Sausages 415g,£1.99,£4.80 per kg,Buy 3 for £5,food-cupboard
Heinz Baked Beans Barbecue,Heinz Baked Beans Barbecue390g,£1.79,£4.59 per kg,,food-cupboard
Heinz Baked Beans in a Rich Tomato Sauce,Heinz Baked Beans in a Rich Tomato Sauce150g,79p,£5.27 per kg,,food-cupboard
Heinz Baked Beans in a Rich Tomato Sauce ,Heinz Baked Beans in a Rich Tomato Sauce 415g,£1.79,£4.31 per kg,,food-cupboard
Heinz Baked Beans in a Rich Tomato Sauce,Heinz Baked Beans in a Rich Tomato Sauce200g,99p,£4.95 per kg,Buy 4 for £3,food-cupboard
Heinz Baked Beans in a Rich Tomato Sauce ,Heinz Baked Beans in a Rich Tomato Sauce 4 x 415g,£4.49,£2.70 per kg,Buy 3 for £10,food-cupboard
Heinz Baked Beans in a Rich Tomato Sauce,Heinz Baked Beans in a Rich Tomato Sauce3 x 200g,£2.49,£4.15 per kg,Buy 3 for £5,food-cupboard
Heinz Baked Beans in a Rich Tomato Sauce,Heinz Baked Beans in a Rich Tomato Sauce6 x 415g,£5.49,£2.20 per kg,Buy 2 for £10,food-cupboard
Heinz Baked Beans Snap Pots ,Heinz Baked Beans Snap Pots 4 x 200g,£3.49,£4.36 per kg,Buy 2 for £6,food-cupboard
Heinz Baked Beanz ,Heinz Baked Beanz 415g,£1.39,£3.35 per kg,Buy 2 for £2.50,food-cupboard
Heinz Baked Beanz Curry,Heinz Baked Beanz Curry390g,£1.79,45.9p per 100g,,food-cupboard
Heinz Balsamic Garlic Salad Dressing Spray,Heinz Balsamic Garlic Salad Dressing Spray200ml,£2.29,£1.15 per 100ml,,food-cupboard
Heinz Beanz & Vegan Sausages,Heinz Beanz & Vegan Sausages415g,£1.99,48p per 100g,Buy 3 for £5,food-cupboard
Heinz Beanz No Added Sugar Snap Pots,Heinz Beanz No Added Sugar Snap Pots4 x 200g,£3.49,£4.36 per kg,Buy 2 for £6,food-cupboard
Heinz Beef & Vegetable Chunky Big Soup ,Heinz Beef & Vegetable Chunky Big Soup 400g,£1.99,49.8p per 100g,Buy 3 for £5,food-cupboard
Heinz Beef Broth Chunky Big Soup ,Heinz Beef Broth Chunky Big Soup 400g,£1.99,49.8p per 100g,Buy 3 for £5,food-cupboard
Heinz Beef Broth Soup,Heinz Beef Broth Soup400g,£1.69,42.3p per 100g,Buy 4 for £5,food-cupboard
Heinz Beef Ravioli,Heinz Beef Ravioli400g,£1.99,£4.98 per kg,Buy 3 for £5,food-cupboard
Heinz Beef Ravioli in Tomato Sauce,Heinz Beef Ravioli in Tomato Sauce200g,£1.39,£6.95 per kg,Buy 3 for £3,food-cupboard
Heinz Big Soup Chunky Vegetable,Heinz Big Soup Chunky Vegetable400g,£1.99,49.8p per 100g,Buy 3 for £5,food-cupboard
Heinz Big Soup Steak & Potato,Heinz Big Soup Steak & Potato400g,£1.99,49.8p per 100g,Buy 3 for £5,food-cupboard
Heinz Chicken & Leek Chunky Big Soup,Heinz Chicken & Leek Chunky Big Soup400g,£1.99,49.8p per 100g,Buy 3 for £5,food-cupboard
Heinz Chicken & Mushroom Soup,Heinz Chicken & Mushroom Soup400g,£1.69,42.3p per 100g,Buy 4 for £5,food-cupboard
Heinz Chicken & Sweetcorn Soup,Heinz Chicken & Sweetcorn Soup400g,£1.69,42.3p per 100g,Buy 4 for £5,food-cupboard
Heinz Chicken & Vegetable Chunky Big Soup,Heinz Chicken & Veget...400g,£1.99,49.8p per 100g,Buy 3 for £5,food-cupboard
Heinz Chicken & Veg Noodle Cup Soup,Heinz Chicken & Veg Noodle Cup Soup4 x 18g,£1.49,£2.07 per 100g,Buy 3 for £4,food-cupboard
Heinz Chicken and Bacon Chunky Big Soup,Heinz Chicken and Bacon Chunky Big Soup400g,£1.99,49.8p per 100g,Buy 3 for £5,food-cupboard
Heinz Chicken Noodle Soup,Heinz Chicken Noodle Soup400g,£1.69,42.3p per 100g,Buy 4 for £5,food-cupboard
Heinz Classic Barbecue Sauce,Heinz Classic Barbecue Sauce480g,£3.39,70.6p per 100g,Buy 2 for £5,food-cupboard
Heinz Classic Barbecue Sauce,Heinz Classic Barbecue Sauce665g,£3.89,58.5p per 100g,,food-cupboard
Heinz Classic Chicken Soup 4 Pack,Heinz Classic Chicken Soup 4 Pack4 x 400g,£4.49,28.1p per 100g,Buy 3 for £10,food-cupboard
Heinz Classic Tomato Soup 4 Pack,Heinz Classic Tomato Soup 4 Pack4 x 400g,£4.49,28.1p per 100g,Buy 3 for £10,food-cupboard
Heinz Classic Tomato Soup Family Pack,Heinz Classic Tomato Soup Family Pack6 x 400g,£5.49,22.9p per 100g,Buy 2 for £10,food-cupboard
Heinz Classic Vegetable Soup 4 Pack,Heinz Classic Vegetable Soup 4 Pack4 x 400g,£4.49,28.1p per 100g,Buy 3 for £10,food-cupboard
Heinz Cream of Chicken Cup Soup 4 Sachets,Heinz Cream of Chicken Cup Soup 4 Sachets68g,£1.49,£2.19 per 100g,Buy 3 for £4,food-cupboard
Heinz Cream of Chicken Soup,Heinz Cream of Chicken Soup400g,£1.69,42.3p per 100g,Buy 4 for £5,food-cupboard
Heinz Cream Of Chicken Soup ,Heinz Cream Of Chicken Soup 6 x 400g,£5.49,22.9p per 100g,Buy 2 for £10,food-cupboard
Heinz Cream of Mushroom Cup Soup,Heinz Cream of Mushroom Cup Soup4 x 17.5g,£1.49,£2.13 per 100g,Buy 3 for £4,food-cupboard
Heinz Cream of Mushroom Soup,Heinz Cream of Mushroom Soup400g,£1.69,42.3p per 100g,Buy 4 for £5,food-cupboard
Heinz Cream of Tomato & Basil Cup Soup,Heinz Cream of Tomato & Basil Cup Soup4 x 22g,£1.49,£1.69 per 100g,Buy 3 for £4,food-cupboard
Heinz Cream of Tomato & Basil Soup,Heinz Cream of Tomato & Basil Soup400g,£1.69,42.3p per 100g,Buy 4 for £5,food-cupboard
Heinz Cream of Tomato Cup Soup,Heinz Cream of Tomato Cup Soup4 x 22g,£1.49,£1.69 per 100g,Buy 3 for £4,food-cupboard
Heinz Cream of Tomato Soup,Heinz Cream of Tomato Soup400g,£1.69,42.3p per 100g,Buy 4 for £5,food-cupboard
Heinz Curry Sauce,Heinz Curry Sauce375ml,£1.99,53.1p per 100ml,,food-cupboard
Heinz Despicable Me Minions Pasta Shapes in Tomato Sauce,Heinz Despicable Me Minions Pas...205g,89p,£4.34 per kg,Buy 4 for £3,food-cupboard
Heinz Disney Frozen Snap Pot,Heinz Disney Frozen Snap Pot4 x 190g,£3.25,42.8p per 100g,Buy 2 for £6,food-cupboard
Heinz Frozen Pasta Shapes Snap Pots,Heinz Frozen Pasta Shapes Snap Pots2 x 190g,£2.19,£5.76 per kg,,food-cupboard
Heinz Hoops,Heinz Hoops400g,80p,£2.00 per kg,,food-cupboard
Heinz Hoops Snap Pots,Heinz Hoops Snap Pots4 x 190g,£3.25,£4.28 per kg,Buy 2 for £6,food-cupboard
Heinz Lentil & Bacon Soup,Heinz Lentil & Bacon Soup400g,£1.69,42.3p per 100g,Buy 4 for £5,food-cupboard
Heinz Lentil Soup,Heinz Lentil Soup400g,£1.69,42.3p per 100g,Buy 4 for £5,food-cupboard
Heinz Macaroni Cheese,Heinz Macaroni Cheese200g,£1.39,£6.95 per kg,Buy 3 for £3,food-cupboard
Heinz Macaroni Cheese,Heinz Macaroni Cheese400g,£1.99,£4.98 per kg,Buy 3 for £5,food-cupboard
Heinz Made For Veggiez Chilli & Miso Sauce,Heinz Made For Veggiez Chilli & Miso Sauce250ml,£2,80p per 100ml,,food-cupboard
Heinz Minestrone Cup Soup,Heinz Minestrone Cup Soup4 x 18g,£1.49,£2.07 per 100g,Buy 3 for £4,food-cupboard
Heinz Minestrone Soup,Heinz Minestrone Soup400g,£1.69,42.3p per 100g,Buy 4 for £5,food-cupboard
Heinz Mulligatawny Soup,Heinz Mulligatawny Soup400g,£1.69,42.3p per 100g,Buy 4 for £5,food-cupboard
Heinz No Added Sugar & Salt Tomato Ketchup,Heinz No Added Sugar & Salt Tomato Ketchup425g,£3.39,79.8p per 100g,Buy 2 for £5,food-cupboard
Heinz No Added Sugar Baked Beans in a Rich Tomato Sauce ,Heinz No Added Sugar Baked Bean...4 x 415g,£4.49,£2.70 per kg,Buy 3 for £10,food-cupboard
Heinz No Added Sugar Baked Beans in a Rich Tomato Sauce,Heinz No Added Sugar Baked Bean...415g,£1.39,£3.35 per kg,Buy 2 for £2.50,food-cupboard
Heinz No Added Sugar Baked Beans in a Rich Tomato Sauce,Heinz No Added Sugar Baked Bean...200g,99p,£4.95 per kg,Buy 4 for £3,food-cupboard
Heinz No Added Sugar Baked Beans in a Rich Tomato Sauce ,Heinz No Added Sugar Baked Bean...3 x 200g,£2.49,£4.15 per kg,Buy 3 for £5,food-cupboard
Heinz No Added Sugar Baked Beanz,Heinz No Added Sugar Baked Beanz6 x 415g,£5.49,£2.20 per kg,Buy 2 for £10,food-cupboard
Heinz No Added Sugar Cream of Tomato Soup,Heinz No Added Sugar Cream of Tomato Soup400g,£1.69,42.3p per 100g,Buy 4 for £5,food-cupboard
Heinz No Added Sugar Hoops,Heinz No Added Sugar Hoops205g,89p,£4.34 per kg,Buy 4 for £3,food-cupboard
Heinz Organic Baked Beanz,Heinz Organic Baked Beanz415g,£1.79,£4.31 per kg,,food-cupboard
Heinz Original Sandwich Spread ,Heinz Original Sandwich Spread 300g,£1.95,65p per 100g,,food-cupboard
Heinz Oxtail Soup,Heinz Oxtail Soup400g,£1.69,42.3p per 100g,Buy 4 for £5,food-cupboard
Heinz Peppa Pig Pasta Shapes in Tomato Sauce,Heinz Peppa Pig Pasta Shapes in Tomato Sauce205g,89p,£4.34 per kg,Buy 4 for £3,food-cupboard
Heinz Peppa Pig Pasta Shapes Snap Pots,Heinz Peppa Pig Pasta Shapes Snap Pots2 x 190g,£2.19,£5.76 per kg,,food-cupboard
Heinz Peppa Pig Snap Pot,Heinz Peppa Pig Snap Pot4 x 190g,£3.25,42.8p per 100g,Buy 2 for £6,food-cupboard
Heinz Plant Based Creamy Tomato Soup,Heinz Plant Based Creamy Tomato Soup400g,£1.69,42.3p per 100g,Buy 4 for £5,food-cupboard
Heinz Potato & Leek Soup,Heinz Potato & Leek Soup400g,£1.69,42.3p per 100g,Buy 4 for £5,food-cupboard
Heinz Salad Cream 30% Less Fat,Heinz Salad Cream 30% Less Fat415g,£3.39,81.7p per 100g,Buy 2 for £5,food-cupboard
Heinz Salad Cream 30% Less Fat,Heinz Salad Cream 30% Less Fat605g,£3.89,64.3p per 100g,,food-cupboard
Heinz Salad Cream 70% Less Fat ,Heinz Salad Cream 70% Less Fat 435g,£3.39,77.9p per 100g,Buy 2 for £5,food-cupboard
Heinz Salad Cream Original,Heinz Salad Cream Original285g,£1.69,59.3p per 100g,,food-cupboard
Heinz Salad Cream Original,Heinz Salad Cream Original425g,£3.39,79.8p per 100g,Buy 2 for £5,food-cupboard
Heinz Salad Cream Original,Heinz Salad Cream Original605g,£3.89,64.3p per 100g,,food-cupboard
Heinz Saucy Sauce Mayonnaise Ketchup Sauce,Heinz Saucy Sauce Mayon...425g,£2.69,63.3p per 100g,,food-cupboard
Heinz Sausage & Vegetable Chunky Big Soup,Heinz Sausage & Veget...400g,£1.99,49.8p per 100g,Buy 3 for £5,food-cupboard
Heinz Seriously Good Garlic &Caramelised Onion Mayonnaise ,Heinz Seriously Good Garlic &Cara...220ml,£2.29,£1.04 per 100ml,,food-cupboard
Heinz Seriously Good Lemon & Black Pepper Mayonnaise,Heinz Seriously Good Lemon &...220ml,£2.29,£1.04 per 100ml,,food-cupboard
Heinz Seriously Good Light Mayonnaise,Heinz Seriously Good Light Mayonnaise815g,£3.99,49p per 100g,,food-cupboard
Heinz Seriously Good Light Mayonnaise,Heinz Seriously Good Light Mayonnaise230g,£2.29,99.6p per 100g,,food-cupboard
Heinz Seriously Good Light Mayonnaise ,Heinz Seriously Good Light Mayonnaise 565ml,£2.65,46.9p per 100ml,Buy 2 for £5,food-cupboard
Heinz Seriously Good Mayonnaise,Heinz Seriously Good Mayonnaise775g,£3.99,51.5p per 100g,,food-cupboard
Heinz Seriously Good Mayonnaise ,Heinz Seriously Good Mayonnaise 565ml,£2.65,46.9p per 100ml,Buy 2 for £5,food-cupboard
Heinz Seriously Good Truffle Mayonnaise,Heinz Seriously Good Truffle Mayonnaise220ml,£2.29,£1.04 per 100ml,,food-cupboard
Heinz Seriously Good Vegan Mayonnaise Chilli,Heinz Seriously Good Vegan Mayonnaise Chilli220ml,£2.29,£1.04 per 100ml,,food-cupboard
Heinz Spaghetti,Heinz Spaghetti400g,80p,£2.00 per kg,,food-cupboard
Heinz Spaghetti & Sausages,Heinz Spaghetti & Sausages200g,£1.39,£6.95 per kg,Buy 3 for £3,food-cupboard
Heinz Spaghetti & Sausages,Heinz Spaghetti & Sausages400g,£1.99,£4.98 per kg,Buy 3 for £5,food-cupboard
Heinz Spaghetti Bolognese,Heinz Spaghetti Bolognese200g,£1.39,£6.95 per kg,Buy 3 for £3,food-cupboard
Heinz Spaghetti Bolognese,Heinz Spaghetti Bolognese400g,£1.99,£4.98 per kg,Buy 3 for £5,food-cupboard
Heinz Spaghetti Hoops in Tomato Sauce,Heinz Spaghetti Hoops in Tomato Sauce205g,89p,£4.34 per kg,Buy 4 for £3,food-cupboard
Heinz Spaghetti Hoops in Tomato Sauce,Heinz Spaghetti Hoops in Tomato Sauce4 x 400g,£3.99,£2.49 per kg,Buy 3 for £10,food-cupboard
Heinz Spaghetti in Tomato Sauce,Heinz Spaghetti in Tomato Sauce200g,89p,£4.45 per kg,Buy 4 for £3,food-cupboard
Heinz Spaghetti in Tomato Sauce Multipack,Heinz Spaghetti in Tomato Sauce Multipack4 x 400g,£3.99,£2.49 per kg,Buy 3 for £10,food-cupboard
Heinz Spring Vegetable Soup,Heinz Spring Vegetable Soup400g,£1.69,42.3p per 100g,Buy 4 for £5,food-cupboard
Heinz Steak and Onion Chunky Big Soup ,Heinz Steak and Onion Chunky Big Soup 400g,£1.99,49.8p per 100g,Buy 3 for £5,food-cupboard
Heinz Sweet Barbecue Sauce,Heinz Sweet Barbecue Sauce500g,£3.39,67.8p per 100g,Buy 2 for £5,food-cupboard
Heinz Sweet Chilli Sauce,Heinz Sweet Chilli Sauce400ml,£2.50,62.5p per 100ml,,food-cupboard
Heinz Thai Style Sweet Chilli Sauce,Heinz Thai Style Sweet Chilli Sauce260g,£2.29,88.1p per 100g,,food-cupboard
Heinz Thomas & Friends Pasta Shapes in Tomato Sauce ,Heinz Thomas & Friends Pasta...205g,89p,£4.34 per kg,Buy 4 for £3,food-cupboard
Heinz Tomato Ketchup,Heinz Tomato Ketchup342g,£2.49,72.8p per 100g,,food-cupboard
Heinz Tomato Ketchup ,Heinz Tomato Ketchup 460g,£3.39,73.7p per 100g,,food-cupboard
Heinz Tomato Ketchup ,Heinz Tomato Ketchup 910g,£4,43.9p per 100g,"Offer price £4, was £4.49",food-cupboard
Heinz Tomato Ketchup ,Heinz Tomato Ketchup 700g,£3.50,50p per 100g,,food-cupboard
Heinz Tomato Ketchup,Heinz Tomato Ketchup250g,£2.29,91.6p per 100g,,food-cupboard
Heinz Tomato Ketchup,Heinz Tomato Ketchup2.15L,£10,46.5p per 100ml,,food-cupboard
Heinz Tomato Ketchup 50% Less Sugar & Salt ,Heinz Tomato Ketchup 50% Less Sugar & Salt 880g,£4,45.4p per 100g,"Offer price £4, was £4.49",food-cupboard
Heinz Tomato Ketchup 50% Less Sugar And Salt,Heinz Tomato Ketchup 50% Less Sugar And Salt605ml,£3.50,57.9p per 100ml,,food-cupboard
Heinz Vegetable Cup Soup,Heinz Vegetable Cup Soup4 x 19g,£1.49,£1.96 per 100g,Buy 3 for £4,food-cupboard
Heinz Vegetable Soup,Heinz Vegetable Soup400g,£1.69,42.3p per 100g,Buy 4 for £5,food-cupboard
Heinz Vegetable Spaghetti Hoops ,Heinz Vegetable Spaghetti Hoops 400g,£1.25,31.3p per 100g,,food-cupboard
Hellmann's Coronation Mayo ,Hellmann's Coronation Mayo 250ml,£2.59,£1.04 per 100ml,,food-cupboard
Hellmann's Garlic Squeezy Mayonnaise,Hellmann's Garlic Squeezy Mayonnaise250ml,£2.59,£1.04 per 100ml,,food-cupboard
Hellmann's Gravy Mayo ,Hellmann's Gravy Mayo 250ml,£2.59,£1.04 per 100ml,,food-cupboard
Hellmann's Lighter Than Light Mayonnaise ,Hellmann's Lighter Than Light Mayonnaise 750ml,£3.90,52p per 100ml,,food-cupboard
Hellmann's Light Mayonnaise,Hellmann's Light Mayonnaise400g,£2.75,68.8p per 100g,,food-cupboard
Hellmann's Light Mayonnaise,Hellmann's Light Mayonnaise600g,£3,50p per 100g,"Offer price £3, was £3.75",food-cupboard
Hellmann's Light Squeezy Mayonnaise,Hellmann's Light Squeezy Mayonnaise750ml,£3.90,52p per 100ml,,food-cupboard
Hellmann's Light Squeezy Mayonnaise,Hellmann's Light Squeezy Mayonnaise430ml,£2.50,58.2p per 100ml,"Offer price £2.50, was £2.75",food-cupboard
Hellmann's Real Mayonnaise,Hellmann's Real Mayonnaise400g,£2.75,68.8p per 100g,,food-cupboard
Hellmann's Real Mayonnaise  ,Hellmann's Real Mayonnaise  600g,£3,50p per 100g,"Offer price £3, was £3.75",food-cupboard
Hellmann's Real Squeezy Mayonnaise,Hellmann's Real Squeezy Mayonnaise430ml,£2.50,58.2p per 100ml,"Offer price £2.50, was £2.75",food-cupboard
Hellmann's Real Squeezy Mayonnaise,Hellmann's Real Squeezy Mayonnaise750ml,£3.90,52p per 100ml,,food-cupboard
Hellmann's Salad Dressings Fat Free Original,Hellmann's Salad Dressi...250ml,£1.50,60p per 100ml,"Offer price £1.50, was £2",food-cupboard
Hellmann's Salad Dressings Garlic,Hellmann's Salad Dressings Garlic250ml,£1.50,60p per 100ml,"Offer price £1.50, was £2",food-cupboard
Hellmann's Salad Dressings Thousand Island ,Hellmann's Salad Dressi...250ml,£1.50,60p per 100ml,"Offer price £1.50, was £2",food-cupboard
Hellmann's Vegan Mayonnaise ,Hellmann's Vegan Mayonnaise 280ml,£2.59,92.5p per 100ml,,food-cupboard
Henderson's Relish,Henderson's Relish284ml,£1.25,44p per 100ml,"Offer price £1.25, was £1.90",food-cupboard
Henry Goode's Soft Eating Liquorice,Henry Goode's Soft Eating Liquorice200g,£1.35,67.5p per 100g,,food-cupboard
Hermesetas,Hermesetas1200 per pack,£4.50,0.4p each,,food-cupboard
Hermesetas Mini Sweeteners 400 Tablets,Hermesetas Mini Sweeteners 400 Tablets,£2,,,food-cupboard
Hey Duggee Cupcake Kit,Hey Duggee Cupcake Kit171g,£2,£1.17 per 100g,,food-cupboard
Hi Chew Grape ,Hi Chew Grape 50g,£1.50,£3.00 per 100g,,food-cupboard
Hi Chew Green Apple,Hi Chew Green Apple50g,£1.50,£3.00 per 100g,,food-cupboard
Hi Chew Strawberry,Hi Chew Strawberry50g,£1.50,£3.00 per 100g,,food-cupboard
Hi Chew Watermelon,Hi Chew Watermelon50g,£1.50,£3.00 per 100g,,food-cupboard
Hilltop Blossom Honey,Hilltop Blossom Honey720g,£4.19,58.2p per 100g,,food-cupboard
Hilltop Honey Mgo 50+ Manuka Honey ,Hilltop Honey Mgo 50+ Manuka Honey 225g,£8,£3.56 per 100g,,food-cupboard
Hilltop Honey Organic Blossom Honey,Hilltop Honey Organic Blossom Honey720g,£5,69.4p per 100g,,food-cupboard
Hilltop Maple Flavour Syrup,Hilltop Maple Flavour Syrup230g,£2,87p per 100g,,food-cupboard
Hilltop Very  Dark Maple Syrup 230G,Hilltop Very  Dark Maple Syrup 230G230g,£3.60,£1.57 per 100g,,food-cupboard
Homepride 30% Reduced Fat Pasta Bake Mac 'N' Cheese,Homepride 30% Reduced Fat Pas...485g,£2.49,51.3p per 100g,,food-cupboard
Homepride American Texan BBQ Cooking Sauce,Homepride American Texan BBQ Cooking Sauce200g,£1.75,87.9p per 100g,"Offer price £1.75, was £2.49",food-cupboard
Homepride Barbecue Cooking Sauce,Homepride Barbecue Cooking Sauce400g,£2.79,69.8p per 100g,,food-cupboard
Homepride Classic Mac & Cheese,Homepride Classic Mac & Cheese350g,£1.75,50p per 100g,"Offer price £1.75, was £2.49",food-cupboard
Homepride Curry ,Homepride Curry 485g,£1.75,36.1p per 100g,"Offer price £1.75, was £2.79",food-cupboard
Homepride Curry Sauce,Homepride Curry Sauce400g,£2.79,69.8p per 100g,,food-cupboard
Homepride Family Favourite Chilli,Homepride Family Favourite Chilli485g,£1.75,36.1p per 100g,"Offer price £1.75, was £2.79",food-cupboard
Homepride Hunter's Chicken,Homepride Hunter's Chicken485g,£1.75,36.1p per 100g,"Offer price £1.75, was £2.79",food-cupboard
Homepride No Added Sugar Pasta Bake Tomato & Cheddar,Homepride No Added Sugar Past...485g,£1.99,41p per 100g,,food-cupboard
Homepride No Added Sugar Pasta Bake Tomato & Herb,Homepride No Added Sugar Pa...485g,£1.99,41p per 100g,,food-cupboard
Homepride Pasta Bake Cheese & Bacon,Homepride Pasta Bake Cheese & Bacon485g,£2.79,57.5p per 100g,,food-cupboard
Homepride Pasta Bake Creamy Tomato & Bacon 485G,Homepride Pasta Bake Crea...485g,£2.79,57.5p per 100g,,food-cupboard
Homepride Pasta Bake Creamy Tomato & Herb,Homepride Pasta Bake Creamy Tomato & Herb485g,£2.79,57.5p per 100g,,food-cupboard
"Homepride Pasta Bake Tomato, Garlic & Chilli","Homepride Pasta Bake Tomato, Garlic & Chilli485g",£2.79,57.5p per 100g,,food-cupboard
Homepride Premium Plain Flour,Homepride Premium Plain Flour1kg,£2,£2.00 per kg,,food-cupboard
Homepride Red Wine Cooking Sauce,Homepride Red Wine Cooking Sauce400g,£2.79,69.8p per 100g,,food-cupboard
Homepride Slow Cook Bbq Pulled Pork,Homepride Slow Cook Bbq Pulled Pork150g,£1.75,£1.17 per 100g,,food-cupboard
Homepride Slow Cook Beef & Ale Stew,Homepride Slow Cook Beef & Ale Stew170g,£1.75,£1.03 per 100g,,food-cupboard
Homepride Slow Cook Chilli,Homepride Slow Cook Chilli170g,£1.75,£1.03 per 100g,"Offer price £1.75, was £2.49",food-cupboard
Homepride Slow Cook Curry,Homepride Slow Cook Curry170g,£1.75,£1.03 per 100g,"Offer price £1.75, was £2.49",food-cupboard
Homepride White Wine & Cream Cooking Sauce,Homepride White Wine & Cream Cooking Sauce400g,£2.79,69.8p per 100g,,food-cupboard
Honey Monster Banana Milkshake Wheat Puffs ,Honey Monster Banana Milkshake Wheat Puffs 360g,£3,83.3p per 100g,,food-cupboard
Honey Monster Wheat Puffs,Honey Monster Wheat Puffs520g,£3,57.7p per 100g,,food-cupboard
Horlicks Malted Milk Drink Sachet,Horlicks Malted Milk Drink Sachet32g,39p,£1.22 per 100g,,food-cupboard
Horlicks Traditional Malted Milk Drink,Horlicks Traditional Malted Milk Drink500g,£3.99,79.8p per 100g,,food-cupboard
Horlicks Traditional Malted Milk Drink Light,Horlicks Traditional Malted Milk Drink Light500g,£3.99,79.8p per 100g,,food-cupboard
Horlicks Vegan Malted Drink ,Horlicks Vegan Malted Drink 400g,£3.99,99.8p per 100g,,food-cupboard
Hovis Bakery Granary Bread Flour,Hovis Bakery Granary Bread Flour1kg,£2.35,£2.35 per kg,,food-cupboard
Hovis Best Of Both Bread Flour,Hovis Best Of Both Bread Flour1kg,£2.35,£2.35 per kg,,food-cupboard
HP Baked Beans,HP Baked Beans415g,99p,23.9p per 100g,,food-cupboard
HP Baked Beans,HP Baked Beans4 x 415g,£2.75,16.6p per 100g,"Offer price £2.75, was £2.99",food-cupboard
HP Brown Sauce,HP Brown Sauce450g,£3.39,75.3p per 100g,Buy 2 for £5,food-cupboard
HP Brown Sauce      ,HP Brown Sauce      600g,£3.89,64.8p per 100g,,food-cupboard
HP Brown Sauce Handy Pack,HP Brown Sauce Handy Pack285g,£2.29,80.4p per 100g,,food-cupboard
HP Fruity Brown Sauce,HP Fruity Brown Sauce470g,£3.39,72.1p per 100g,Buy 2 for £5,food-cupboard
HP Honey BBQ Woodsmoke Sauce,HP Honey BBQ Woodsmoke Sauce465g,£2.50,53.8p per 100g,,food-cupboard
HP Sauce,HP Sauce2.15L,£10,£4.65 per litre,,food-cupboard
HP Squeezy Classic BBQ Woodsmoke Sauce,HP Squeezy Classic BBQ Woodsmoke Sauce465g,£2.50,53.8p per 100g,,food-cupboard
Hula Big Hoops BBQ Beef ,Hula Big Hoops BBQ Beef 45g,99p,£2.20 per 100g,,food-cupboard
Hula Big Hoops Salted Grab Bag,Hula Big Hoops Salted Grab Bag45g,99p,£2.20 per 100g,,food-cupboard
Hula Hoops BBQ Beef Crisps,Hula Hoops BBQ Beef Crisps6 x 24g,£2.25,£1.56 per 100g,Buy 2 for £3,food-cupboard
Hula Hoops Original Multipack Crisps 6 Pack,Hula Hoops Original Multipack Crisps 6 Pack6 x 24g,£2.25,£1.56 per 100g,Buy 2 for £3,food-cupboard
Hula Hoops Puft Beef Multipack Crisps 6 Pack,Hula Hoops Puft Beef Multipack Crisps 6 Pack90g,£2.25,£2.50 per 100g,Buy 2 for £3,food-cupboard
Hula Hoops Puft Salted Multipack Crisps 6 Pack,Hula Hoops Puft Salted Multipack Crisps 6 Pack90g,£2.25,£2.50 per 100g,Buy 2 for £3,food-cupboard
Hula Hoops Salt & Vinegar,Hula Hoops Salt & Vinegar6 x 24g,£2.25,£1.56 per 100g,Buy 2 for £3,food-cupboard
Hula Hoops Variety Multipack Crisps 18 Pack,Hula Hoops Variety Multipack Crisps 18 Pack18 x 24g,£5.25,£1.22 per 100g,,food-cupboard
Hula Hoops Variety Multipack Crisps 6 Pack,Hula Hoops Variety Multipack Crisps 6 Pack6 x 24g,£2.25,£1.56 per 100g,Buy 2 for £3,food-cupboard
Hunger Breaks All Day Breakfast,Hunger Breaks All Day Breakfast395g,£2.15,£5.44 per kg,,food-cupboard
Hunger Breaks The Full Monty,Hunger Breaks The Full Monty395g,£2.15,£5.44 per kg,,food-cupboard
Idahoan Perfect Mash Bubble & Squeak ,Idahoan Perfect Mash Bubble & Squeak 55g,£1,£18.18 per kg,,food-cupboard
Idahoan Perfect Mash Butter & Herb,Idahoan Perfect Mash Butter & Herb109g,£1,£9.17 per kg,"Offer price £1, was £1.69",food-cupboard
Idahoan Perfect Mash Buttery,Idahoan Perfect Mash Buttery109g,£1,£9.17 per kg,"Offer price £1, was £1.69",food-cupboard
Idahoan Perfect Mash Cheddar Cheese,Idahoan Perfect Mash Cheddar Cheese109g,£1,£9.17 per kg,"Offer price £1, was £1.69",food-cupboard
Idahoan Perfect Mash Cheese & Bacon ,Idahoan Perfect Mash Cheese & Bacon 55g,£1,£18.18 per kg,,food-cupboard
Idahoan Perfect Mash Roasted Garlic,Idahoan Perfect Mash Roasted Garlic109g,£1,£9.17 per kg,"Offer price £1, was £1.69",food-cupboard
Illy Espresso Ground Coffee,Illy Espresso Ground Coffee250g,£6.79,£2.72 per 100g,,food-cupboard
Illy Instant Coffee Smooth Taste 95G,Illy Instant Coffee Smooth Taste 95G95g,£5.85,£6.16 per 100g,,food-cupboard
Indomie Instant Noodles Chicken Flavour ,Indomie Instant Noodles Chicken Flavour 70g,60p,£8.57 per kg,,food-cupboard
Indo Mie Mi Goreng Stir Fry Noodles ,Indo Mie Mi Goreng Stir Fry Noodles 80g,69p,£8.63 per kg,,food-cupboard
Indomie Pedas Instant Noodles ,Indomie Pedas Instant Noodles 80g,99p,£12.38 per kg,,food-cupboard
Indomie Special Chicken Instant Noodles,Indomie Special Chicken Instant Noodles75g,99p,£13.20 per kg,,food-cupboard
Indus Garlic Paste,Indus Garlic Paste750g,£2.50,33.3p per 100g,"Offer price £2.50, was £3",food-cupboard
Indus Ginger & Garlic Paste,Indus Ginger & Garlic Paste750g,£2.50,33.3p per 100g,"Offer price £2.50, was £3",food-cupboard
Indus Ginger & Garlic Paste,Indus Ginger & Garlic Paste340g,£1.60,47.1p per 100g,,food-cupboard
Indus Ginger Paste,Indus Ginger Paste340g,£1.60,47.1p per 100g,,food-cupboard
Indus Ginger Paste,Indus Ginger Paste750g,£2.50,33.3p per 100g,"Offer price £2.50, was £3",food-cupboard
Itsu Chilli Miso Rice Noodles,Itsu Chilli Miso Rice Noodles64g,£1.85,£2.89 per 100g,,food-cupboard
Itsu Crispy Seaweed Thins Sea Salt,Itsu Crispy Seaweed Thins Sea Salt3 x 5g,£1.50,£10.00 per 100g,,food-cupboard
Itsu Crispy Seaweed Thins Sweet Soy & Sea Salt,Itsu Crispy Seaweed Thins Sweet Soy & Sea Salt3 x 5g,£1.50,£10.00 per 100g,,food-cupboard
Itsu Crispy Seaweed Thins Wasabi Flavour,Itsu Crispy Seaweed Thins Wasabi Flavour3 x 5g,£1.50,£10.00 per 100g,,food-cupboard
Itsu Katsu Rice Noodles,Itsu Katsu Rice Noodles63g,£1.85,£2.94 per 100g,,food-cupboard
Itsu Miso Easy Chilli Miso,Itsu Miso Easy Chilli Miso3 x 20g,£1.50,£2.50 per 100g,"Offer price £1.50, was £2",food-cupboard
Itsu Miso Easy Traditional,Itsu Miso Easy Traditional5 x 21g,£1.50,£1.43 per 100g,"Offer price £1.50, was £2",food-cupboard
Itsu Prawn Crackers Peking Duck,Itsu Prawn Crackers Peking Duck60g,£1.60,£2.67 per 100g,,food-cupboard
Itsu Prawn Crackers Sweet Chilli,Itsu Prawn Crackers Sweet Chilli60g,£2,£3.33 per 100g,,food-cupboard
Itsu Satay Rice Noodles,Itsu Satay Rice Noodles64g,£1.85,£28.91 per kg,,food-cupboard
Itsu Tonkotsu Rice Noodles,Itsu Tonkotsu Rice Noodles63g,£1.85,£29.37 per kg,,food-cupboard
Jack Daniel's Gluten Free Honey BBQ Sauce ,Jack Daniel's Gluten Free Honey BBQ Sauce 553g,£4.25,76.9p per 100g,,food-cupboard
Jack Daniel's Gluten Free Original BBQ Sauce,Jack Daniel's Gluten Free Original BBQ Sauce553g,£4.25,76.9p per 100g,,food-cupboard
Jack Link's  Original Beef Jerky     ,Jack Link's  Original Beef Jerky     25g,£1.25,£5.00 per 100g,"Offer price £1.25, was £1.69",food-cupboard
Jacob's Baked Cheddars Cheese Crackers,Jacob's Baked Cheddars Cheese Crackers150g,£1.25,83.3p per 100g,,food-cupboard
Jacobs Baked Cheddars Red Leicester Biscuits,Jacobs Baked Cheddars Red Leicester Biscuits150g,£1.25,83.3p per 100g,,food-cupboard
Jacob's Baked Crinklys Cheese & Onion Snacks ,Jacob's Baked Crinklys Cheese & Onion Snacks 6 x 23g,£1.35,97.8p per 100g,,food-cupboard
Jacob's Biscuits for Cheese Crackers Carton,Jacob's Biscuits for Cheese Crackers Carton300g,£3.25,£1.08 per 100g,,food-cupboard
Jacobs Choice Multigrain,Jacobs Choice Multigrain200g,£1.69,8.5p per 10g,,food-cupboard
Jacob's Cornish Wafers Crackers,Jacob's Cornish Wafers Crackers150g,£1.69,£1.13 per 100g,,food-cupboard
Jacob's Cream Crackers Twin Pack,Jacob's Cream Crackers Twin Pack2 x 200g,£1.99,49.8p per 100g,,food-cupboard
Jacob's Crispbreads Chive,Jacob's Crispbreads Chive190g,£1.89,99.5p per 100g,Buy 2 for £2.70,food-cupboard
Jacob's Crispbreads Mixed Grain,Jacob's Crispbreads Mixed Grain190g,£1.89,99.5p per 100g,Buy 2 for £2.70,food-cupboard
Jacob's Flatbreads Salt & Cracked Black Pepper,Jacob's Flatbreads Salt & Cracked Black Pepper150g,£2.09,£1.39 per 100g,Buy 2 for £2.70,food-cupboard
Jacob's High Fibre Cream Crackers ,Jacob's High Fibre Cream Crackers 200g,£1.69,84.5p per 100g,,food-cupboard
Jacob's Krackawheat,Jacob's Krackawheat230g,£2.09,90.9p per 100g,,food-cupboard
Jacobs Mini Cheddars Double Gloucester & Chive Flavour,Jacobs Mini Cheddars Double Glo...6 x 17g,£1.80,£1.76 per 100g,,food-cupboard
Jacob's Mini Cheddars Drum ,Jacob's Mini Cheddars Drum 260g,£2,76.9p per 100g,,food-cupboard
Jacob's Mini Cheddars Nibblies Cheddar & Paprika Baked Snacks,Jacob's Mini Cheddars Nibblies Ched...6 x 17g,£1.80,£1.76 per 100g,,food-cupboard
Jacob's Mini Cheddars Nibblies Cheddar & Paprika Baked Snacks,Jacob's Mini Cheddars Nibblies Ched...35g,95p,£2.71 per 100g,,food-cupboard
Jacobs Mini Cheddars Nibblies Double Gloucester & Chive Flavour,Jacobs Mini Cheddars Nibb...115g,£1.25,£1.09 per 100g,"Offer price £1.25, was £2",food-cupboard
Jacob's Mini Cheddars Original Baked Snacks,Jacob's Mini Cheddars Original Baked Snacks6 x 23g,£1.35,9.8p per 10g,"Offer price £1.35, was £1.75",food-cupboard
Jacob's Mini Cheddars Original Baked Snacks,Jacob's Mini Cheddars Original Baked Snacks12 x 23g,£2.99,£1.08 per 100g,,food-cupboard
Jacob's Mini Cheddars Original Cheese Baked Snacks Grab Bag,Jacob's Mini Cheddars Original Ch...45g,95p,£2.11 per 100g,,food-cupboard
Jacob's Mini Cheddars Red Leicester Baked Snacks,Jacob's Mini Cheddars Red Leicester Baked Snacks6 x 23g,£1.35,98p per 100g,"Offer price £1.35, was £1.75",food-cupboard
Jacob's Mini Cheddars Red Leicester Baked Snacks ,Jacob's Mini Cheddars Red Leicester Baked Snacks 12 x 23g,£2.99,£1.08 per 100g,,food-cupboard
Jacob's Original Cream Crackers,Jacob's Original Cream Crackers200g,£1.29,64.5p per 100g,,food-cupboard
Jacob's Original Cream Crackers 8 x 2 Crackers Snack Packs,Jacob's Original Cream Crackers 8...185g,£2.09,£1.13 per 100g,,food-cupboard
Jacob's Savours Bakes Salt & Cracked Black Peppers Crackers,Jacob's Savours Bakes Salt & Crac...200g,£1.89,94.5p per 100g,Buy 2 for £2.70,food-cupboard
Jacob's Savours Thins Sour Cream & Chive Crackers,Jacob's Savours Thins Sour...150g,£1.89,£1.26 per 100g,Buy 2 for £2.70,food-cupboard
Jacob's TUC Sandwich Snack Crackers,Jacob's TUC Sandwich Snack Crackers150g,£1.69,£1.13 per 100g,,food-cupboard
Jamie Oliver Curried Chickpeas,Jamie Oliver Curried Chickpeas250g,£2.30,£9.20 per kg,,food-cupboard
Jamie Oliver Indian-Spiced Veg Quinoa & Rice ,Jamie Oliver Indian-Spiced Veg Quinoa & Rice 225g,£2.30,£1.02 per 100g,,food-cupboard
Jamie Oliver Lovely Lentils ,Jamie Oliver Lovely Lentils 250g,£2.30,£9.20 per kg,,food-cupboard
Jamie Oliver Moroccan Salad,Jamie Oliver Moroccan Salad250g,£2.30,£9.20 per kg,,food-cupboard
Jamie Oliver Orzotto,Jamie Oliver Orzotto250g,£2.30,£9.20 per kg,,food-cupboard
Jamie Oliver Smoky Veggie Chilli,Jamie Oliver Smoky Veggie Chilli250g,£2.30,£9.20 per kg,,food-cupboard
Jamie Oliver Tomato & Olive Quinoa,Jamie Oliver Tomato & Olive Quinoa250g,£2.30,£9.20 per kg,,food-cupboard
Jamie Oliver Ultimate Black Daal ,Jamie Oliver Ultimate Black Daal 250g,£2.30,£9.20 per kg,,food-cupboard
Jammie Dodgers Choccie Dodgers,Jammie Dodgers Choccie Dodgers140g,85p,60.7p per 100g,,food-cupboard
Jammie Dodgers Mini Biscuit Snack Packs,Jammie Dodgers Mini Biscuit Snack Packs120g,£1.20,£1.00 per 100g,,food-cupboard
Jammie Dodgers Raspberry Flavoured Biscuits,Jammie Dodgers Raspberr...140g,85p,60.7p per 100g,,food-cupboard
Jelly Squeeze Strawberry Flavour Jelly,Jelly Squeeze Strawberry Flavour Jelly6 x 95g,£2.49,43.7p per 100g,,food-cupboard
Jim Jams Hazelnut Chocolate Spread,Jim Jams Hazelnut Chocolate Spread350g,£2.79,79.7p per 100g,,food-cupboard
Jim Jams Milk Chocolate Spread,Jim Jams Milk Chocolate Spread350g,£2.79,79.7p per 100g,,food-cupboard
Jim Jams Vegan Dark Hazelnut Choc Spread No Added Sugar,Jim Jams Vegan Dark Hazelnut Ch...330g,£2.80,84.8p per 100g,,food-cupboard
Jimjams Vegan No Added Sugar Dark Chocolate Orange Spread,Jimjams Vegan No Added Sugar Dark...330g,£2.80,84.8p per 100g,,food-cupboard
Joe & Seph's Gourmet Popcorn,Joe & Seph's Gourmet Popcorn113g,£6,£5.31 per 100g,,food-cupboard
John West 30% Lower Salt Tuna Chunks In Brine ,John West 30% Lower Salt Tuna Chunks In Brine 3 x 145g,£5,£1.15 per 100g,,food-cupboard
John West 30% Lower Salt Tuna Chunks In Spring Water,John West 30% Lower Salt Tuna...3 x 145g,£5,£1.15 per 100g,,food-cupboard
John West 30% Lower Salt Tuna Chunks In Sunflower Oil ,John West 30% Lower Salt Tuna C...3 x 145g,£5,£1.15 per 100g,,food-cupboard
John West Boneless Sardines in Sunflower Oil,John West Boneless Sardines in Sunflower Oil67g,£1.39,£2.07 per 100g,,food-cupboard
John West Boneless Sardines in Tomato Sauce,John West Boneless Sardines in Tomato Sauce95g,£1.39,£1.46 per 100g,,food-cupboard
John West Cracker Toppers Tuna Mayo Sweetcorn ,John West Cracker Toppers...80g,£1.25,£1.56 per 100g,,food-cupboard
John West Cracker Toppers Tuna Sweet Chilli,John West Cracker Toppers Tuna Sweet Chilli80g,£1.25,£1.56 per 100g,,food-cupboard
John West Fridge Pot No Drain Tuna Steak in Brine,John West Fridge Pot No Drain Tuna Steak in Brine110g,£1.79,£1.63 per 100g,,food-cupboard
John West Fridge Pot No Drain Tuna Steak In Brine ,John West Fridge Pot No Drain Tuna Steak In Brine 3 x 110g,£4,£1.21 per 100g,,food-cupboard
John West Fridge Pot No Drain Tuna Steak In Spring Water,John West Fridge Pot No Drain T...3 x 110g,£4,£1.21 per 100g,,food-cupboard
John West Fridge Pot No Drain Tuna Steak In Sunflower Oil,John West Fridge Pot No Drain Tun...3 x 110g,£4,£1.21 per 100g,,food-cupboard
John West Fridge Pot Tuna Steak with a little Sunflower Oil,John West Fridge Pot Tuna Steak w...110g,£1.79,£1.63 per 100g,,food-cupboard
John West Herring Fillet in Tomato Sauce,John West Herring Fillet in Tomato Sauce160g,£1.99,£1.24 per 100g,,food-cupboard
John West Infusions Tuna Chilli & Garlic,John West Infusions Tuna Chilli & Garlic80g,£1.69,£2.11 per 100g,,food-cupboard
John West Infusions Tuna Sweet Chilli ,John West Infusions Tuna Sweet Chilli 80g,£1.69,£2.11 per 100g,,food-cupboard
John West Infu Tuna Basil,John West Infu Tuna Basil3 x 60g,£3.50,£1.94 per 100g,,food-cupboard
John West Kipper Fillets In Brine (160g),John West Kipper Fillets In Brine (160g)115g,£1.75,£1.52 per 100g,,food-cupboard
John West Kipper Fillets in Sunflower Oil,John West Kipper Fillets in Sunflower Oil150g,£1.75,£1.17 per 100g,,food-cupboard
John West Lemon & Thyme Tuna Infusions,John West Lemon & Thyme Tuna Infusions80g,£1.69,£2.11 per 100g,,food-cupboard
John West Light Lunch Italian Style Tuna Salad,John West Light Lunch Italian Style Tuna Salad220g,£2,91.1p per 100g,"Offer price £2, was £3.25",food-cupboard
John West Light Lunch Mexican Style Tuna Salad,John West Light Lunch Mexican Style Tuna Salad220g,£2,91.1p per 100g,"Offer price £2, was £3.25",food-cupboard
John West Light Lunch Mild Curry Tuna Rice Salad ,John West Light Lunch Mild...220g,£2,91.1p per 100g,"Offer price £2, was £3.25",food-cupboard
John West Mackerel Fillets In Olive Oil,John West Mackerel Fillets In Olive Oil115g,£1.45,£1.26 per 100g,,food-cupboard
John West Mackerel Fillets In Spicy Tomato & Chilli Sauce,John West Mackerel Fillets In Spi...115g,£1.45,£1.26 per 100g,,food-cupboard
John West Mackerel Fillets In Sunflower Oil,John West Mackerel Fillets In Sunflower Oil115g,£1.45,£1.26 per 100g,,food-cupboard
John West Mackerel Fillets In Sweet Chilli,John West Mackerel Fillets In Sweet Chilli115g,£1.45,£1.26 per 100g,,food-cupboard
John West Mackerel Fillets In Tomato Sauce,John West Mackerel Fillets In Tomato Sauce115g,£1.45,£1.26 per 100g,,food-cupboard
John West Mexican Tuna Spreadables ,John West Mexican Tuna Spreadables 80g,£1.25,£1.56 per 100g,,food-cupboard
John West No Drain Tuna Steak,John West No Drain Tuna Steak3 x 60g,£3.25,£1.81 per 100g,,food-cupboard
John West No Drain Tuna Steak in Brine ,John West No Drain Tuna Steak in Brine 3 x 60g,£3.25,£1.81 per 100g,,food-cupboard
John West On The Go Basil Super Tuna Salad,John West On The Go Basil Super Tuna Salad220g,£3.25,£1.48 per 100g,,food-cupboard
John West On The Go Harissa Super Tuna Salad ,John West On The Go Harissa Super Tuna Salad 220g,£3.25,£1.48 per 100g,,food-cupboard
John West On The Go Honey & Ginger Super Tuna Salad ,John West On The Go Honey & G...220g,£3.25,£1.48 per 100g,,food-cupboard
John West On The Go Indian Super Tuna Salad,John West On The Go Indian Super Tuna Salad220g,£3.25,£1.48 per 100g,,food-cupboard
John West On The Go Mediterranean Tuna Couscous Pot,John West On The Go Mediterra...220g,£1.99,90.5p per 100g,,food-cupboard
John West On The Go Moroccan Tuna Bulgar Wheat Salad,John West On The Go Moroccan...220g,£3.25,£1.48 per 100g,,food-cupboard
John West On The Go Tuna Indian Rice Pot Biryani Curry,John West On The Go Tuna Indian...120g,£1.99,£1.66 per 100g,,food-cupboard
John West On The Go Tuna Italian Pasta Tomato & Herb,John West On The Go Tuna Ital...120g,£1.99,£1.66 per 100g,,food-cupboard
John West On The Go Tuna Thai Noodle Pot Green Curry,John West On The Go Tuna Thai...120g,£1.99,£1.66 per 100g,,food-cupboard
John West Pink Salmon,John West Pink Salmon128g,£3.25,£2.54 per 100g,,food-cupboard
John West Pink Salmon,John West Pink Salmon3 x 80g,£4.25,£1.77 per 100g,,food-cupboard
John West Sardines In Brine (120g),John West Sardines In Brine (120g)90g,99p,£1.10 per 100g,,food-cupboard
John West Sardines in Olive Oil,John West Sardines in Olive Oil120g,99p,82.5p per 100g,,food-cupboard
John West Sardines in Spicy Tomato Sauce,John West Sardines in Spicy Tomato Sauce120g,99p,82.5p per 100g,,food-cupboard
John West Sardines in Sunflower Oil,John West Sardines in Sunflower Oil120g,99p,82.5p per 100g,,food-cupboard
John West Sardines in Tomato Sauce,John West Sardines in Tomato Sauce120g,£1.25,£1.04 per 100g,,food-cupboard
John West Sild In Sunflower Oil ,John West Sild In Sunflower Oil 110g,£1.65,£1.50 per 100g,,food-cupboard
John West Sild in Tomato Sauce,John West Sild in Tomato Sauce110g,£1.65,£1.50 per 100g,,food-cupboard
John West Skinless & Boneless Mackerel Fillets In Smoke House Bbq Sauce,John West Skinless & Boneless...115g,£1.45,£1.26 per 100g,,food-cupboard
John West Skippers Brisling in Tomato Sauce,John West Skippers Brisling in Tomato Sauce106g,£1.50,£1.42 per 100g,,food-cupboard
John West Smoked Mussels in Sunflower Oil (85g),John West Smoked Mussels...65g,£2.79,£4.29 per 100g,,food-cupboard
John West Soft Cod Roes    ,John West Soft Cod Roes    100g,£1.80,£1.80 per 100g,,food-cupboard
John West Sundried Tomato Tuna Infusions,John West Sundried Tomato Tuna Infusions80g,£1.69,£2.11 per 100g,,food-cupboard
John West Tuna & Basil Infusions,John West Tuna & Basil Infusions80g,£1.69,£2.11 per 100g,,food-cupboard
John West Tuna Chilli & Garlic,John West Tuna Chilli & Garlic3 x 60g,£3.50,£1.94 per 100g,,food-cupboard
John West Tuna Chunks In Brine,John West Tuna Chunks In Brine145g,£1.50,£1.03 per 100g,Buy 3 for £3,food-cupboard
John West Tuna Chunks In Brine ,John West Tuna Chunks In Brine 4 x 145g,£4,69p per 100g,,food-cupboard
John West Tuna Chunks In Brine,John West Tuna Chunks In Brine6 x 145g,£5.99,68.9p per 100g,,food-cupboard
John West Tuna Chunks In Spring Water,John West Tuna Chunks In Spring Water145g,£1.50,£1.03 per 100g,Buy 3 for £3,food-cupboard
John West Tuna Chunks In Spring Water ,John West Tuna Chunks In Spring Water 4 x 145g,£4,69p per 100g,,food-cupboard
John West Tuna Chunks In Spring Water (3x80g),John West Tuna Chunks In Spring Water (3x80g)3 x 56g,£2.89,£1.72 per 100g,,food-cupboard
John West Tuna Chunks In Sunflower Oil,John West Tuna Chunks In Sunflower Oil145g,£1.50,£1.03 per 100g,Buy 3 for £3,food-cupboard
John West Tuna Chunks In Sunflower Oil ,John West Tuna Chunks In Sunflower Oil 4 x 145g,£4,69p per 100g,,food-cupboard
John West Tuna Chunks With A Little Brine,John West Tuna Chunks With A Little Brine3 x 110g,£4,£1.21 per 100g,,food-cupboard
John West Tuna Chunks With A Little Spring Water,John West Tuna Chunks With A Little Spring Water3 x 110g,£4,£1.21 per 100g,,food-cupboard
John West Tuna Chunks With A Little Sunflower Oil,John West Tuna Chunks With A Little Sunflower Oil3 x 110g,£4,£1.21 per 100g,,food-cupboard
John West Tuna Lemon & Thyme ,John West Tuna Lemon & Thyme 3 x 60g,£3.50,£1.94 per 100g,,food-cupboard
John West Tuna Light Lunch French Style,John West Tuna Light Lunch French Style220g,£2,91.1p per 100g,"Offer price £2, was £3.25",food-cupboard
John West Tuna Light Lunch Mediterranean,John West Tuna Light Lunch Mediterranean220g,£2,91.1p per 100g,"Offer price £2, was £3.25",food-cupboard
John West Tuna Spreadables Mediterranean,John West Tuna Spread...80g,£1.25,£1.56 per 100g,,food-cupboard
John West Tuna With A Twist Of Lime,John West Tuna With A Twist Of Lime85g,£1.39,£1.64 per 100g,,food-cupboard
John West Tuna With A Twist Of Tomato & Herb,John West Tuna With A Twist Of Tomato & Herb85g,£1.39,£1.64 per 100g,,food-cupboard
John West Wild Pacific Red Salmon       ,John West Wild Pacific Red Salmon       105g,£3.99,£3.80 per 100g,,food-cupboard
John West Wild Pink Salmon,John West Wild Pink Salmon213g,£2.99,£1.40 per 100g,,food-cupboard
John West Wild Red Salmon,John West Wild Red Salmon213g,£4.59,£2.15 per 100g,,food-cupboard
John West WW Tuna In Tomato & Herb Dressing,John West WW Tuna In Tomato & Herb Dressing3 x 80g,£3.49,£1.45 per 100g,,food-cupboard
John West WW Tuna Mayonnaise & Sweetcorn,John West WW Tuna Mayonnaise & Sweetcorn3 x 80g,£3.49,£1.45 per 100g,,food-cupboard
Jordans Berry Burst Muesli,Jordans Berry Burst Muesli800g,£3.59,44.9p per 100g,,food-cupboard
Jordans Blueberry Burst Frusli Bars ,Jordans Blueberry Burst Frusli Bars 6 x 30g,£1.50,83.3p per 100g,,food-cupboard
Jordans Country Crisp Chocolate & Hazelnut,Jordans Country Crisp Chocolate & Hazelnut500g,£3.59,71.8p per 100g,,food-cupboard
Jordans Country Crisp Chunky Nuts,Jordans Country Crisp Chunky Nuts500g,£3.59,71.8p per 100g,,food-cupboard
Jordans Country Crisp Delicious Honey & Nut,Jordans Country Crisp Delicious Honey & Nut500g,£3.59,71.8p per 100g,,food-cupboard
Jordan's Country Crisp With 70% Cocoa Dark Chocolate,Jordan's Country Crisp With 7...500g,£3.59,71.8p per 100g,,food-cupboard
Jordans Country Crisp with Juicy Flame Raisins,Jordans Country Crisp with Juicy Flame Raisins500g,£3.59,71.8p per 100g,,food-cupboard
Jordans Crunchy Oat Granola Fruit & Nut,Jordans Crunchy Oat Granola Fruit & Nut750g,£2.75,36.7p per 100g,"Offer price £2.75, was £3.59",food-cupboard
Jordans Crunchy Oat Granola Tropical ,Jordans Crunchy Oat Granola Tropical 750g,£2.75,36.7p per 100g,"Offer price £2.75, was £3.59",food-cupboard
Jordans Natural Muesli,Jordans Natural Muesli1kg,£3.59,35.9p per 100g,,food-cupboard
Jordans Raisin & Almond Nut Granola,Jordans Raisin & Almond Nut Granola750g,£2.75,36.7p per 100g,"Offer price £2.75, was £3.59",food-cupboard
Jordans Raspberry Country Crisp ,Jordans Raspberry Country Crisp 500g,£3.59,71.8p per 100g,,food-cupboard
Jordans Red Berries Frusli Bars ,Jordans Red Berries Frusli Bars 6 x 30g,£1.50,83.3p per 100g,,food-cupboard
Jordans Simply Granola,Jordans Simply Granola750g,£2.75,36.7p per 100g,"Offer price £2.75, was £3.59",food-cupboard
Jordans Strawberry Country Crisp,Jordans Strawberry Country Crisp500g,£3.59,71.8p per 100g,,food-cupboard
Jordans Super Berry Granola,Jordans Super Berry Granola550g,£3.50,63.6p per 100g,"Offer price £3.50, was £4.29",food-cupboard
Jordans Super Nutty Granola,Jordans Super Nutty Granola550g,£3.50,63.6p per 100g,"Offer price £3.50, was £4.29",food-cupboard
Joseph Dobson & Sons Bonfire Mega Lollies ,Joseph Dobson & Sons Bonfire Mega Lollies 200g,£2.25,£1.13 per 100g,,food-cupboard
Joseph Dobson & Sons Ltd. Yorkshire Mixtures,Joseph Dobson & Sons Ltd. Yorkshire Mixtures200g,£1.25,62.5p per 100g,,food-cupboard
Jubbly Cola Ice Lollies,Jubbly Cola Ice Lollies8 x 62ml,£1.69,34.1p per 100ml,,food-cupboard
Jubbly  Orange Ice Lollies,Jubbly  Orange Ice Lollies8 x 62ml,£1.69,34.1p per 100ml,,food-cupboard
Jus-Rol 6 Cinnamon Swirls Dough x6,Jus-Rol 6 Cinnamon Swirls Dough x6270g,£2.29,£8.48 per kg,Buy 2 for £3.50,food-cupboard
Jus-Rol Puff Pastry Block,Jus-Rol Puff Pastry Block500g,£1.59,£3.18 per kg,,food-cupboard
Jus Rol Puff Pastry Ready Rolled Sheet,Jus Rol Puff Pastry Ready Rolled Sheet320g,£1.25,£3.91 per kg,"Offer price £1.25, was £1.75",food-cupboard
Jus Rol Shortcrust Pastry Block,Jus Rol Shortcrust Pastry Block500g,£1.59,£3.18 per kg,,food-cupboard
Jus Rol Shortcrust Pastry Ready Rolled Sheet,Jus Rol Shortcrust Pastry Ready Rolled Sheet320g,£1.25,£3.91 per kg,"Offer price £1.25, was £1.75",food-cupboard
Kallo Beetroot Veggie Cakes,Kallo Beetroot Veggie Cakes122g,£2.75,£2.25 per 100g,,food-cupboard
Kallo Belgian Dark Chocolate Rice Cake Minis 4 Snack Packs,Kallo Belgian Dark Chocolate Rice...84g,£2,£2.38 per 100g,,food-cupboard
Kallo Belgian Dark Organic Chocolate Rice Cake Thins,Kallo Belgian Dark Organic Ch...90g,£1.25,£1.39 per 100g,"Offer price £1.25, was £1.55",food-cupboard
Kallo Belgian Milk Chocolate Rice Cake Minis 4 Snack Packs,Kallo Belgian Milk Chocolate Rice...84g,£2,£2.38 per 100g,,food-cupboard
Kallo Blueberry And Vanilla Rice And Corn Cakes,Kallo Blueberry And Vanil...131g,£1.25,95.1p per 100g,"Offer price £1.25, was £1.59",food-cupboard
Kallo Organic Chicken Stock Cubes 8s,Kallo Organic Chicken Stock Cubes 8s88g,£1.50,£1.71 per 100g,"Offer price £1.50, was £1.60",food-cupboard
Kallo Organic Lightly Salted Wholegrain Low Fat Rice Cakes,Kallo Organic Lightly Salted Whol...130g,£1.49,£1.15 per 100g,,food-cupboard
Kallo Organic Vegetable Stock Cubes 8s,Kallo Organic Vegetable Stock Cubes 8s88g,£1.50,£1.71 per 100g,"Offer price £1.50, was £1.60",food-cupboard
Kallo Protein Packed Lentil Cakes ,Kallo Protein Packed Lentil Cakes 100g,£1.50,£1.50 per 100g,"Offer price £1.50, was £1.99",food-cupboard
Kallo Spinach And Pesto Veggie Cakes,Kallo Spinach And Pesto Veggie Cakes122g,£2.75,£2.25 per 100g,,food-cupboard
Kallo Veggie Cakes Caramelised Onion Chutney,Kallo Veggie Cakes Cara...122g,£2.75,£2.25 per 100g,,food-cupboard
Kellogg All Bran Original,Kellogg All Bran Original500g,£2.49,49.8p per 100g,,food-cupboard
Kellogg's All-Bran Bran Flakes,Kellogg's All-Bran Bran Flakes750g,£3,40p per 100g,Buy 2 for £5,food-cupboard
Kellogg's All-Bran Fibre Crunch,Kellogg's All-Bran Fibre Crunch390g,£3,76.9p per 100g,Buy 2 for £5,food-cupboard
Kellogg's All-Bran Original,Kellogg's All-Bran Original750g,£3.05,40.7p per 100g,Buy 2 for £5,food-cupboard
Kellogg's Apricot Wheats,Kellogg's Apricot Wheats500g,£2.15,43p per 100g,,food-cupboard
Kellogg's Blueberry Wheats,Kellogg's Blueberry Wheats500g,£2.15,43p per 100g,,food-cupboard
Kellogg's Bran Flakes,Kellogg's Bran Flakes375g,£1.75,46.7p per 100g,,food-cupboard
Kellogg's Choco Hazelnut Coco Pops Cereal,Kellogg's Choco Hazelnut Coco Pops Cereal480g,£3,62.5p per 100g,,food-cupboard
Kellogg's Chocolate Wheats ,Kellogg's Chocolate Wheats 480g,£2.15,44.8p per 100g,,food-cupboard
Kellogg's Coco Pops ,Kellogg's Coco Pops 295g,£2.25,76.3p per 100g,,food-cupboard
Kellogg's Coco Pops,Kellogg's Coco Pops720g,£3.75,52.1p per 100g,"Offer price £3.75, was £4",food-cupboard
Kellogg's Coco Pops Breakfast Cereal ,Kellogg's Coco Pops Breakfast Cereal 650g,£3.75,57.7p per 100g,"Offer price £3.75, was £3.99",food-cupboard
Kellogg's Coco Pops Breakfast Cereal,Kellogg's Coco Pops Breakfast Cereal925g,£3.75,40.5p per 100g,,food-cupboard
Kellogg's Coco Pops Cereal ,Kellogg's Coco Pops Cereal 35g,60p,£1.71 per 100g,,food-cupboard
Kellogg's Coco Pops Chocolate Breakfast Cereal Bars ,Kellogg's Coco Pops Chocolate...6 x 20g,£1.50,£1.25 per 100g,,food-cupboard
Kellogg's Coco Pops Chocos Chocolate Breakfast Cereal,Kellogg's Coco Pops Chocos Ch...430g,£2.99,69.5p per 100g,,food-cupboard
Kellogg's Coco Pops Rocks Cereal,Kellogg's Coco Pops Rocks Cereal350g,£1.25,35.7p per 100g,,food-cupboard
Kellogg's Corn Flakes,Kellogg's Corn Flakes1kg,£4.25,42.5p per 100g,,food-cupboard
Kellogg's Crunchy Nut ,Kellogg's Crunchy Nut 300g,£2.25,75p per 100g,,food-cupboard
Kellogg's Crunchy Nut Bites Cereal,Kellogg's Crunchy Nut Bites Cereal375g,£3,80p per 100g,Buy 2 for £5,food-cupboard
Kellogg's Crunchy Nut Cereal,Kellogg's Crunchy Nut Cereal500g,£3.30,66p per 100g,Buy 2 for £5,food-cupboard
Kellogg's Crunchy Nut Clusters Chocolate Breakfast Cereal ,Kellogg's Crunchy Nut Clusters Ch...400g,£3.49,87.3p per 100g,,food-cupboard
Kellogg's Crunchy Nut Glorious Oat Granola Cracking Hazelnuts & Chocolate,Kellogg's Crunchy Nut Glorious...600g,£4,66.7p per 100g,,food-cupboard
Kellogg's Crunchy Nut Granola Chocolate & Nut,Kellogg's Crunchy Nut Granola Chocolate & Nut380g,£3,78.9p per 100g,Buy 2 for £5,food-cupboard
Kellogg's Crunchy Nut Granola Fruit & Nut ,Kellogg's Crunchy Nut Granola Fruit & Nut 380g,£3,78.9p per 100g,Buy 2 for £5,food-cupboard
Kellogg's Crunchy Nut Granola Red Berries,Kellogg's Crunchy Nut Granola Red Berries380g,£3,78.9p per 100g,Buy 2 for £5,food-cupboard
Kellogg's Crunchy Nut Honey & Nut Clusters Breakfast Cereal ,Kellogg's Crunchy Nut Honey & Nut C...400g,£2.99,74.8p per 100g,,food-cupboard
Kellogg's Crunchy Nut Oat Granola with Caramelised Hazelnuts ,Kellogg's Crunchy Nut Oat Granola w...380g,£3,78.9p per 100g,Buy 2 for £5,food-cupboard
Kellogg's Crunchy Nut Salted Caramel Breakfast Cereal ,Kellogg's Crunchy Nut Salted Ca...375g,£2.99,79.7p per 100g,,food-cupboard
Kellogg's Frosted Wheats,Kellogg's Frosted Wheats500g,£2.15,43p per 100g,,food-cupboard
Kellogg's Frosties Breakfast Cereal,Kellogg's Frosties Breakfast Cereal470g,£3.29,70p per 100g,Buy 2 for £5,food-cupboard
Kellogg's Frosties Breakfast Cereal,Kellogg's Frosties Breakfast Cereal925g,£4.25,45.9p per 100g,,food-cupboard
Kellogg's Frosties Cereal,Kellogg's Frosties Cereal500g,£3.30,66p per 100g,,food-cupboard
Kellogg's Frosties Cereal,Kellogg's Frosties Cereal1kg,£4.25,42.5p per 100g,,food-cupboard
Kellogg's Frosties Cereal Bars ,Kellogg's Frosties Cereal Bars 6 x 25g,£1.50,£1.00 per 100g,,food-cupboard
Kellogg's Fruit 'N Fibre,Kellogg's Fruit 'N Fibre375g,£2.49,66.4p per 100g,,food-cupboard
Kellogg's Fruit 'N Fibre Cereal,Kellogg's Fruit 'N Fibre Cereal700g,£3.49,49.9p per 100g,,food-cupboard
Kelloggs Fruit Winders Mango,Kelloggs Fruit Winders Mango85g,£1.25,£1.47 per 100g,,food-cupboard
Kelloggs Fruit Winders Rolls Strawberry & Apple 5 Pack,Kelloggs Fruit Winders Rolls St...85g,£1.25,£1.47 per 100g,,food-cupboard
Kelloggs Fruit Winders Rolls Strawberry & Blackcurrent 5 Pack,Kelloggs Fruit Winders Rolls Strawb...85g,£1.25,£1.47 per 100g,,food-cupboard
Kelloggs Fruit Winders Rolls Strawberry 5 Pack,Kelloggs Fruit Winders Rolls Strawberry 5 Pack85g,£1.25,£1.47 per 100g,,food-cupboard
Kellogg's Honey & Nut Crunchy Nut Clusters,Kellogg's Honey & Nut Crunchy Nut Clusters450g,£3,66.7p per 100g,,food-cupboard
Kellogg's Just Right Flakes Cereal,Kellogg's Just Right Flakes Cereal500g,£3.50,70p per 100g,,food-cupboard
Kellogg's Krave Chocolate Hazelnut Breakfast Cereal,Kellogg's Krave Chocolate Hazelnut Breakfast Cereal750g,£3.75,50p per 100g,,food-cupboard
Kellogg's Krave Chocolate Hazelnut Stix Snack ,Kellogg's Krave Chocolate Hazelnut Stix Snack 5 x 20.5g,£2,£1.95 per 100g,,food-cupboard
Kellogg's Krave Cookies & Cream Cereal,Kellogg's Krave Cookies & Cream Cereal410g,£3.29,80.2p per 100g,,food-cupboard
Kellogg's Krave Milk Chocolate Breakfast Cereal,Kellogg's Krave Milk Choc...750g,£3.75,50p per 100g,,food-cupboard
Kellogg's Krave Milk Chocolate Cereal ,Kellogg's Krave Milk Chocolate Cereal 850g,£3.75,44.2p per 100g,"Offer price £3.75, was £4",food-cupboard
Kellogg's Krave Stix Milk Chocolate Snacks ,Kellogg's Krave Stix Milk Chocolate Snacks 5 x 20.5g,£2,£1.95 per 100g,,food-cupboard
Kellogg's Nutri-Grain Strawberry Snack Bars,Kellogg's Nutri-Grain Strawberry Snack Bars6 x 37g,£1.50,67.6p per 100g,"Offer price £1.50, was £2",food-cupboard
Kellogg's Original Wheats,Kellogg's Original Wheats500g,£2.15,43p per 100g,,food-cupboard
Kellogg's Raisin Wheats,Kellogg's Raisin Wheats450g,£2.15,47.8p per 100g,,food-cupboard
Kellogg's Rice Krispies,Kellogg's Rice Krispies340g,£2.25,66.2p per 100g,,food-cupboard
Kellogg's Rice Krispies,Kellogg's Rice Krispies700g,£3.75,53.5p per 100g,"Offer price £3.75, was £4",food-cupboard
Kellogg's Rice Krispies Breakfast Cereal ,Kellogg's Rice Krispies Breakfast Cereal 310g,£2.99,96.5p per 100g,,food-cupboard
Kellogg's Rice Krispies Breakfast Cereal ,Kellogg's Rice Krispies Breakfast Cereal 980g,£4.75,48.5p per 100g,,food-cupboard
Kellogg's Rice Krispies Breakfast Cereal ,Kellogg's Rice Krispies Breakfast Cereal 660g,£3.75,56.9p per 100g,"Offer price £3.75, was £3.99",food-cupboard
Kellogg's Rice Krispies Breakfast Cereal Bars,Kellogg's Rice Krispies Breakfast Cereal Bars6 x 20g,£1.50,£1.25 per 100g,,food-cupboard
Kellogg's Rice Krispies Multi-Grain Shapes,Kellogg's Rice Krispies Multi-Grain Shapes350g,£3.30,94.3p per 100g,Buy 2 for £5,food-cupboard
Kellogg's Rice Krispies Multigrain Blueberry & Apple,Kellogg's Rice Krispies Multi...350g,£3,85.7p per 100g,Buy 2 for £5,food-cupboard
Kellogg's Rice Krispies Multigrain Strawberry & Apple,Kellogg's Rice Krispies Multi...350g,£3,85.7p per 100g,Buy 2 for £5,food-cupboard
Kellogg's Rice Krispies Squares Chocolate Orange Snack Bars ,Kellogg's Rice Krispies Squares Cho...4 x 36g,£1.50,£1.04 per 100g,,food-cupboard
Kellogg's Rice Krispies Squares Curious Caramel & Chocolate Snack Bars,Kellogg's Rice Krispies Squares Curious C...4 x 36g,£1.50,£1.04 per 100g,,food-cupboard
Kellogg's Rice Krispies Squares Delightfully Chocolatey Snack Bars ,Kellogg's Rice Krispies Squares Delight...4 x 36g,£1.50,£1.04 per 100g,,food-cupboard
Kellogg's Rice Krispies Squares Marshmallow Snack Bars ,Kellogg's Rice Krispies Squares...4 x 28g,£1.50,£1.34 per 100g,,food-cupboard
Kellogg's Special K Juicy Red Berry Bars,Kellogg's Special K Juicy Red Berry Bars6 x 21.5g,£2,£1.55 per 100g,,food-cupboard
Kellogg's Special K Milk Chocolate,Kellogg's Special K Milk Chocolate360g,£3.29,91.4p per 100g,,food-cupboard
Kellogg's Special K Milk Chocolate Snack Bars ,Kellogg's Special K Milk Chocolate Snack Bars 6 x 20g,£2,£1.67 per 100g,,food-cupboard
Kellogg's Special K Oats & Honey Cereal,Kellogg's Special K Oats & Honey Cereal420g,£3.29,78.3p per 100g,,food-cupboard
Kellogg's Special K Original,Kellogg's Special K Original750g,£3.75,50p per 100g,"Offer price £3.75, was £4.50",food-cupboard
Kellogg's Special K Original,Kellogg's Special K Original500g,£3.29,65.8p per 100g,,food-cupboard
Kellogg's Special K Original,Kellogg's Special K Original300g,£2,66.7p per 100g,,food-cupboard
Kellogg's Special K Protein Nuts Clusters & Seeds,Kellogg's Special K Protein Nuts Clusters & Seeds330g,£3.29,99.7p per 100g,,food-cupboard
Kellogg's Special K Red Berries,Kellogg's Special K Red Berries500g,£4.25,85p per 100g,,food-cupboard
Kellogg's Special K Red Berries ,Kellogg's Special K Red Berries 330g,£3.29,99.7p per 100g,,food-cupboard
Kellogg's Variety Pack Cereal 196g,Kellogg's Variety Pack Cereal 196g8 per pack,£2.99,37.4p each,,food-cupboard
Kellog's Cornflakes ,Kellog's Cornflakes 500g,£2.50,50p per 100g,,food-cupboard
Kellog's Crunchy Nut Original,Kellog's Crunchy Nut Original720g,£4.25,59p per 100g,,food-cupboard
Kenco 2in1 Instant Coffee Sachets with Milk x5 Sachets,Kenco 2in1 Instant Coffee Sache...70g,£1.10,£1.57 per 100g,"Offer price £1.10, was £1.20",food-cupboard
Kenco 3in1 Instant Coffee Sachets with Milk & Sugars x5 Sachets,Kenco 3in1 Instant Coffee Sachets wit...100g,£1.10,£1.10 per 100g,"Offer price £1.10, was £1.20",food-cupboard
Kenco 6 Duo Cappuccino Sachets,Kenco 6 Duo Cappuccino Sachets109.8g,£3.99,£3.63 per 100g,,food-cupboard
Kenco 6 Duo Latte Sachets,Kenco 6 Duo Latte Sachets103.5g,£3.99,£3.86 per 100g,,food-cupboard
KENCO 6 Duo Salted Caramel Latte Sachets,KENCO 6 Duo Salted Caramel Latte Sachets103.8g,£3.99,£3.84 per 100g,,food-cupboard
Kenco 6 Unsweetened Cappuccino Sachets,Kenco 6 Unsweetened Cappuccino Sachets106.8g,£3.99,£3.74 per 100g,,food-cupboard
Kenco 8 Baileys Latte Sachets,Kenco 8 Baileys Latte Sachets120g,£1.75,£1.46 per 100g,,food-cupboard
Kenco 8 Cappuccino Sachets,Kenco 8 Cappuccino Sachets118.4g,£1.75,£1.48 per 100g,,food-cupboard
Kenco 8 Original Latte Sachets,Kenco 8 Original Latte Sachets130.4g,£1.75,£1.34 per 100g,,food-cupboard
Kenco Cappuccino Instant Coffee Sachets 8 x 14.8g,Kenco Cappuccino Instant Coffee Sachets 8 x 14.8g118.4g,£1.75,£1.48 per 100g,,food-cupboard
Kenco Decaff Instant Coffee,Kenco Decaff Instant Coffee200g,£6.99,£3.50 per 100g,,food-cupboard
Kenco Decaff Refill Instant Coffee,Kenco Decaff Refill Instant Coffee150g,£4.99,£3.33 per 100g,,food-cupboard
Kenco Flat White Instant Coffee Sachets 8 x 14.8g,Kenco Flat White Instant Coffee Sachets 8 x 14.8g118.4g,£1.75,£1.48 per 100g,,food-cupboard
Kenco Iced Hot Salted Caramel Latte Coffee Sachets ,Kenco Iced Hot Salted Caramel...162.4g,£1.75,£1.08 per 100g,,food-cupboard
Kenco Iced Hot Vanilla Latte Coffee Sachets ,Kenco Iced Hot Vanilla Latte Coffee Sachets 162.4g,£1.75,£1.08 per 100g,,food-cupboard
Kenco Millicano Americano Decaff Instant  Coffee,Kenco Millicano Americano D...100g,£4,£4.00 per 100g,,food-cupboard
Kenco Millicano Americano Instant Coffee,Kenco Millicano Americano Instant Coffee100g,£4,£4.00 per 100g,,food-cupboard
Kenco Millicano Americano Intense Instant Coffee,Kenco Millicano Americano I...95g,£4,£4.21 per 100g,,food-cupboard
Kenco Rich Instant Coffee ,Kenco Rich Instant Coffee 200g,£6.99,£3.50 per 100g,,food-cupboard
Kenco Rich Refill Instant Coffee,Kenco Rich Refill Instant Coffee150g,£4.99,£3.33 per 100g,,food-cupboard
Kenco Smooth Coffee ,Kenco Smooth Coffee 100g,£3.89,£3.89 per 100g,,food-cupboard
Kenco Smooth Instant Coffee,Kenco Smooth Instant Coffee200g,£6.99,£3.50 per 100g,,food-cupboard
Kenco Smooth Refill Instant Coffee,Kenco Smooth Refill Instant Coffee150g,£4.99,£3.33 per 100g,,food-cupboard
Kettle Chips Lightly Salted Sharing Crisps ,Kettle Chips Lightly Salted Sharing Crisps 130g,£2.39,£1.84 per 100g,,food-cupboard
Kettle Chips Mature Cheddar & Red Onion Sharing Crisps,Kettle Chips Mature Cheddar & R...130g,£2.39,£1.84 per 100g,,food-cupboard
Kettle Chips Sea Salt & Balsamic Vinegar Sharing Crisps,Kettle Chips Sea Salt & Balsami...130g,£2.39,£1.84 per 100g,,food-cupboard
Kettle Chips Sweet Chili & Sour Cream Sharing Crisps,Kettle Chips Sweet Chili & So...130g,£2.39,£1.84 per 100g,,food-cupboard
Kikkoman Naturally Brewed Soy ,Kikkoman Naturally Brewed Soy 150ml,£2.25,£1.50 per 100ml,"Offer price £2.25, was £2.99",food-cupboard
Kikkoman Teriyaki Marinade,Kikkoman Teriyaki Marinade250ml,£2.45,98p per 100ml,"Offer price £2.45, was £3.25",food-cupboard
Kind Blueberry Almond Breakfast Bar,Kind Blueberry Almond Breakfast Bar40g,£1,£2.50 per 100g,,food-cupboard
KIND Caramel Almond & Sea Salt Snack Bars Multipack,KIND Caramel Almond & Sea Sal...3 x 30g,£3,£3.33 per 100g,,food-cupboard
KIND Dark Chocolate Nuts & Sea Salt Snack Bars Multipack,KIND Dark Chocolate Nuts & Sea...3 x 30g,£3,£3.33 per 100g,,food-cupboard
Kinder Bueno Milk Chocolate & Hazelnuts Bars Multipack,Kinder Bueno Milk Chocolate & H...4 x 43g,£2,£1.16 per 100g,"Offer price £2, was £2.55",food-cupboard
Kinder Bueno Twin Finger Bar,Kinder Bueno Twin Finger Bar2 per pack,90p,45p each,Buy 2 for £1.20,food-cupboard
Kinder Bueno White Chocolate & Hazelnuts Bars Multipack ,Kinder Bueno White Chocolate &...156g,£2,£1.28 per 100g,"Offer price £2, was £2.55",food-cupboard
Kinder Bunny,Kinder Bunny75g,£2,£2.67 per 100g,,food-cupboard
Kinder Bunny,Kinder Bunny55g,£1,£1.82 per 100g,,food-cupboard
Kinder Cards Chocolate and Milk Wafer Biscuit Multipack,Kinder Cards Chocolate and Milk...102.4g,£1.80,£1.76 per 100g,,food-cupboard
Kinder Choc Medium Bars 2X21G,Kinder Choc Medium Bars 2X21G2 x 21g,90p,£2.14 per 100g,Buy 2 for £1.20,food-cupboard
Kinder Chocolate Medium Snack Bars Multipack,Kinder Chocolate Medium Snack Bars Multipack6 x 21g,£1.65,£1.31 per 100g,,food-cupboard
Kinder Chocolate Small Snack Bars Multipack,Kinder Chocolate Small Snack Bars Multipack16 x 12g,£2,£1.04 per 100g,"Offer price £2, was £2.45",food-cupboard
Kinder Easter Egg,Kinder Easter Egg220g,£10,£4.55 per 100g,,food-cupboard
Kinder Egg Hunt Maxi Kit,Kinder Egg Hunt Maxi Kit150g,£5,£3.33 per 100g,,food-cupboard
Kinder Happy Hippo Milk Chocolate & Hazelnut Biscuits Multipack,Kinder Happy Hippo Milk Chocolate & H...103.5g,£1.65,£1.59 per 100g,,food-cupboard
Kinder Joy With Surprise Egg ,Kinder Joy With Surprise Egg 20g,£1,£5.00 per 100g,Buy 2 for £1.70,food-cupboard
Kinder Large Egg Marvel/Disney Princess,Kinder Large Egg Marvel/Disney Princess100g,£4,£4.00 per 100g,,food-cupboard
Kinder Mini Eggs,Kinder Mini Eggs75g,£1,£1.33 per 100g,,food-cupboard
Kinder Surprise Multipack,Kinder Surprise Multipack60g,£2,£3.33 per 100g,"Offer price £2, was £2.45",food-cupboard
Kinder Surprise Single Egg,Kinder Surprise Single Egg20g,£1.10,£5.50 per 100g,Buy 2 for £1.50,food-cupboard
Kinder Surprise Single Egg Natoons,Kinder Surprise Single Egg Natoons20g,£1.10,£5.50 per 100g,Buy 2 for £1.50,food-cupboard
KIND Fruit & Nut,KIND Fruit & Nut40g,£1.30,£3.25 per 100g,,food-cupboard
KIND Honey Roasted Nuts & Sea Salt ,KIND Honey Roasted Nuts & Sea Salt 40g,£1.30,£3.25 per 100g,,food-cupboard
KIND Maple Pecan & Almond ,KIND Maple Pecan & Almond 3 x 30g,£3,£3.33 per 100g,,food-cupboard
KIND Maple Pecan & Almond,KIND Maple Pecan & Almond40g,£1.30,£3.25 per 100g,,food-cupboard
KIND Peanut Butter Dark Chocolate Snack Bars Multipack,KIND Peanut Butter Dark Chocola...3 x 30g,£3,£3.33 per 100g,,food-cupboard
Kind Thins Dark Chocolate Nuts & Sea Salt ,Kind Thins Dark Chocolate Nuts & Sea Salt 4 x 19g,£3,£3.95 per 100g,,food-cupboard
Kingfisher Bean Sprouts In Water ,Kingfisher Bean Sprouts In Water 410g,£1.15,28p per 100g,,food-cupboard
Kingfisher Catch Lump Crab Meat In Brine,Kingfisher Catch Lump Crab Meat In Brine145g,£3.15,£2.17 per 100g,,food-cupboard
Kingfisher Sliced Bamboo Shoot in Water ,Kingfisher Sliced Bamboo Shoot in Water 225g,£1.15,51.1p per 100g,,food-cupboard
Kingfisher Water Chestnuts,Kingfisher Water Chestnuts225g,£1.15,51.1p per 100g,,food-cupboard
King Pot Noodle Beef & Tomato,King Pot Noodle Beef & Tomato114g,£1.20,£10.53 per kg,,food-cupboard
King Pot Noodle Bombay Bad Boy,King Pot Noodle Bombay Bad Boy114g,£1.20,£10.53 per kg,,food-cupboard
King Pot Noodle Original Curry,King Pot Noodle Original Curry114g,£1.20,£10.53 per kg,,food-cupboard
King Pot Pasta Bolognese,King Pot Pasta Bolognese73g,£1.20,£1.64 per 100g,,food-cupboard
King Pot Pasta Creamy Carbonara,King Pot Pasta Creamy Carbonara69g,£1,£1.45 per 100g,,food-cupboard
Kingsfood 8 Hot Dogs In Brine (400g),Kingsfood 8 Hot Dogs In Brine (400g)184g,99p,53.8p per 100g,,food-cupboard
Kit Kat 2 Finger Caramel Chocolate Biscuit Bar Multipack 9 Pack,Kit Kat 2 Finger Caramel Chocolate Bi...9 x 186.3g,£1.65,9.8p per 100g,,food-cupboard
Kit Kat 2 Finger Dark Chocolate Biscuit Bar Multipack 9 Pack,Kit Kat 2 Finger Dark Chocolate Bis...186.3g,£1.65,88.3p per 100g,"Offer price £1.65, was £2",food-cupboard
Kit Kat 2 Finger Dark Mint Chocolate Biscuit Bar Multipack 9 Pack,Kit Kat 2 Finger Dark Mint Chocolate...186.3g,£1.65,88.3p per 100g,"Offer price £1.65, was £2",food-cupboard
Kit Kat 2 Finger Milk Chocolate Biscuit Bar Multipack 14 Pack,Kit Kat 2 Finger Milk Chocolate Bis...289.9g,£2.50,86.2p per 100g,,food-cupboard
Kit Kat 2 Finger Milk Chocolate Biscuit Bar Multipack 9 Pack,Kit Kat 2 Finger Milk Chocolate Bis...186.3g,£1.65,88.3p per 100g,"Offer price £1.65, was £2",food-cupboard
Kit Kat 2 Finger Orange Milk Chocolate Biscuit Bar Multipack 14 Pack,Kit Kat 2 Finger Orange Milk Chocolate...289.9g,£2.50,86.2p per 100g,,food-cupboard
Kit Kat 2 Finger Orange Milk Chocolate Biscuit Bar Multipack 9 Pack,Kit Kat 2 Finger Orange Milk Chocolate...186.3g,£1.65,88.3p per 100g,"Offer price £1.65, was £2",food-cupboard
Kit Kat 2 Finger White Chocolate Biscuit Bar Multipack,Kit Kat 2 Finger White Chocolat...9 x 20.7g,£1.65,88.6p per 100g,,food-cupboard
Kit Kat 4 Finger Milk Chocolate Bar Multipack 4 Pack,Kit Kat 4 Finger Milk Chocola...166g,£1.50,90.4p per 100g,,food-cupboard
KitKat 4 Finger Milk Chocolate Bar Pack of 8,KitKat 4 Finger Milk Chocolate Bar Pack of 8332g,£2.75,82.8p per 100g,,food-cupboard
Kit Kat 4 Finger Milk Chocolate Orange,Kit Kat 4 Finger Milk Chocolate Orange42.5g,75p,£1.76 per 100g,,food-cupboard
Kit Kat Bites Milk Chocolate Sharing Bag,Kit Kat Bites Milk Chocolate Sharing Bag90g,£1.35,£1.50 per 100g,,food-cupboard
Kitkat Bunny Giant Easter Egg,Kitkat Bunny Giant Easter Egg234g,£5,£2.14 per 100g,,food-cupboard
Kitkat Bunny Milk Chocolate Sharing Bag ,Kitkat Bunny Milk Chocolate Sharing Bag 55g,£1.25,£2.27 per 100g,,food-cupboard
Kit Kat Caramel Cookie Collision Incredible Egg,Kit Kat Caramel Cookie Collision Incredible Egg556.2g,£10,£1.80 per 100g,,food-cupboard
Kit Kat Chunky Caramel Milk Chocolate Bar,Kit Kat Chunky Caramel Milk Chocolate Bar4 x 35g,£1.50,£1.07 per 100g,,food-cupboard
Kitkat Chunky Large Egg,Kitkat Chunky Large Egg230g,£3.25,£1.41 per 100g,,food-cupboard
Kit Kat Chunky Milk Chocolate Bar Multipack 4 Pack,Kit Kat Chunky Milk Chocola...160g,£1.50,93.8p per 100g,,food-cupboard
Kit Kat Chunky White Chocolate Bar Multipack 4 Pack,Kit Kat Chunky White Chocolat...160g,£1.50,93.8p per 100g,,food-cupboard
Kit Kat Milk Chocolate Bunny,Kit Kat Milk Chocolate Bunny29g,70p,£2.41 per 100g,Buy 2 for £1.20,food-cupboard
Knorr Aromat All Purpose Savoury Seasoning,Knorr Aromat All Purpose Savoury Seasoning90g,£1.45,16.1p per 10g,,food-cupboard
Knorr Beef Stock Cubes,Knorr Beef Stock Cubes200g,£2.50,£1.25 per 100g,"Offer price £2.50, was £2.65",food-cupboard
Knorr Beef Stock Cubes Zero Salt 8 Pack,Knorr Beef Stock Cubes Zero Salt 8 Pack72g,£1.75,£2.43 per 100g,,food-cupboard
Knorr Chicken Stock Cubes 8 x 10g,Knorr Chicken Stock Cubes 8 x 10g80g,£1.75,£2.19 per 100g,,food-cupboard
Knorr Chicken Stock Cubes Zero Salt 8 Pack,Knorr Chicken Stock Cubes Zero Salt 8 Pack72g,£1.75,£2.43 per 100g,,food-cupboard
Knorr Chicken Stock Pot 4 Pack,Knorr Chicken Stock Pot 4 Pack4 x 28g,£1.65,£1.47 per 100g,,food-cupboard
Knorr Chicken Stock Pot 8 Pack,Knorr Chicken Stock Pot 8 Pack8 x 28g,£2.50,£1.12 per 100g,,food-cupboard
Knorr Dry Packet Soup Thick Vegetable,Knorr Dry Packet Soup Thick Vegetable75g,99p,£1.32 per 100g,,food-cupboard
Knorr Ham Stock Cubes,Knorr Ham Stock Cubes80g,£1.75,£2.19 per 100g,,food-cupboard
Knorr Lamb Stock Pot 4 Pack,Knorr Lamb Stock Pot 4 Pack4 x 28g,£1.65,£1.47 per 100g,,food-cupboard
Knorr Rich Beef Stock Pot 4 Pack,Knorr Rich Beef Stock Pot 4 Pack4 x 28g,£1.65,£1.47 per 100g,,food-cupboard
Knorr Rich Beef Stock Pot 8 x 28g,Knorr Rich Beef Stock Pot 8 x 28g224g,£2.50,£1.12 per 100g,,food-cupboard
Knorr Stock Cubes 8 x 10g Box Lamb ,Knorr Stock Cubes 8 x 10g Box Lamb 80g,£1.75,£2.19 per 100g,,food-cupboard
Knorr Stock Cubes 8 x 10g  Vegetable ,Knorr Stock Cubes 8 x 10g  Vegetable 80g,£1.75,£2.19 per 100g,,food-cupboard
Knorr Stock Cubes Beef 8 x 10g,Knorr Stock Cubes Beef 8 x 10g80g,£1.75,£2.19 per 100g,,food-cupboard
Knorr Stock Cubes Chicken 20 x 10g,Knorr Stock Cubes Chicken 20 x 10g200g,£2.50,£1.25 per 100g,"Offer price £2.50, was £2.65",food-cupboard
Knorr Stock Cubes Fish 8 x 10g,Knorr Stock Cubes Fish 8 x 10g80g,£1.75,£2.19 per 100g,,food-cupboard
Knorr Stock Cubes Vegetable 20 x 10g,Knorr Stock Cubes Vegetable 20 x 10g200g,£2.50,£1.25 per 100g,,food-cupboard
Knorr Super Chicken Noodle Dry Packet Soup,Knorr Super Chicken Noodle Dry Packet Soup51g,99p,£1.94 per 100g,,food-cupboard
Knorr Vegetable Stock Cubes Zero Salt 8 Pack,Knorr Vegetable Stock Cubes Zero Salt 8 Pack72 per pack,£1.75,2.4p each,,food-cupboard
Knorr Vegetable Stock Pot ,Knorr Vegetable Stock Pot 8 x 28g,£2.50,£1.12 per 100g,,food-cupboard
Knorr Vegetable Stock Pot 4 Pack,Knorr Vegetable Stock Pot 4 Pack4 x 28g,£1.65,£1.47 per 100g,,food-cupboard
Ko-Lee Go Mixed Vegetable Noodles,Ko-Lee Go Mixed Vegetable Noodles65g,£1,£15.38 per kg,,food-cupboard
Ko-Lee Go Noodles Barbeque ,Ko-Lee Go Noodles Barbeque 65g,£1,£15.38 per kg,,food-cupboard
Ko-Lee Medium Egg Noodles,Ko-Lee Medium Egg Noodles375g,£1.50,£4.00 per kg,,food-cupboard
Ko-Lee Thai Hot & Spicy Go Noodles ,Ko-Lee Thai Hot & Spicy Go Noodles 65g,£1,£15.38 per kg,,food-cupboard
Ko-Lee Vermicelli Noodles,Ko-Lee Vermicelli Noodles200g,£1.39,£6.95 per kg,,food-cupboard
Kohinoor Delhi Butter Chicken Cooking Sauce ,Kohinoor Delhi Butter Chicken Cooking Sauce 375g,£1.95,52p per 100g,Buy 2 for £3,food-cupboard
Kohinoor Lucknowi Adraki Bhuna,Kohinoor Lucknowi Adraki Bhuna375g,£1.95,52p per 100g,Buy 2 for £3,food-cupboard
Kohinoor Punjabi Karahi Cooking Sauce ,Kohinoor Punjabi Karahi Cooking Sauce 375g,£1.95,52p per 100g,Buy 2 for £3,food-cupboard
KP Dry Roasted Peanuts ,KP Dry Roasted Peanuts 250g,£2.99,£1.20 per 100g,,food-cupboard
KP Dry Roasted Peanuts ,KP Dry Roasted Peanuts 415g,£3.50,84p per 100g,"Offer price £3.50, was £4.25",food-cupboard
KP Dry Roasted Peanuts,KP Dry Roasted Peanuts50g,£1.10,£2.20 per 100g,,food-cupboard
KP Dry Roasted Peanuts 5 x Snack Packs ,KP Dry Roasted Peanuts 5 x Snack Packs 150g,£3.25,£2.17 per 100g,Buy 2 for £5,food-cupboard
KP Flavour Kravers Flame Grilled Steak Peanuts,KP Flavour Kravers Flame Grilled Steak Peanuts140g,£1.75,£1.25 per 100g,,food-cupboard
KP Flavour Kravers Smokin' Paprika Peanuts,KP Flavour Kravers Smokin' Paprika Peanuts140g,£1.75,£1.25 per 100g,,food-cupboard
KP Flavour Kravers Sour Cream & Chive Peanuts,KP Flavour Kravers Sour Cream & Chive Peanuts140g,£1.75,£1.25 per 100g,,food-cupboard
KP Honey Roast Peanuts ,KP Honey Roast Peanuts 225g,£2.99,£1.33 per 100g,Buy 2 for £5,food-cupboard
KP Nut-Tastic Crunchy Peanut Butter,KP Nut-Tastic Crunchy Peanut Butter340g,£2,58.8p per 100g,"Offer price £2, was £3",food-cupboard
Kp Nut-Tastic Fruit & Nut Mix,Kp Nut-Tastic Fruit & Nut Mix120g,£2.25,£1.88 per 100g,,food-cupboard
KP Nut-Tastic Fruit & Nut Mix Grazing Bag,KP Nut-Tastic Fruit & Nut Mix Grazing Bag100g,£3.25,£3.25 per 100g,Buy 2 for £5,food-cupboard
KP Nut-Tastic Pinch Of Salt Nut Mix Grazing Bag,KP Nut-Tastic Pinch Of Salt Nut Mix Grazing Bag100g,£3.25,£3.25 per 100g,Buy 2 for £5,food-cupboard
KP Nut-Tastic Smooth Peanut Butter,KP Nut-Tastic Smooth Peanut Butter340g,£2,58.8p per 100g,"Offer price £2, was £3",food-cupboard
KP Nuts Honey Roast Cashews ,KP Nuts Honey Roast Cashews 110g,£3.85,£3.50 per 100g,,food-cupboard
KP Original Salted Peanuts ,KP Original Salted Peanuts 250g,£2.99,£1.20 per 100g,,food-cupboard
KP Original Salted Peanuts ,KP Original Salted Peanuts 415g,£3.50,84p per 100g,"Offer price £3.50, was £4.25",food-cupboard
KP Original Salted Peanuts,KP Original Salted Peanuts50g,£1.10,£2.20 per 100g,,food-cupboard
KP Salt & Vinegar Peanuts ,KP Salt & Vinegar Peanuts 225g,£2.99,£1.33 per 100g,Buy 2 for £5,food-cupboard
KP Salt & Vinegar Peanuts 5 x Snack Packs ,KP Salt & Vinegar Peanuts 5 x Snack Packs 150g,£3.25,£2.17 per 100g,Buy 2 for £5,food-cupboard
KP Salted Peanuts 5 x Snack Packs,KP Salted Peanuts 5 x Snack Packs150g,£3.25,£2.17 per 100g,Buy 2 for £5,food-cupboard
KP Spicy Chilli Peanuts,KP Spicy Chilli Peanuts225g,£2.99,£1.33 per 100g,Buy 2 for £5,food-cupboard
KP Unsalted Peanuts ,KP Unsalted Peanuts 250g,£2.99,£1.20 per 100g,,food-cupboard
Krakus Sauerkraut       ,Krakus Sauerkraut       900g,£1.59,17.7p per 100g,,food-cupboard
Krave Chocolate & Hazelnut Cereal,Krave Chocolate & Hazelnut Cereal410g,£3.29,80.2p per 100g,,food-cupboard
Krave Milk Chocolate Cereal,Krave Milk Chocolate Cereal410g,£3.29,80.2p per 100g,,food-cupboard
Krunchie Malt Vinegar ,Krunchie Malt Vinegar 284ml,50p,£1.76 per litre,,food-cupboard
KTC Alphonso Mango Pulp,KTC Alphonso Mango Pulp850g,£2.10,£2.47 per kg,"Offer price £2.10, was £2.50",food-cupboard
KTC Blackeye Beans In Salted Water,KTC Blackeye Beans In Salted Water240g,65p,£2.71 per kg,,food-cupboard
KTC Blended Pomace Oil,KTC Blended Pomace Oil1L,£3.20,32p per 100ml,"Offer price £3.20, was £3.25",food-cupboard
KTC Brown Chana In Salted Water,KTC Brown Chana In Salted Water240g,65p,£2.71 per kg,,food-cupboard
KTC Brown Lentils ,KTC Brown Lentils 1kg,£2,£2.00 per kg,,food-cupboard
KTC Butter Beans In Salted Water ,KTC Butter Beans In Salted Water 240g,65p,£2.71 per kg,,food-cupboard
KTC Capellini Nests,KTC Capellini Nests500g,£1.10,£2.20 per kg,"Offer price £1.10, was £1.29",food-cupboard
KTC Chana Dal,KTC Chana Dal1kg,£2,£2.00 per kg,,food-cupboard
KTC Chicken Fry Mix,KTC Chicken Fry Mix300g,£2.19,7.3p per 10g,,food-cupboard
KTC Chick Peas,KTC Chick Peas1kg,£2,£2.00 per kg,,food-cupboard
KTC Chilli Beans In Spicy Sauce ,KTC Chilli Beans In Spicy Sauce 240g,65p,£2.71 per kg,,food-cupboard
KTC Coconut Milk     ,KTC Coconut Milk     400g,£1,25.1p per 100g,"Offer price £1, was £1.09",food-cupboard
KTC Green Lentils,KTC Green Lentils1kg,£2,£2.00 per kg,,food-cupboard
KTC Hot & Spicy Chicken Mix,KTC Hot & Spicy Chicken Mix300g,£2,6.7p per 10g,"Offer price £2, was £2.09",food-cupboard
KTC Jalapeno Slices,KTC Jalapeno Slices210g,95p,45.2p per 100g,"Offer price 95p, was £1",food-cupboard
KTC Kesar Mango Pulp,KTC Kesar Mango Pulp850g,£2.25,£2.64 per kg,"Offer price £2.25, was £2.85",food-cupboard
KTC Mung Dal Yellow,KTC Mung Dal Yellow1kg,£2,£2.00 per kg,,food-cupboard
KTC Pure Butter Ghee,KTC Pure Butter Ghee500g,£4.50,£9.00 per kg,"Offer price £4.50, was £5",food-cupboard
KTC Pure Corn Oil    ,KTC Pure Corn Oil    1L,£2.95,29.5p per 100ml,"Offer price £2.95, was £2.99",food-cupboard
KTC Rapeseed Oil,KTC Rapeseed Oil1L,£3.45,34.5p per 100ml,"Offer price £3.45, was £3.50",food-cupboard
KTC Red Kidney Beans in Salted Water (400g),KTC Red Kidney Beans in Salted Water (400g)240g,65p,£2.71 per kg,Buy 4 for £2,food-cupboard
KTC Red Lentils,KTC Red Lentils1kg,£2,£2.00 per kg,,food-cupboard
KTC Spinach Puree In Salted Water,KTC Spinach Puree In Salted Water795g,£1.35,£1.70 per kg,,food-cupboard
KTC Taj Mahal Best Ghee,KTC Taj Mahal Best Ghee1kg,£2.85,28.5p per 100g,"Offer price £2.85, was £2.90",food-cupboard
KTC Vegetable Cooking Oil,KTC Vegetable Cooking Oil5L,£10.80,21.6p per 100ml,"Offer price £10.80, was £10.99",food-cupboard
KTC Vermicelli     ,KTC Vermicelli     500g,£1.15,£2.30 per kg,,food-cupboard
KTC Vermicelli,KTC Vermicelli200g,69p,£3.45 per kg,,food-cupboard
KTC White Kidney Beans In Salted Water,KTC White Kidney Beans In Salted Water240g,65p,£2.71 per kg,,food-cupboard
Kuchenmeister Flan Base,Kuchenmeister Flan Base200g,£2,£1.00 per 100g,,food-cupboard
La Doria Ratatouille,La Doria Ratatouille390g,£1.35,£3.46 per kg,,food-cupboard
Laila Basmati Gluten Free Rice,Laila Basmati Gluten Free Rice10kg,£16.25,£1.63 per kg,,food-cupboard
Laila Basmati Rice ,Laila Basmati Rice 5kg,£8.49,£1.70 per kg,,food-cupboard
Laila Brown Basmati Rice,Laila Brown Basmati Rice2kg,£5.25,£2.63 per kg,,food-cupboard
Laila Everyday Rice ,Laila Everyday Rice 1kg,£1.50,£1.50 per kg,,food-cupboard
Lavazza Cafe Espresso Coffee Beans ,Lavazza Cafe Espresso Coffee Beans 1kg,£12,£1.20 per 100g,,food-cupboard
Lavazza CaffÃ¨ Espresso Ground Coffee,Lavazza CaffÃ¨ Espresso Ground Coffee250g,£4.50,£1.80 per 100g,,food-cupboard
Lavazza Crema e Gusto Ground Coffee,Lavazza Crema e Gusto Ground Coffee250g,£4.50,£1.80 per 100g,,food-cupboard
Lavazza Decaffeinated Coffee Beans ,Lavazza Decaffeinated Coffee Beans 500g,£7,£1.40 per 100g,,food-cupboard
Lavazza Decaffeinated Ground Coffee,Lavazza Decaffeinated Ground Coffee250g,£4.50,£1.80 per 100g,,food-cupboard
Lavazza Prontissimo Intenso Instant Coffee,Lavazza Prontissimo Intenso Instant Coffee95g,£3.50,£3.68 per 100g,"Offer price £3.50, was £4.99",food-cupboard
Lavazza Qualita Rossa Coffee Beans ,Lavazza Qualita Rossa Coffee Beans 1000g,£15,£1.50 per 100g,,food-cupboard
Lavazza Qualita Rossa Ground Coffee ,Lavazza Qualita Rossa Ground Coffee 500g,£8,£1.60 per 100g,,food-cupboard
Lavazza Qualita Rossa Roast & Ground Coffee Beans ,Lavazza Qualita Rossa Roast...250g,£4.50,£1.80 per 100g,,food-cupboard
Lavazza QualitÃ  Rossa Ground Coffee,Lavazza QualitÃ  Rossa Ground Coffee250g,£4.50,£1.80 per 100g,,food-cupboard
La Vieja Fabrica Seville Orange Fine Cut Marmalade,La Vieja Fabrica Seville Or...365g,£1.99,54.5p per 100g,,food-cupboard
La Vieja Fabrica Seville Orange St Clements Marmalade,La Vieja Fabrica Seville Oran...365g,£1.99,54.5p per 100g,,food-cupboard
Lea & Perrins Worcestershire Sauce,Lea & Perrins Worcestershire Sauce290ml,£2.99,£1.03 per 100ml,,food-cupboard
Lea & Perrins Worcestershire Sauce,Lea & Perrins Worcestershire Sauce150ml,£1.59,£1.06 per 100ml,,food-cupboard
Lee Kum Kee Black Bean Garlic Sauce,Lee Kum Kee Black Bean Garlic Sauce205g,£1.90,92.7p per 100g,,food-cupboard
Lee Kum Kee Char Siu Sauce,Lee Kum Kee Char Siu Sauce225g,£1.90,84.4p per 100g,,food-cupboard
Lee Kum Kee Chilli Bean Sauce,Lee Kum Kee Chilli Bean Sauce195g,£1.90,97.4p per 100g,,food-cupboard
Lee Kum Kee Chilli Garlic Sauce,Lee Kum Kee Chilli Garlic Sauce190g,£1.90,£1.00 per 100g,,food-cupboard
Lee Kum Kee Chiu Chow Chilli Oil,Lee Kum Kee Chiu Chow Chilli Oil170g,£3,£1.76 per 100g,,food-cupboard
Lee Kum Kee Hoisin Sauce,Lee Kum Kee Hoisin Sauce210g,£2.09,99.5p per 100g,,food-cupboard
Lee Kum Kee Panda Oyster Sauce,Lee Kum Kee Panda Oyster Sauce510ml,£2.35,46.1p per 100ml,,food-cupboard
Lee Kum Kee Plum Sauce,Lee Kum Kee Plum Sauce220g,£1.90,86.4p per 100g,,food-cupboard
Lee Kum Kee Premium Dark Soy Sauce,Lee Kum Kee Premium Dark Soy Sauce150ml,£1.49,99.3p per 100ml,,food-cupboard
Lee Kum Kee Premium Light Soy Sauce,Lee Kum Kee Premium Light Soy Sauce150ml,£1.49,99.3p per 100ml,,food-cupboard
Lee Kum Kee Premium Light Soy Sauce,Lee Kum Kee Premium Light Soy Sauce250ml,£1.75,70p per 100ml,,food-cupboard
Lee Kum Kee Teriyaki Sauce,Lee Kum Kee Teriyaki Sauce200g,£1.90,95p per 100g,,food-cupboard
Lesieur Rapeseed Oil,Lesieur Rapeseed Oil1L,£2.40,£2.40 per litre,,food-cupboard
Lesieur Rapeseed Oil,Lesieur Rapeseed Oil3L,£5.99,£2.00 per litre,,food-cupboard
Lesieur Sunflower Oil,Lesieur Sunflower Oil1L,£1.99,£1.99 per litre,,food-cupboard
Levi Roots Reggae Reggae Jerk BBQ Sauce,Levi Roots Reggae Reggae Jerk BBQ Sauce290g,£2.20,75.9p per 100g,,food-cupboard
Lift Instant Lemon Flavour Tea,Lift Instant Lemon Flavour Tea165g,£1.75,£1.06 per 100g,,food-cupboard
Lift Instant Lemon Flavour Tea Reduced Sweetness ,Lift Instant Lemon Flavour Tea Reduced Sweetness 165g,£1.75,£1.06 per 100g,,food-cupboard
Lily O'Briens 16 Handcrafted Chocolates,Lily O'Briens 16 Handcrafted Chocolates190g,£6,£3.16 per 100g,,food-cupboard
Lily O'Briens Creamy Caramels with Sea Salt,Lily O'Briens Creamy Caramels with Sea Salt120g,£2,£1.66 per 100g,"Offer price £2, was £2.50",food-cupboard
Lily O'Briens Desserts,Lily O'Briens Desserts210g,£7,£3.33 per 100g,,food-cupboard
Lily O'Brien's Salted Caramel Truffles,Lily O'Brien's Salted Caramel Truffles200g,£5,£2.50 per 100g,,food-cupboard
Lindor Assorted Egg,Lindor Assorted Egg260g,£11,£4.23 per 100g,,food-cupboard
Lindor Milk Chocolate Egg,Lindor Milk Chocolate Egg260g,£11,£4.23 per 100g,,food-cupboard
Lindor Salted Caramel Egg,Lindor Salted Caramel Egg260g,£11,£4.23 per 100g,,food-cupboard
Lindor Salted Caramel Filled Egg,Lindor Salted Caramel Filled Egg28g,70p,£2.50 per 100g,Buy 2 for £1.20,food-cupboard
Lindt Classic Recipe Hazelnut Milk Chocolate,Lindt Classic Recipe Hazelnut Milk Chocolate125g,£1.60,£1.28 per 100g,"Offer price £1.60, was £2.10",food-cupboard
Lindt Classic Recipe Hazelnut Vegan Smooth ,Lindt Classic Recipe Hazelnut Vegan Smooth 100g,£3.20,£3.20 per 100g,,food-cupboard
Lindt Classic Recipe Milk Chocolate Bar,Lindt Classic Recipe Milk Chocolate Bar125g,£1.60,£1.28 per 100g,"Offer price £1.60, was £2.10",food-cupboard
Lindt Classic Recipe Vegan Smooth,Lindt Classic Recipe Vegan Smooth100g,£3.20,£3.20 per 100g,,food-cupboard
Lindt Excellence 70% Cocoa Dark Chocolate,Lindt Excellence 70% Cocoa Dark Chocolate100g,£1.95,£1.95 per 100g,,food-cupboard
Lindt Excellence 85% Dark Chocolate,Lindt Excellence 85% Dark Chocolate100g,£1.95,£1.95 per 100g,,food-cupboard
Lindt Excellence 90% Dark Supreme Chocolate Bar,Lindt Excellence 90% Dark Supreme Chocolate Bar100g,£1.95,£1.95 per 100g,,food-cupboard
Lindt Excellence Caramel & Sea Salt Milk ,Lindt Excellence Caramel & Sea Salt Milk 100g,£1.95,£1.95 per 100g,,food-cupboard
Lindt Excellence Dark Caramel & Sea Salt,Lindt Excellence Dark Caramel & Sea Salt100g,£1.95,£1.95 per 100g,,food-cupboard
"Lindt Excellence Dark Cranberry, Almond & Hazelnut",Lindt Excellence Dark Cranb...100g,£1.95,£1.95 per 100g,,food-cupboard
Lindt Excellence Dark Sea Salt,Lindt Excellence Dark Sea Salt100g,£1.95,£1.95 per 100g,,food-cupboard
Lindt Excellence Extra Creamy Milk Chocolate Bar,Lindt Excellence Extra Crea...100g,£1.95,£1.95 per 100g,,food-cupboard
Lindt Excellence Intense Dark Mint Chocolate,Lindt Excellence Intense Dark Mint Chocolate100g,£1.95,£1.95 per 100g,,food-cupboard
Lindt Excellence Intense Orange Dark Chocolate,Lindt Excellence Intense Orange Dark Chocolate100g,£1.95,£1.95 per 100g,,food-cupboard
Lindt Gold Bunnies Milk Chocolate 5Pk,Lindt Gold Bunnies Milk Chocolate 5Pk50g,£2,£4.00 per 100g,,food-cupboard
Lindt Gold Bunny,Lindt Gold Bunny100g,£3.25,£3.25 per 100g,Buy 2 for £5.50,food-cupboard
Lindt Gold Bunny,Lindt Gold Bunny50g,£1.65,£3.30 per 100g,,food-cupboard
Lindt Gold Bunny Milk Chocolate,Lindt Gold Bunny Milk Chocolate200g,£4.50,£2.25 per 100g,,food-cupboard
Lindt Gold Bunny White Chocolate,Lindt Gold Bunny White Chocolate100g,£3.25,£3.25 per 100g,Buy 2 for £5.50,food-cupboard
Lindt Gold Bunny White Chocolate ,Lindt Gold Bunny White Chocolate 200g,£4.50,£2.25 per 100g,,food-cupboard
Lindt Gold Milk Chocolate Bunnies & Easter Egg ,Lindt Gold Milk Chocolate Bunnies & Easter Egg 195g,£9,£4.62 per 100g,,food-cupboard
Lindt Lindor Assorted Chocolate Cornet Truffles,Lindt Lindor Assorted Chocolate Cornet Truffles200g,£4.75,£2.38 per 100g,,food-cupboard
Lindt Lindor Assorted Cornet Truffles         ,Lindt Lindor Assorted Cornet Truffles         337g,£7.50,£2.23 per 100g,"Offer price £7.50, was £9.50",food-cupboard
Lindt Lindor Cornet Blood Orange,Lindt Lindor Cornet Blood Orange200g,£4.75,£2.38 per 100g,,food-cupboard
Lindt Lindor Double Chocolate ,Lindt Lindor Double Chocolate 200g,£4.75,£2.38 per 100g,"Offer price £4.75, was £6",food-cupboard
Lindt Lindor Double Chocolate Mini Eggs ,Lindt Lindor Double Chocolate Mini Eggs 80g,£1.60,£2.00 per 100g,,food-cupboard
Lindt Lindor Easter Egg With Double Chocolate Truffles,Lindt Lindor Easter Egg With Do...260g,£11,£4.23 per 100g,,food-cupboard
Lindt Lindor Egg Blood Orange,Lindt Lindor Egg Blood Orange260g,£11,£4.23 per 100g,,food-cupboard
Lindt Lindor Egg Single,Lindt Lindor Egg Single28g,70p,£2.50 per 100g,Buy 2 for £1.20,food-cupboard
Lindt Lindor Limited Edition Mint,Lindt Lindor Limited Edition Mint200g,£5.50,£2.75 per 100g,,food-cupboard
Lindt Lindor Milk,Lindt Lindor Milk100g,£2.45,£2.45 per 100g,,food-cupboard
Lindt Lindor Milk Chocolate ,Lindt Lindor Milk Chocolate 37g,£1.49,£4.03 per 100g,,food-cupboard
Lindt Lindor Milk Chocolate Cornet Truffles,Lindt Lindor Milk Chocolate Cornet Truffles337g,£7.50,£2.23 per 100g,"Offer price £7.50, was £9.50",food-cupboard
Lindt Lindor Milk Cornet Truffles,Lindt Lindor Milk Cornet Truffles200g,£4.75,£2.38 per 100g,,food-cupboard
Lindt Lindor Milk Shell Egg,Lindt Lindor Milk Shell Egg215g,£9,£4.19 per 100g,,food-cupboard
Lindt Lindor Salted Caramel,Lindt Lindor Salted Caramel200g,£4.75,£2.38 per 100g,,food-cupboard
Lindt Lindor Shell Egg Assorted,Lindt Lindor Shell Egg Assorted215g,£9,£4.19 per 100g,,food-cupboard
Lindt Lindor White Bar,Lindt Lindor White Bar100g,£2.45,£2.45 per 100g,,food-cupboard
Lindt Lindor White Chocolate Truffles,Lindt Lindor White Chocolate Truffles200g,£4.75,£2.38 per 100g,,food-cupboard
Lindt Luxury Selection,Lindt Luxury Selection195g,£11,£5.64 per 100g,,food-cupboard
Lindt Master Chocolatier Collection ,Lindt Master Chocolatier Collection 184g,£8.50,£4.62 per 100g,,food-cupboard
Lindt Milk Chocolate Gold Bunny Egg ,Lindt Milk Chocolate Gold Bunny Egg 360g,£12,£3.33 per 100g,,food-cupboard
Lindt Milk Chocolate Gold Bunny Egg ,Lindt Milk Chocolate Gold Bunny Egg 115g,£5,£4.35 per 100g,,food-cupboard
Lindt Milk Chocolate Mini Eggs Bag,Lindt Milk Chocolate Mini Eggs Bag80g,£1.60,£2.00 per 100g,,food-cupboard
Lindt Milk Chocolate Teddy,Lindt Milk Chocolate Teddy40g,£1.25,£3.13 per 100g,,food-cupboard
Lindt Selection ,Lindt Selection 427g,£14,£3.28 per 100g,,food-cupboard
Lindt White Chocolate Mini Eggs Bag,Lindt White Chocolate Mini Eggs Bag80g,£1.60,£2.00 per 100g,,food-cupboard
Linwoods Cold Flaxseed ,Linwoods Cold Flaxseed 200g,£2.50,£1.25 per 100g,,food-cupboard
"Linwoods Cold Milled Flaxseed, Biocultures & Vitamin D",Linwoods Cold Milled Flaxseed...200g,£3,£15.00 per kg,,food-cupboard
Linwoods Flaxseed & Chai Seeds,Linwoods Flaxseed & Chai Seeds200g,£3,£1.50 per 100g,,food-cupboard
"Linwoods Milled Flaxseed, Almonds, Brazil Nuts, Walnuts & Q10 ","Linwoods Milled Flaxseed, Almonds...360g",£5,£1.39 per 100g,"Offer price £5, was £6.75",food-cupboard
Lion Milk Chocolate Bar Multipack 4 Pack,Lion Milk Chocolate Bar Multipack 4 Pack168g,£1.50,89.3p per 100g,,food-cupboard
Lion Milk Duo,Lion Milk Duo60g,85p,£1.42 per 100g,,food-cupboard
Little Rolo Milk Chocolate & Caramel Sharing Pouch,Little Rolo Milk Chocolate & Caramel Sharing Pouch103g,£1.35,£1.31 per 100g,"Offer price £1.35, was £1.60",food-cupboard
Littleseed Extra Virgin British Rapeseed Oil ,Littleseed Extra Virgin British Rapeseed Oil 500ml,£4.50,90p per 100ml,,food-cupboard
Lizi's Granola Low Sugar Maple & Pecan ,Lizi's Granola Low Sugar Maple & Pecan 500g,£3.99,79.8p per 100g,,food-cupboard
Lizi's High Protein Granola,Lizi's High Protein Granola350g,£3.89,£1.11 per 100g,,food-cupboard
Lizi's Low Sugar Granola,Lizi's Low Sugar Granola500g,£3.99,79.8p per 100g,,food-cupboard
Local Honey Man British Borage Honey,Local Honey Man British Borage Honey340g,£6,£1.76 per 100g,,food-cupboard
Local Honey Man British Golden Honey,Local Honey Man British Golden Honey340g,£6,£1.76 per 100g,,food-cupboard
Loma Linda Fishless Tuna Chilli ,Loma Linda Fishless Tuna Chilli 140g,£1.49,£1.06 per 100g,,food-cupboard
Loma Linda Fishless Tuna Lemon Pepper,Loma Linda Fishless Tuna Lemon Pepper140g,£1.49,£1.06 per 100g,,food-cupboard
Loma Linda Fishless Tuna Mayonnaise,Loma Linda Fishless Tuna Mayonnaise140g,£1.49,£1.06 per 100g,,food-cupboard
Loma Linda Spicy Pad Thai With Konjac Noodles ,Loma Linda Spicy Pad Thai With Konjac Noodles 284g,£2.95,£1.04 per 100g,,food-cupboard
Loma Linda Thai Green Curry ,Loma Linda Thai Green Curry 284g,£2.95,£1.04 per 100g,,food-cupboard
Loma Linda Tuno In Spring Water ,Loma Linda Tuno In Spring Water 140g,£1.49,£1.06 per 100g,,food-cupboard
L'OR Artiste Delicato Instant Coffee Intensity 5  ,L'OR Artiste Delicato Instant Coffee Intensity 5  95g,£4,£4.21 per 100g,,food-cupboard
L'OR Artiste Vigoroso Instant Coffee Intensity 8,L'OR Artiste Vigoroso Instant Coffee Intensity 895g,£4,£4.21 per 100g,,food-cupboard
L'Or Classique Instant Coffee,L'Or Classique Instant Coffee100g,£4,£4.00 per 100g,"Offer price £4, was £5",food-cupboard
L'OR Classique Instant Coffee,L'OR Classique Instant Coffee150g,£7.25,£4.83 per 100g,,food-cupboard
L'Or Decaffinated Instant Coffee,L'Or Decaffinated Instant Coffee100g,£4,£4.00 per 100g,"Offer price £4, was £5",food-cupboard
L'OR Decaf Instant Coffee ,L'OR Decaf Instant Coffee 150g,£7.25,£4.83 per 100g,,food-cupboard
L'OR Espresso Caramel Flavour Coffee Pods,L'OR Espresso Caramel Flavour Coffee Pods10 per pack,£3.59,35.9p each,,food-cupboard
L'Or Espresso Colombia Aluminium Coffee Capsules x10,L'Or Espresso Colombia Alumin...10 x 52g,£3.59,69p per 100g,,food-cupboard
L'Or Espresso Lungo Profondo Aluminium Coffee x10 Capsules Intensity 8,L'Or Espresso Lungo Profondo...10 x 5.2g,£3.59,£6.90 per 100g,,food-cupboard
L'Or espresso ONYX Aluminium Coffee Capsules x10 no12,L'Or espresso ONYX Aluminium...52g,£3.59,£6.90 per 100g,,food-cupboard
L'Or Espresso Ristretto 10 Aluminium Coffee Capsules Intensity 11,L'Or Espresso Ristretto 10 Aluminium...52g,£3.59,£6.90 per 100g,,food-cupboard
L'Or Espresso Ristretto Decaff Aluminum Coffee Capsules x10,L'Or Espresso Ristretto Decaff Al...52g,£3.59,£6.90 per 100g,,food-cupboard
L'Or Espresso Supremo 10 Aluminium Coffee Capsules intensity 10,L'Or Espresso Supremo 10 Aluminium Co...52g,£3.59,£6.90 per 100g,,food-cupboard
L'Or Intense Instant Coffee,L'Or Intense Instant Coffee100g,£4,£4.00 per 100g,"Offer price £4, was £5",food-cupboard
L'OR Intense Instant Coffee ,L'OR Intense Instant Coffee 150g,£7.25,£4.83 per 100g,,food-cupboard
Lotus Biscoff Chocolate ,Lotus Biscoff Chocolate 150g,£1.20,80.2p per 100g,"Offer price £1.20, was £1.75",food-cupboard
Lotus Biscoff Cream ,Lotus Biscoff Cream 150g,£1.20,80.2p per 100g,"Offer price £1.20, was £1.75",food-cupboard
Lotus Biscoff Milk Chocolate With Biscoff Cream,Lotus Biscoff Milk Chocol...180g,£3,£1.67 per 100g,,food-cupboard
Lotus Biscoff Milk Chocolate With Biscoff Crumbs ,Lotus Biscoff Milk Chocolat...180g,£3,£1.67 per 100g,,food-cupboard
Lotus Biscoff Spread,Lotus Biscoff Spread400g,£3.19,79.8p per 100g,,food-cupboard
Lotus Biscoff White Chocolate With Biscoff Cream,Lotus Biscoff White Chocola...180g,£3,£1.67 per 100g,,food-cupboard
Lotus Caramelised Biscuit Spread ,Lotus Caramelised Biscuit Spread 380g,£3.19,83.9p per 100g,,food-cupboard
Lotus Original Caramelised Biscuits,Lotus Original Caramelised Biscuits250g,£1.20,48p per 100g,"Offer price £1.20, was £1.75",food-cupboard
Love Corn Cheese & Onion,Love Corn Cheese & Onion45g,£1,£2.22 per 100g,,food-cupboard
Love Corn Smoked BBQ,Love Corn Smoked BBQ45g,£1,£2.22 per 100g,,food-cupboard
Loyd Grossman Balti Medium Curry Sauce,Loyd Grossman Balti Medium Curry Sauce350g,£1.75,50p per 100g,"Offer price £1.75, was £2.99",food-cupboard
Loyd Grossman BBQ Pizza Topping,Loyd Grossman BBQ Pizza Topping350g,£2.99,85.4p per 100g,,food-cupboard
Loyd Grossman Bolognese No Added Sugar,Loyd Grossman Bolognese No Added Sugar350g,£2.99,85.4p per 100g,,food-cupboard
Loyd Grossman Bolognese Original,Loyd Grossman Bolognese Original350g,£2.99,85.4p per 100g,,food-cupboard
Loyd Grossman Bolognese Sauce,Loyd Grossman Bolognese Sauce660g,£3,45.4p per 100g,"Offer price £3, was £4.49",food-cupboard
Loyd Grossman Flame Baked Pizza Bases 2 Pack,Loyd Grossman Flame Baked Pizza Bases 2 Pack220g,£2.49,£1.13 per 100g,,food-cupboard
Loyd Grossman Italian Grated Cheese,Loyd Grossman Italian Grated Cheese80g,£2.49,£3.11 per 100g,,food-cupboard
Loyd Grossman Korma Mild Curry Sauce,Loyd Grossman Korma Mild Curry Sauce350g,£1.75,50p per 100g,"Offer price £1.75, was £2.99",food-cupboard
Loyd Grossman Lasagne,Loyd Grossman Lasagne450g,£3.49,77.6p per 100g,,food-cupboard
Loyd Grossman Pizza Sauce,Loyd Grossman Pizza Sauce350g,£3.49,99.7p per 100g,,food-cupboard
Loyd Grossman Puttanesca Pasta Sauce,Loyd Grossman Puttanesca Pasta Sauce350g,£2.99,85.4p per 100g,,food-cupboard
Loyd Grossman Tikka Masala Medium Curry Sauce,Loyd Grossman Tikka Masal...350g,£1.75,50p per 100g,"Offer price £1.75, was £2.99",food-cupboard
Loyd Grossman Tomato & Basil No Added Sugar,Loyd Grossman Tomato & Basil No Added Sugar350g,£2.99,85.4p per 100g,,food-cupboard
Loyd Grossman Tomato & Basil No Added Sugar,Loyd Grossman Tomato & Basil No Added Sugar660g,£3,45.4p per 100g,"Offer price £3, was £4.49",food-cupboard
Loyd Grossman Tomato & Basil Pasta Sauce,Loyd Grossman Tomato & Basil Pasta Sauce350g,£2.99,85.4p per 100g,,food-cupboard
Loyd Grossman Tomato & Basil Sauce,Loyd Grossman Tomato & Basil Sauce660g,£3,45.4p per 100g,"Offer price £3, was £4.49",food-cupboard
Loyd Grossman Tomato & Chilli No Added Sugar,Loyd Grossman Tomato & Chilli No Added Sugar350g,£2.99,85.4p per 100g,,food-cupboard
Loyd Grossman Tomato & Chilli Pasta Sauce,Loyd Grossman Tomato & Chilli Pasta Sauce350g,£2.99,85.4p per 100g,,food-cupboard
Loyd Grossman Tomato & Chilli Sauce,Loyd Grossman Tomato & Chilli Sauce660g,£3,45.4p per 100g,"Offer price £3, was £4.49",food-cupboard
Loyd Grossman Tomato & Red Wine Pasta Sauce ,Loyd Grossman Tomato & Red Wine Pasta Sauce 350g,£2.99,85.4p per 100g,,food-cupboard
Loyd Grossman Tomato & Roasted Garlic Pasta Sauce,Loyd Grossman Tomato & Roas...350g,£2.99,85.4p per 100g,,food-cupboard
Loyd Grossman Tomato & Smoked Bacon Pasta Sauce,Loyd Grossman Tomato & Sm...350g,£2.99,85.4p per 100g,,food-cupboard
Loyd Grossman Tomato & Sweet Red Pepper Pasta Sauce,Loyd Grossman Tomato & Sweet...350g,£2.99,85.4p per 100g,,food-cupboard
Loyd Grossman White Lasagne Sauce 30% Less Fat,Loyd Grossman White Lasag...440g,£3.49,79.3p per 100g,,food-cupboard
Lucy's Honey Mustard Golden Dressing,Lucy's Honey Mustard Golden Dressing250ml,£2.85,£1.14 per 100ml,,food-cupboard
Lu Le Petit Beurre,Lu Le Petit Beurre167g,£1.25,74.8p per 100g,"Offer price £1.25, was £1.50",food-cupboard
Lu Le Petit Biscotte Crunchy Cinnamon And Brown Sugar Biscuits,Lu Le Petit Biscotte Crunchy Cinnam...200g,£1.25,62.5p per 100g,"Offer price £1.25, was £1.50",food-cupboard
Lu Le Petit Chocolat,Lu Le Petit Chocolat150g,£1.25,83.3p per 100g,"Offer price £1.25, was £1.50",food-cupboard
Lu Le Petit Citron Lemon Flavoured Soft Bakes,Lu Le Petit Citron Lemon Flavoured Soft Bakes140g,£1.25,89.2p per 100g,"Offer price £1.25, was £1.50",food-cupboard
Lykkeberg Lumpfish Caviar,Lykkeberg Lumpfish Caviar50g,£3,£6.00 per 100g,,food-cupboard
Lyle's Black Treacle,Lyle's Black Treacle454g,£1.75,38.5p per 100g,,food-cupboard
Lyle's Golden Syrup,Lyle's Golden Syrup454g,£1.75,38.5p per 100g,,food-cupboard
Lyle's Golden Syrup,Lyle's Golden Syrup907g,£2.50,27.6p per 100g,,food-cupboard
Lyle's Golden Syrup ,Lyle's Golden Syrup 325g,£1,30.8p per 100g,,food-cupboard
Lyle's Golden Syrup,Lyle's Golden Syrup700g,£2.19,31.3p per 100g,,food-cupboard
Lyle's Topping Syrup Maple Flavour,Lyle's Topping Syrup Maple Flavour325g,£1.50,46.1p per 100g,"Offer price £1.50, was £2",food-cupboard
Lyons Rich Tea Biscuits ,Lyons Rich Tea Biscuits 300g,50p,16.7p per 100g,,food-cupboard
M&M's Brownie Large Egg,M&M's Brownie Large Egg222g,£3.25,£1.46 per 100g,,food-cupboard
M&M's Chocolate More To Share Pouch,M&M's Chocolate More To Share Pouch220g,£2.50,£1.14 per 100g,,food-cupboard
M&M's Crispy Chocolate More to Share Pouch Bag,M&M's Crispy Chocolate More to Share Pouch Bag213g,£2.50,£1.17 per 100g,,food-cupboard
M&M's Crispy Milk Chocolate Bites Pouch Bag ,M&M's Crispy Milk Choco...107g,£1.50,£1.40 per 100g,,food-cupboard
M&M's Crunchy Peanut & Milk Chocolate Bites Pouch Bag,M&M's Crunchy Peanut & Milk C...125g,£1.50,£1.20 per 100g,,food-cupboard
M&M's Milk Chocolate Bites Pouch Bag,M&M's Milk Chocolate Bites Pouch Bag125g,£1.50,£1.20 per 100g,,food-cupboard
M&M's Milk Chocolate Easter Shape With Mini Chocolate,M&M's Milk Chocolate Easter S...100g,£2,£2.00 per 100g,,food-cupboard
M&M's Milk Chocolate Speckled Mini Easter Eggs Pouch Bag,M&M's Milk Chocolate Speckled M...80g,£1,£1.25 per 100g,"Offer price £1, was £1.25",food-cupboard
M&M's Peanut Chocolate More to Share Pouch Bag,M&M's Peanut Chocolate More to Share Pouch Bag220g,£2.50,£1.14 per 100g,,food-cupboard
Ma Baker Giant Bar Apple ,Ma Baker Giant Bar Apple 90g,89p,98.9p per 100g,,food-cupboard
Ma Baker Giant Bar Cherry ,Ma Baker Giant Bar Cherry 90g,89p,98.9p per 100g,,food-cupboard
Ma Baker Raspberry Flapjacks Sugar'D Out 4 Pack,Ma Baker Raspberry Flapja...4 x 50g,£2.60,13p per 10g,,food-cupboard
Ma Baker Sugar'D Out Apricot Flapjacks 4 Pack,Ma Baker Sugar'D Out Apricot Flapjacks 4 Pack4 x 50g,£2.60,13p per 10g,,food-cupboard
Mackays Apricot Preserve,Mackays Apricot Preserve340g,£1.50,44.1p per 100g,,food-cupboard
Mackays Blueberry Preserve,Mackays Blueberry Preserve340g,£1.50,44.1p per 100g,,food-cupboard
Mackays Ginger Preserve  ,Mackays Ginger Preserve  340g,£1.50,44.1p per 100g,,food-cupboard
Mackays Rhubarb & Ginger Preserve,Mackays Rhubarb & Ginger Preserve340g,£1.50,44.1p per 100g,,food-cupboard
Mackays Scottish Blackcurrant Preserve,Mackays Scottish Blackcurrant Preserve340g,£1.50,44.1p per 100g,,food-cupboard
Mackays Scottish Raspberry Preserve,Mackays Scottish Raspberry Preserve340g,£1.50,44.1p per 100g,,food-cupboard
Mackays Scottish Strawberry Preserve,Mackays Scottish Strawberry Preserve340g,£1.50,44.1p per 100g,,food-cupboard
Mackays Scottish Three Berry Preserve,Mackays Scottish Three Berry Preserve340g,£1.50,44.1p per 100g,,food-cupboard
Mackays Seedless Bramble Preserve,Mackays Seedless Bramble Preserve340g,£1.50,44.1p per 100g,,food-cupboard
Mackays Seedless Raspberry Preserve,Mackays Seedless Raspberry Preserve340g,£1.99,58.5p per 100g,,food-cupboard
Mackays Seville Orange Marmalade,Mackays Seville Orange Marmalade340g,£1.30,38.2p per 100g,,food-cupboard
Mackays The Dundee Orange Marmalade,Mackays The Dundee Orange Marmalade340g,£1.30,38.2p per 100g,,food-cupboard
Mackays Three Fruit Marmalade,Mackays Three Fruit Marmalade340g,£1.30,38.2p per 100g,,food-cupboard
Mackays Vintage Dundee Orange Marmalade,Mackays Vintage Dundee Orange Marmalade340g,£1.30,38.2p per 100g,,food-cupboard
Madina Ajwa Dates ,Madina Ajwa Dates 200g,£3,£1.50 per 100g,,food-cupboard
Maggi 2 Minute Chicken Flavour Noodles ,Maggi 2 Minute Chicken Flavour Noodles 75g,55p,73.3p per 100g,Buy 3 for £1.20,food-cupboard
Maggi 2 Minute Curry Noodles,Maggi 2 Minute Curry Noodles79g,55p,£6.96 per kg,Buy 3 for £1.20,food-cupboard
Maggi Juicy Chasseur Chicken Herb and Spice Seasoning Mix,Maggi Juicy Chasseur Chicken Herb...38g,£1,26.3p per 10g,,food-cupboard
Maggi Juicy Chicken Cajun Seasoning,Maggi Juicy Chicken Cajun Seasoning38g,£1,£2.63 per 100g,,food-cupboard
Maggi Juicy Chicken Mediterranean,Maggi Juicy Chicken Mediterranean37g,£1,£2.70 per 100g,,food-cupboard
Maggi  Juicy Creamy Butter Chicken Herb and Spice Seasoning Mix,Maggi  Juicy Creamy Butter Chicken He...46g,£1,£2.17 per 100g,,food-cupboard
Maggi Juicy Garlic Chicken Herb and Spice Seasoning Mix,Maggi Juicy Garlic Chicken Herb...30g,£1,33.3p per 10g,,food-cupboard
Maggi Juicy Paprika Chicken Herb and Spice Seasoning Mix,Maggi Juicy Paprika Chicken Her...30g,£1,£3.33 per 100g,,food-cupboard
Maggi Juicy Smoky Piri Piri Chicken Herb and Spice Seasoning Mix,Maggi Juicy Smoky Piri Piri Chicken H...27g,£1,£3.70 per 100g,,food-cupboard
Maggi Juicy Sticky BBQ Chicken Herb and Spice Seasoning Mix,Maggi Juicy Sticky BBQ Chicken He...47g,£1,£2.13 per 100g,,food-cupboard
Maggi Juicy Sweet Chilli Halloumi Herb and Spice Seasoning Mix,Maggi Juicy Sweet Chilli Halloumi H...44g,£1,£2.27 per 100g,,food-cupboard
Maggi Seasoning Liquid,Maggi Seasoning Liquid100ml,£1.25,£1.25 per 100ml,,food-cupboard
Maggi So Juicy Italian Chicken Recipe Mix,Maggi So Juicy Italian Chicken Recipe Mix37g,£1,27p per 10g,,food-cupboard
Maggi So Juicy Mixed Herbs Chicken Recipe Mix,Maggi So Juicy Mixed Herbs Chicken Recipe Mix30g,£1,£3.33 per 100g,,food-cupboard
Maille Hollandaise Sauce ,Maille Hollandaise Sauce 200g,£3,£1.50 per 100g,,food-cupboard
Maille Original Dijon Mustard,Maille Original Dijon Mustard215g,£2.75,£1.28 per 100g,,food-cupboard
Maille Wholegrain Mustard,Maille Wholegrain Mustard210g,£2.75,£1.31 per 100g,,food-cupboard
Malay Nasi Goreng Kit ,Malay Nasi Goreng Kit 165g,£2,£1.21 per 100g,,food-cupboard
Malay Taste Laksa Kit ,Malay Taste Laksa Kit 220g,£2,90.9p per 100g,,food-cupboard
Maldon Sea Salt,Maldon Sea Salt250g,£2.49,99.6p per 100g,,food-cupboard
Maldon Sea Salt Flakes Perfectly Crushed ,Maldon Sea Salt Flakes Perfectly Crushed 55g,£3.50,£6.36 per 100g,,food-cupboard
Malteser Medium Easter Egg 127G,Malteser Medium Easter Egg 127G127g,£1.50,£1.18 per 100g,Save 50p Off Your Next Shop,food-cupboard
Maltesers Biscuits,Maltesers Biscuits110g,£1.55,£1.41 per 100g,,food-cupboard
Maltesers Chocolate Bunny Extra Large Easter Egg,Maltesers Chocolate Bunny E...265g,£5,£1.89 per 100g,,food-cupboard
Maltesers Chocolate Truffles Luxury Easter Egg,Maltesers Chocolate Truffles Luxury Easter Egg286g,£10,£3.50 per 100g,,food-cupboard
Maltesers Dark Core Pouch,Maltesers Dark Core Pouch88g,£1.50,£1.70 per 100g,,food-cupboard
Maltesers Easter Chocolate Bunny,Maltesers Easter Chocolate Bunny,70p,,Buy 2 for £1,food-cupboard
Maltesers Easter Chocolate Mini Bunnies Bag,Maltesers Easter Chocol...58g,£1.25,£2.16 per 100g,Maltesers Easter Egg Bundle for £4,food-cupboard
Maltesers Giant Large Egg,Maltesers Giant Large Egg496g,£10,£2.02 per 100g,,food-cupboard
Maltesers Milk Chocolate & Honeycomb Bites Bag Fairtrade ,Maltesers Milk Chocolate & Honeyc...102g,£1.50,£1.47 per 100g,,food-cupboard
Maltesers Milk Chocolate & Honeycomb Full Size Bags Multipack ,Maltesers Milk Chocolate & Honeycom...3 x 37g,£1.65,£1.49 per 100g,"Offer price £1.65, was £1.95",food-cupboard
Maltesers Milk Chocolate & Honeycomb Funsize Snack Bags Fairtrade,Maltesers Milk Chocolate & Honeycomb...214.5g,£4,£1.86 per 100g,,food-cupboard
Maltesers Milk Chocolate & Honeycomb Gift Box of Chocolates Fairtrade ,Maltesers Milk Chocolate & Honeycomb Gift...310g,£4.25,£1.37 per 100g,,food-cupboard
Maltesers Milk Chocolate & Honeycomb Sharing Pouch Bag,Maltesers Milk Chocolate & Hone...175g,£2.50,£1.43 per 100g,,food-cupboard
Maltesers Orange Bunny ,Maltesers Orange Bunny 29g,70p,£2.41 per 100g,Buy 2 for £1,food-cupboard
Maltesers Teasers Milk Chocolate & Honeycomb Block Bar,Maltesers Teasers Milk Chocolat...100g,£1.50,£1.50 per 100g,,food-cupboard
Maltesers Teasers Milk Chocolate & Honeycomb Block Sharing Bar,Maltesers Teasers Milk Chocolate &...150g,£2,£1.33 per 100g,,food-cupboard
Maltesers Teasers Milk Chocolate Large Easter Egg,Maltesers Teasers Milk Choc...220g,£3.25,£1.48 per 100g,Maltesers Easter Egg Bundle for £4,food-cupboard
Maltesers White Chocolate Mini Bunnies Bag ,Maltesers White Chocola...58g,£1.25,£2.16 per 100g,,food-cupboard
Mama Instant Vermicelli Noodles ,Mama Instant Vermicelli Noodles 225g,£1.85,£8.22 per kg,,food-cupboard
Manomasa Chilli & Honey,Manomasa Chilli & Honey140g,£2,£1.43 per 100g,,food-cupboard
Manomasa Chipotle & Lime ,Manomasa Chipotle & Lime 140g,£2,£1.43 per 100g,,food-cupboard
Maoam Joystixx Sweets Share Bag,Maoam Joystixx Sweets Share Bag140g,£1.25,89.3p per 100g,,food-cupboard
Maoam Mao Mixx Share Bag,Maoam Mao Mixx Share Bag300g,£2.60,86.7p per 100g,,food-cupboard
Maoam Pinballs Sweets Share Bag,Maoam Pinballs Sweets Share Bag140g,£1.25,89.3p per 100g,,food-cupboard
Maoam Stripes Sweets Share Bag,Maoam Stripes Sweets Share Bag140g,£1.25,89.3p per 100g,,food-cupboard
Marigold Engevita B12 Nutritional Yeast Flakes ,Marigold Engevita B12 Nutritional Yeast Flakes 100g,£3.90,£3.90 per 100g,,food-cupboard
Marigold Swiss Vegetable Bouillon Powder,Marigold Swiss Vegetable Bouillon Powder150g,£2.29,£1.53 per 100g,,food-cupboard
Market Street Deli Caramelised Onion Chutney,Market Street Deli Cara...195g,£1.25,64.1p per 100g,,food-cupboard
Market Street Deli Fig & Honey Chutney,Market Street Deli Fig & Honey Chutney195g,£1.25,64.1p per 100g,,food-cupboard
Market Street Deli Habanero Chilli Jam,Market Street Deli Habanero Chilli Jam210g,£1.25,59.5p per 100g,,food-cupboard
Marmite Rice Cakes,Marmite Rice Cakes110g,£1.59,£1.45 per 100g,,food-cupboard
Marmite Spread Yeast Extract,Marmite Spread Yeast Extract500g,£5.85,£1.17 per 100g,,food-cupboard
Marmite Yeast Extract,Marmite Yeast Extract250g,£3.35,£1.34 per 100g,,food-cupboard
"Mars Caramel, Nougat & Milk Chocolate Snack Bars Multipack","Mars Caramel, Nougat & Milk Choco...4 x 39.4g",£1.65,£1.05 per 100g,"Offer price £1.65, was £1.95",food-cupboard
"Mars Caramel, Nougat & Milk Chocolate Snack Bars Multipack","Mars Caramel, Nougat & Milk Choco...8 x 33.8g",£2.50,92.5p per 100g,,food-cupboard
Marshalls Macaroni  ,Marshalls Macaroni  500g,£1.35,£2.70 per kg,,food-cupboard
Marshalls Pasta Spirali,Marshalls Pasta Spirali500g,£1.35,£2.70 per kg,,food-cupboard
Mars Milk Chocolate Large Easter Egg ,Mars Milk Chocolate Large Easter Egg 252g,£3.25,£1.29 per 100g,,food-cupboard
Mars Triple Treat Fruit & Nut Milk Chocolate Snack Bars Multipack,Mars Triple Treat Fruit & Nut Milk Ch...4 x 32g,£1.75,£1.37 per 100g,,food-cupboard
Mars Triple Treat Fruit & Nut Milk Chocolate Snack Bar with Fudge Pieces,Mars Triple Treat Fruit & Nut Milk Chocolat...40g,65p,£1.63 per 100g,,food-cupboard
Maryland Cookies Choc Chip,Maryland Cookies Choc Chip200g,75p,37.5p per 100g,"Offer price 75p, was £1.50",food-cupboard
Maryland Cookies Choc Chip Twin Pack,Maryland Cookies Choc Chip Twin Pack400g,£2,50p per 100g,,food-cupboard
Maryland Cookies Double Chocolate,Maryland Cookies Double Chocolate200g,75p,37.5p per 100g,"Offer price 75p, was £1.50",food-cupboard
Maryland Cookies Minis Choc Chip 6 Mini Bags ,Maryland Cookies Minis Choc Chip 6 Mini Bags 118.8g,£1.20,£1.01 per 100g,,food-cupboard
Maryland Cookies Minis Double Choc 6 Mini Bags,Maryland Cookies Minis Double Choc 6 Mini Bags118.8g,£1.20,£1.01 per 100g,,food-cupboard
Mattessons Smoked Pork Sausage Garlic ,Mattessons Smoked Pork Sausage Garlic 160g,£2,£1.25 per 100g,,food-cupboard
Mattessons Smoked Pork Sausage Original ,Mattessons Smoked Pork Sausage Original 160g,£2,£1.25 per 100g,,food-cupboard
Mattessons Smoked Pork Sausage Original,Mattessons Smoked Pork Sausage Original260g,£2.50,£9.61 per kg,"Offer price £2.50, was £2.85",food-cupboard
Mattessons Smoked Pork Sausage Reduced Fat ,Mattessons Smoked Pork Sausage Reduced Fat 160g,£2,£1.25 per 100g,,food-cupboard
Maynard Bassets Sports Mix,Maynard Bassets Sports Mix130g,£1.25,96.2p per 100g,,food-cupboard
Maynard Bassetts Jelly Babies Easter Chicks Bag,Maynard Bassetts Jelly Babies Easter Chicks Bag165g,75p,45.5p per 100g,"Offer price 75p, was £1",food-cupboard
Maynard Bassett Wine Gums ,Maynard Bassett Wine Gums 130g,£1.25,96.2p per 100g,,food-cupboard
Maynards Bassetts Jelly Babies Berry Mix Sweet Bag,Maynards Bassetts Jelly Bab...165g,£1.25,75.8p per 100g,,food-cupboard
Maynards Bassetts Jelly Babies Carton,Maynards Bassetts Jelly Babies Carton350g,£3,85.7p per 100g,,food-cupboard
Maynards Bassetts Jelly Babies Sweets Bag,Maynards Bassetts Jelly Babies Sweets Bag190g,£1.50,78.9p per 100g,,food-cupboard
Maynards Bassetts Liquorice Allsorts Carton,Maynards Bassetts Liquorice Allsorts Carton350g,£3,85.7p per 100g,,food-cupboard
Maynards Bassetts Liquorice Allsorts Sweets Bag,Maynards Bassetts Liquori...190g,£1.50,78.9p per 100g,,food-cupboard
Maynards Bassetts Murray Mints Bag,Maynards Bassetts Murray Mints Bag193g,£1.25,64.8p per 100g,,food-cupboard
Maynards Bassetts Wine Gums Carton,Maynards Bassetts Wine Gums Carton350g,£3,85.7p per 100g,,food-cupboard
Maynards Fizzy Fish Sweet Bag,Maynards Fizzy Fish Sweet Bag160g,£1.25,78.1p per 100g,,food-cupboard
Maynards Midget Gems Pouch Sweet Bag,Maynards Midget Gems Pouch Sweet Bag160g,£1.25,78.1p per 100g,,food-cupboard
Maynards Sports Mix Sweet Bag,Maynards Sports Mix Sweet Bag190g,£1.50,78.9p per 100g,,food-cupboard
Maynards Wine Gums Sweet Bag,Maynards Wine Gums Sweet Bag190g,£1.50,78.9p per 100g,,food-cupboard
Mazola 100% Pure Rapeseed Oil ,Mazola 100% Pure Rapeseed Oil 1L,£3.50,35p per 100ml,"Offer price £3.50, was £3.99",food-cupboard
Mazola Pure Corn Oil,Mazola Pure Corn Oil1L,£4.75,47.5p per 100ml,,food-cupboard
McCoy's Cheddar & Onion Grab,McCoy's Cheddar & Onion Grab45g,99p,£2.20 per 100g,,food-cupboard
McCoy's Cheddar & Onion Multipack Crisps 6 Pack,McCoy's Cheddar & Onion Multipack Crisps 6 Pack6 x 25g,£2.25,£1.50 per 100g,Buy 2 for £3,food-cupboard
McCoy's Classic Variety Multipack Crisps 6 Pack,McCoy's Classic Variety Multipack Crisps 6 Pack6 x 25g,£2.25,£1.50 per 100g,Buy 2 for £3,food-cupboard
McCoy's Flame Grilled Steak Crisps,McCoy's Flame Grilled Steak Crisps45g,99p,£2.20 per 100g,,food-cupboard
McCoy's Flame Grilled Steak Multipack Crisps 6 Pack,McCoy's Flame Grilled Steak M...6 x 25g,£2.25,£1.50 per 100g,Buy 2 for £3,food-cupboard
McCoy's Ridge Cut Mighty Meaty,McCoy's Ridge Cut Mighty Meaty6 x 25g,£2.25,£1.50 per 100g,Buy 2 for £3,food-cupboard
McCoy's Salt & Malt Vinegar Multipack Crisps 6 Pack,McCoy's Salt & Malt Vinegar M...6 x 25g,£2.25,£1.50 per 100g,Buy 2 for £3,food-cupboard
McCoy's Salt & Vinegar Grab Bag ,McCoy's Salt & Vinegar Grab Bag 45g,99p,£2.20 per 100g,,food-cupboard
McDougalls 30% Whole Grain Plain Flour,McDougalls 30% Whole Grain Plain Flour1kg,£1.65,£1.65 per kg,"Offer price £1.65, was £2",food-cupboard
McDougalls 30% Whole Grain Self Flour,McDougalls 30% Whole Grain Self Flour1kg,£1.65,£1.65 per kg,"Offer price £1.65, was £2",food-cupboard
McDougalls Granules For Thickening,McDougalls Granules For Thickening170g,95p,£5.59 per kg,,food-cupboard
McDougalls Plain Flour,McDougalls Plain Flour1.1kg,£1.65,15p per 100g,,food-cupboard
McDougalls Self Raising Flour,McDougalls Self Raising Flour1.1kg,£1.65,15p per 100g,,food-cupboard
McDougalls Supreme Sponge Premium Self Raising Flour,McDougalls Supreme Sponge Pre...1kg,£2.49,£2.49 per kg,,food-cupboard
McVitie's 6 Pack Iced Gems Fruit Flavour Iced Topped Biscuits,McVitie's 6 Pack Iced Gems Fruit Fl...6 x 23g,£1.25,90.6p per 100g,,food-cupboard
McVitie's Blissfuls Belgian Milk Chocolate & Caramel,McVitie's Blissfuls Belgian Milk Chocolate & Caramel228g,£2,87.7p per 100g,"Offer price £2, was £2.60",food-cupboard
McVitie's Blissfuls Belgian Milk Chocolate & Hazelnut,McVitie's Blissfuls Belgian Milk Chocolate & Hazelnut228g,£2,87.7p per 100g,"Offer price £2, was £2.60",food-cupboard
McVitie's BN 16 Chocolate Flavour Biscuits,McVitie's BN 16 Chocolate Flavour Biscuits285g,£1.25,43.9p per 100g,,food-cupboard
McVitie's BN 16 Vanilla Flavour Biscuits,McVitie's BN 16 Vanilla Flavour Biscuits285g,£1.25,43.9p per 100g,,food-cupboard
Mcvities Caramel Digestives,Mcvities Caramel Digestives250g,£1.99,79.6p per 100g,,food-cupboard
Mcvitie's Club Mint Chocolate 7 Bars,Mcvitie's Club Mint Chocolate 7 Bars161g,£1,62.3p per 100g,"Offer price £1, was £1.75",food-cupboard
Mcvitie's Club Orange Chocolate 7 Bars,Mcvitie's Club Orange Chocolate 7 Bars161g,£1,62.3p per 100g,"Offer price £1, was £1.75",food-cupboard
McVitie's Club Salted Caramel Chocolate Bar,McVitie's Club Salted Caramel Chocolate Bar7 x 161g,£1,8.9p per 100g,"Offer price £1, was £1.75",food-cupboard
McVitie's Dark Chocolate Digestive Biscuits,McVitie's Dark Chocolate Digestive Biscuits266g,£1.50,56.4p per 100g,"Offer price £1.50, was £1.89",food-cupboard
McVitie's Digestives Dark Chocolate,McVitie's Digestives Dark Chocolate400g,£2.25,56.3p per 100g,,food-cupboard
Mcvitie's Digestives Dark Chocolate Twin Pack ,Mcvitie's Digestives Dark Chocolate Twin Pack 2 x 266g,£2.65,49.8p per 100g,,food-cupboard
McVitie's Digestives Milk Chocolate,McVitie's Digestives Milk Chocolate400g,£2.25,56.3p per 100g,,food-cupboard
McVitie's Digestives Milk Chocolate Twin Pack ,McVitie's Digestives Milk Chocolate Twin Pack 2 x 266g,£2.65,49.8p per 100g,,food-cupboard
McVitie's Family Circle Biscuit Variety ,McVitie's Family Circle Biscuit Variety 310g,£2.99,96.5p per 100g,,food-cupboard
McVitie's Fruit Shortcake Biscuits,McVitie's Fruit Shortcake Biscuits200g,£1.49,74.5p per 100g,,food-cupboard
McVitie's Ginger Nuts Biscuits,McVitie's Ginger Nuts Biscuits250g,£1.49,59.6p per 100g,,food-cupboard
McVitie's Gold Bars,McVitie's Gold Bars7 x 128.4g,£1,11.1p per 100g,"Offer price £1, was £1.75",food-cupboard
McVitie's Gold Biscuits Bars,McVitie's Gold Biscuits Bars8 x 22g,£1.50,85.2p per 100g,,food-cupboard
McVitie's Hobnobs Milk Chocolate Biscuits,McVitie's Hobnobs Milk Chocolate Biscuits262g,£1.50,57.2p per 100g,"Offer price £1.50, was £1.89",food-cupboard
McVitie's Hobnobs Milk Chocolate Biscuits,McVitie's Hobnobs Milk Chocolate Biscuits431g,£3,69.6p per 100g,,food-cupboard
McVitie's Hobnobs Milk Chocolate Twin Pack,McVitie's Hobnobs Milk Chocolate Twin Pack2 x 262g,£2.65,50.6p per 100g,,food-cupboard
McVities Hob Nobs Original,McVities Hob Nobs Original255g,£1.49,58.4p per 100g,,food-cupboard
McVitie's Iced Gems Chocolate Multipack Biscuits,McVitie's Iced Gems Chocola...5 x 19g,£1.25,£1.32 per 100g,,food-cupboard
Mcvitie's Jaffa Cakes Jonuts 4 Pack,Mcvitie's Jaffa Cakes Jonuts 4 Pack172g,£1.50,87.4p per 100g,"Offer price £1.50, was £1.99",food-cupboard
McVitie's Jaffa Cakes Original Biscuits 10 Pack,McVitie's Jaffa Cakes Original Biscuits 10 Pack122g,£1.25,£1.02 per 100g,,food-cupboard
McVitie's Jaffa Cakes Original Triple Pack Biscuits 30 Pack,McVitie's Jaffa Cakes Original Tr...30 per pack,£2.75,9.2p each,,food-cupboard
McVitie's Jaffa Cakes Original Twin Pack Biscuits 20 Pack,McVitie's Jaffa Cakes Original Tw...244g,£1.50,61.5p per 100g,"Offer price £1.50, was £1.99",food-cupboard
McVitie's Milk Chocolate Digestive Biscuits,McVitie's Milk Chocolate Digestive Biscuits266g,£1.50,56.4p per 100g,"Offer price £1.50, was £1.89",food-cupboard
Mcvitie's Mini BN Chocolate Flavour,Mcvitie's Mini BN Chocolate Flavour5 x 25g,£1.25,£1.00 per 100g,,food-cupboard
McVitie's Mini BN Strawberry Flavour,McVitie's Mini BN Strawberry Flavour5 x 25g,£1.25,£1.00 per 100g,,food-cupboard
Mcvitie's Original Digestives Biscuits,Mcvitie's Original Digestives Biscuits360g,£1.79,49.7p per 100g,,food-cupboard
Mcvitie's Original Digestive Twin Pack,Mcvitie's Original Digestive Twin Pack720g,£3,41.7p per 100g,,food-cupboard
Mcvities Penguin Milk Chocolate Biscuit Bar,Mcvities Penguin Milk Chocolate Biscuit Bar14 x 344.4g,£2,4.1p per 100g,,food-cupboard
Mcvities Penguin Mint Chocolate Biscuit Bar,Mcvities Penguin Mint Chocolate Biscuit Bar7 x 172g,£1,8.3p per 100g,"Offer price £1, was £1.75",food-cupboard
Mcvitie's Penguin Orange Chocolate Biscuit Bar,Mcvitie's Penguin Orange Chocolate Biscuit Bar7 x 172g,£1,8.3p per 100g,"Offer price £1, was £1.75",food-cupboard
McVitie's Rich Tea Classic Biscuits,McVitie's Rich Tea Classic Biscuits300g,£1.79,59.7p per 100g,,food-cupboard
McVitie's Rich Tea Classic Biscuits Twin Pack,McVitie's Rich Tea Classic Biscuits Twin Pack2 x 300g,£3,50p per 100g,,food-cupboard
Medahuman Energy ,Medahuman Energy 250ml,£2,80p per 100ml,"Offer price £2, was £2.50",food-cupboard
Medahuman Glow,Medahuman Glow250ml,£2,80p per 100ml,"Offer price £2, was £2.50",food-cupboard
Medahuman Night,Medahuman Night250ml,£2,80p per 100ml,"Offer price £2, was £2.50",food-cupboard
Medahuman Recover ,Medahuman Recover 250ml,£2,80p per 100ml,"Offer price £2, was £2.50",food-cupboard
Medahuman Relax ,Medahuman Relax 250ml,£2,80p per 100ml,"Offer price £2, was £2.50",food-cupboard
Melis Capers In Brine,Melis Capers In Brine180g,£1.49,82.8p per 100g,,food-cupboard
Melis Pickled Gherkins (720ml),Melis Pickled Gherkins (720ml)680g,£1.59,23.4p per 100g,,food-cupboard
Mellow Birds Instant Coffee Powder,Mellow Birds Instant Coffee Powder100g,£2.25,£2.25 per 100g,,food-cupboard
Mentos Chewy Dragees Spearmint Rolls,Mentos Chewy Dragees Spearmint Rolls5 x 38g,£1.80,94.7p per 100g,,food-cupboard
Mentos Gum Pure Fresh Cherry Sugar Free Chewing Gum Bottle 50 Pieces,Mentos Gum Pure Fresh Cherry...100g,£2.79,£2.79 per 100g,,food-cupboard
Mentos Gum Pure Fresh Freshmint Sugar Free Chewing Gum Bottle 50 Pieces,Mentos Gum Pure Fresh Freshmi...100g,£2.79,£2.79 per 100g,,food-cupboard
Mentos Gum Pure Fresh Spearmint Sugar Free Chewing Gum Bottle 50 Pieces,Mentos Gum Pure Fresh Spearmi...100g,£2.79,£2.79 per 100g,,food-cupboard
Mentos Gum White Bubble Fresh Sugar Free Chewing Gum Bottle 40 Pieces,Mentos Gum White Bubble Fresh...60g,£1.29,£2.15 per 100g,,food-cupboard
Mentos Gum White Peppermint Sugar Free Chewing Gum Bottle 40 Pieces,Mentos Gum White Peppermint...40 per pack,£1.29,3.2p each,,food-cupboard
Merchant Gourmet Chestnuts Puree,Merchant Gourmet Chestnuts Puree200g,80p,£4.00 per kg,,food-cupboard
Merchant Gourmet Fiery Jamaican Style Pulses & Grains,Merchant Gourmet Fiery Jamaic...250g,£1.50,£6.00 per kg,"Offer price £1.50, was £2",food-cupboard
Merchant Gourmet Grains Rice & Quinoa ,Merchant Gourmet Grains Rice & Quinoa 250g,£2,£8.00 per kg,,food-cupboard
Merchant Gourmet Lentil Madras Curry,Merchant Gourmet Lentil Madras Curry330g,£2.50,£7.58 per kg,"Offer price £2.50, was £3.50",food-cupboard
Merchant Gourmet Lentil Thai Green Curry,Merchant Gourmet Lentil Thai Green Curry330g,£2.50,£7.58 per kg,"Offer price £2.50, was £3.50",food-cupboard
Merchant Gourmet Moreish Mediterranean Grains,Merchant Gourmet Moreish...250g,£1.50,£6.00 per kg,"Offer price £1.50, was £2",food-cupboard
Merchant Gourmet Pesto-Ey Italian - Infused Grains,Merchant Gourmet Pesto-Ey Italian - Infused Grains250g,£2,£8.00 per kg,,food-cupboard
Merchant Gourmet Puy Lentils,Merchant Gourmet Puy Lentils250g,£2,£8.00 per kg,,food-cupboard
Merchant Gourmet Puy Lentils Tomato & Basil,Merchant Gourmet Puy Lentils Tomato & Basil250g,£2,£8.00 per kg,,food-cupboard
Merchant Gourmet Rich Puy Lentil Bolognese,Merchant Gourmet Rich Puy Lentil Bolognese330g,£2.50,£7.58 per kg,"Offer price £2.50, was £3.50",food-cupboard
Merchant Gourmet Spanish Quinoa,Merchant Gourmet Spanish Quinoa250g,£2,£8.00 per kg,,food-cupboard
Merchant Gourmet Spicy Cajun Style Lentils & Red Kidney Beans ,Merchant Gourmet Spicy Cajun Style...250g,£1.50,£6.00 per kg,"Offer price £1.50, was £2",food-cupboard
Merchant Gourmet Spicy Lentil Chilli ,Merchant Gourmet Spicy Lentil Chilli 330g,£2.50,£7.58 per kg,"Offer price £2.50, was £3.50",food-cupboard
Merchant Gourmet Spicy Mexican-Style Grains & Pulses,Merchant Gourmet Spicy Mexica...250g,£1.50,£6.00 per kg,"Offer price £1.50, was £2",food-cupboard
Merchant Gourmet Sun Dried Tomatoes,Merchant Gourmet Sun Dried Tomatoes100g,£1.75,£1.75 per 100g,,food-cupboard
Meridian Chocca Crunchy Chocolate Spread,Meridian Chocca Crunchy Chocolate Spread240g,£2,83.3p per 100g,"Offer price £2, was £3.29",food-cupboard
Meridian Crunchy Almond Butter,Meridian Crunchy Almond Butter170g,£3.45,£2.03 per 100g,,food-cupboard
Meridian Crunchy Cashew Butter,Meridian Crunchy Cashew Butter170g,£3.30,£1.94 per 100g,,food-cupboard
Meridian Crunchy Peanut Butter,Meridian Crunchy Peanut Butter280g,£2.80,£1.00 per 100g,,food-cupboard
Meridian Crunchy Peanut Butter ,Meridian Crunchy Peanut Butter 1kg,£6.50,65p per 100g,,food-cupboard
Meridian Crunchy Peanut Butter,Meridian Crunchy Peanut Butter470g,£3,63.8p per 100g,,food-cupboard
Meridian Smooth Peanut Butter,Meridian Smooth Peanut Butter280g,£2.80,£1.00 per 100g,,food-cupboard
Meridian Smooth Peanut Butter,Meridian Smooth Peanut Butter1kg,£6.50,65p per 100g,,food-cupboard
Meridian Smooth Peanut Butter,Meridian Smooth Peanut Butter470g,£3,63.8p per 100g,,food-cupboard
MezEast Middle Eastern Garlic Toum Sauce,MezEast Middle Eastern Garlic Toum Sauce170ml,£2.30,£1.35 per 100ml,,food-cupboard
MezEast Middle Eastern Harissa Wrap Kit ,MezEast Middle Eastern Harissa Wrap Kit ,£3.69,,,food-cupboard
MezEast Middle Eastern Pomegranate Sauce,MezEast Middle Eastern Pomegranate Sauce170ml,£2.30,£1.35 per 100ml,,food-cupboard
MezEast Middle Eastern Shawarma Wrap Kit ,MezEast Middle Eastern Shawarma Wrap Kit ,£3.69,,,food-cupboard
MezEast Middle Eastern Shish Wrap Kit ,MezEast Middle Eastern Shish Wrap Kit ,£3.69,,,food-cupboard
MezEast Middle Eastern Tahini Sesame Sauce,MezEast Middle Eastern Tahini Sesame Sauce170ml,£2.30,£1.35 per 100ml,,food-cupboard
Milka Yoghurt 100% Alpine Milk Chocolate,Milka Yoghurt 100% Alpine Milk Chocolate100g,£1.09,£1.09 per 100g,,food-cupboard
Milkybar,Milkybar90g,£1.25,£1.39 per 100g,,food-cupboard
Milkybar Buttons Gold Caramel White Chocolate Sharing Bag,Milkybar Buttons Gold Caramel Whi...86g,£1.35,£1.57 per 100g,,food-cupboard
Milkybar Egg Hunt Pack 8 White Chocolate Eggs,Milkybar Egg Hunt Pack 8 White Chocolate Eggs120g,£3,£2.50 per 100g,,food-cupboard
Milkybar Gold Caramel White Chocolate Sharing Bar ,Milkybar Gold Caramel White...85g,£1.25,£1.47 per 100g,,food-cupboard
Milkybar Mini Egg Block,Milkybar Mini Egg Block90g,£1,£1.11 per 100g,"Offer price £1, was £1.25",food-cupboard
Milkybar White Chocolate Bar Pack of 6,Milkybar White Chocolate Bar Pack of 672g,£1.25,£1.74 per 100g,,food-cupboard
Milkybar White Chocolate Giant Buttons Sharing Pouch,Milkybar White Chocolate Gian...94g,£1.35,£1.44 per 100g,,food-cupboard
Milkybar White Chocolate Large Easter Bunny,Milkybar White Chocolate Large Easter Bunny88g,£2,£2.27 per 100g,,food-cupboard
Milkybar White Chocolate Mini Eggs Sharing Pouch,Milkybar White Chocolate Mini Eggs Sharing Pouch80g,£1.25,£1.56 per 100g,,food-cupboard
Milkybar White Chocolate Small Bunny,Milkybar White Chocolate Small Bunny17g,70p,£4.12 per 100g,Buy 2 for £1.20,food-cupboard
Milkyway Biscuits,Milkyway Biscuits108g,£1,92.6p per 100g,,food-cupboard
Milky Way Magic Stars Milk Chocolate Bites Pouch Bag,Milky Way Magic Stars Milk Ch...100g,£1.50,£1.50 per 100g,,food-cupboard
Milky Way Nougat & Milk Chocolate Snack Bars Multipack,Milky Way Nougat & Milk Chocola...6 x 21.5g,£1.65,£1.28 per 100g,"Offer price £1.65, was £1.95",food-cupboard
Milton's Craft Bakers Original Multi-Grain Baked Crackers,Milton's Craft Bakers Original Mu...170g,£1.39,81.8p per 100g,,food-cupboard
Mini Oreo Bags ,Mini Oreo Bags 114g,£1,87.7p per 100g,,food-cupboard
Moma Jumbo Oat Porridge Peanut Butter & Maple Syrup Sachets,Moma Jumbo Oat Porridge Peanut Bu...8 x 35g,£2.75,98.2p per 100g,,food-cupboard
Moma Porridge Raspberry Chia & Pumpkin Seeds Sachets,Moma Porridge Raspberry Chia...8 x 35g,£2.75,98.2p per 100g,,food-cupboard
Monster Munch Roast Beef,Monster Munch Roast Beef6 x 20g,£1.75,£1.46 per 100g,Buy 2 for £3,food-cupboard
M Organic Squeezy Pure Clear Honey,M Organic Squeezy Pure Clear Honey340g,£3.35,98.5p per 100g,,food-cupboard
Mornflake Creamy Superfast Oats,Mornflake Creamy Superfast Oats3kg,£3,10p per 100g,,food-cupboard
"Mornflake Fruit, Nut & Seed No Added Sugar Granola","Mornflake Fruit, Nut & Seed...500g",£2.65,53p per 100g,,food-cupboard
Mornflake Hawaiian Oat Granola,Mornflake Hawaiian Oat Granola500g,£1.89,37.8p per 100g,,food-cupboard
Mornflake Jumbo Oats,Mornflake Jumbo Oats500g,£1,20p per 100g,,food-cupboard
Mornflake Luxury Muesli Fruit & Nut,Mornflake Luxury Muesli Fruit & Nut750g,£2.29,30.5p per 100g,,food-cupboard
Mornflake Mighty Oats Original Heart Healthy Oatbran,Mornflake Mighty Oats Origina...800g,£2.59,32.4p per 100g,,food-cupboard
Mornflake Mighty Oats Scottish Jumbo Oats,Mornflake Mighty Oats Scottish Jumbo Oats1.5kg,£2.80,18.7p per 100g,,food-cupboard
Mornflake Oatmeal Medium,Mornflake Oatmeal Medium750g,£1.60,21.3p per 100g,,food-cupboard
Mornflake Original Oat Granola,Mornflake Original Oat Granola500g,£1.89,37.8p per 100g,,food-cupboard
Mornflake Superfast Oats,Mornflake Superfast Oats2kg,£3.09,15.5p per 100g,,food-cupboard
Morriosons Sticky Toffee Pudding Kit,Morriosons Sticky Toffee Pudding Kit,£2,,,food-cupboard
Morrison Lemon & Coriander Couscous,Morrison Lemon & Coriander Couscous110g,65p,£5.91 per kg,,food-cupboard
Morrisons 100% Crunchy Peanut Butter,Morrisons 100% Crunchy Peanut Butter340g,£1.80,52.9p per 100g,,food-cupboard
Morrisons 100% Smooth Peanut Butter,Morrisons 100% Smooth Peanut Butter340g,£1.80,52.9p per 100g,,food-cupboard
Morrisons 25% Balsamic Vinegar For Cold Dishes,Morrisons 25% Balsamic Vinegar For Cold Dishes250ml,£1.09,£4.36 per litre,,food-cupboard
Morrisons 25cm Cake Board,Morrisons 25cm Cake Board,£1.65,,,food-cupboard
Morrisons All Purpose Seasoning,Morrisons All Purpose Seasoning48g,£1.09,£2.27 per 100g,Buy 2 for £2,food-cupboard
Morrisons Allspice,Morrisons Allspice40g,£1.09,£2.73 per 100g,Buy 2 for £2,food-cupboard
"Morrisons Almond, Fruit & Seed Porridge Breakfast Topper","Morrisons Almond, Fruit & Seed...200g",£1.75,87.5p per 100g,,food-cupboard
Morrisons Almond Fingers   ,Morrisons Almond Fingers   6 per pack,£1.39,23.2p each,,food-cupboard
Morrisons American Mustard ,Morrisons American Mustard 325g,£1.59,48.9p per 100g,,food-cupboard
Morrisons American Pancake Mix,Morrisons American Pancake Mix,£1,,,food-cupboard
Morrisons Anytime Decaff Ground Coffee,Morrisons Anytime Decaff Ground Coffee227g,£2.79,£1.23 per 100g,,food-cupboard
Morrisons Anytime Ground Coffee,Morrisons Anytime Ground Coffee227g,£2.79,£1.23 per 100g,,food-cupboard
Morrisons Apollo,Morrisons Apollo4 x 38g,£1.15,75.7p per 100g,,food-cupboard
Morrisons Apple & Cinnamon Porridge Pot,Morrisons Apple & Cinnamon Porridge Pot55g,59p,£1.07 per 100g,Porridge Pots Bundle - Buy Any 3 For £1.30,food-cupboard
Morrisons Apple & Sultana Bar,Morrisons Apple & Sultana Bar150g,£1.99,£1.33 per 100g,,food-cupboard
Morrisons Apple and Cinnamon Porridge 8 Sachets,Morrisons Apple and Cinna...288g,£1.15,39.9p per 100g,,food-cupboard
Morrisons Apricot Halves in Juice (135g),Morrisons Apricot Halves in Juice (135g)135g,79p,58.5p per 100g,,food-cupboard
Morrisons Apricot Halves in Juice (410g),Morrisons Apricot Halves in Juice (410g)240g,£1.09,45.4p per 100g,,food-cupboard
Morrisons Aromatic Green Tea 40's,Morrisons Aromatic Green Tea 40's80g,£1.65,£2.06 per 100g,Buy 2 for £2,food-cupboard
Morrisons Asian Slaw,Morrisons Asian Slaw340g,£1.79,52.6p per 100g,,food-cupboard
Morrisons Aubergine Mezze ,Morrisons Aubergine Mezze 185g,£1.89,£1.02 per 100g,,food-cupboard
Morrisons Bacon Flavour Instant Noodles,Morrisons Bacon Flavour Instant Noodles85g,55p,£6.47 per kg,,food-cupboard
Morrisons Bacon Grill,Morrisons Bacon Grill300g,£2.09,69.7p per 100g,,food-cupboard
Morrisons Bacon Rashers,Morrisons Bacon Rashers140g,£1.25,89.3p per 100g,Buy 2 for £2,food-cupboard
Morrisons Baked Beans,Morrisons Baked Beans220g,35p,£1.59 per kg,,food-cupboard
Morrisons Baked Beans,Morrisons Baked Beans410g,49p,£1.20 per kg,,food-cupboard
Morrisons Baked Beans,Morrisons Baked Beans4 x 410g,£1.70,£1.04 per kg,,food-cupboard
Morrisons Baked Beans & Sausages,Morrisons Baked Beans & Sausages215g,85p,£3.95 per kg,,food-cupboard
Morrisons Baked Beans & Sausages,Morrisons Baked Beans & Sausages400g,£1.15,£2.88 per kg,,food-cupboard
Morrisons Baking Caramel,Morrisons Baking Caramel400g,£2.99,74.8p per 100g,,food-cupboard
Morrisons Baking Cocoa Powder ,Morrisons Baking Cocoa Powder 250g,£2.39,95.6p per 100g,,food-cupboard
Morrisons Baking Powder,Morrisons Baking Powder160g,£1.35,84.4p per 100g,,food-cupboard
Morrisons Balsamic Glaze         ,Morrisons Balsamic Glaze         250ml,£1.99,£7.96 per litre,,food-cupboard
Morrisons Balti Sauce,Morrisons Balti Sauce500g,£1.19,23.8p per 100g,,food-cupboard
Morrisons Barbecue Seasoning ,Morrisons Barbecue Seasoning 30g,79p,26.3p per 10g,,food-cupboard
Morrisons Basil            ,Morrisons Basil            16g,£1.09,68.1p per 10g,,food-cupboard
Morrisons Basmati & Wild Rice,Morrisons Basmati & Wild Rice500g,£2.95,£5.90 per kg,,food-cupboard
Morrisons Basmati Boil In The Bag Rice,Morrisons Basmati Boil In The Bag Rice4 x 125g,£1.95,39p per 100g,,food-cupboard
Morrisons Basmati Micro Rice,Morrisons Basmati Micro Rice250g,38p,£1.52 per kg,"Offer price 38p, was 49p",food-cupboard
Morrisons Basmati Rice,Morrisons Basmati Rice1kg,£1.75,£1.75 per kg,,food-cupboard
Morrisons Basmati Rice,Morrisons Basmati Rice500g,£1.25,£2.50 per kg,,food-cupboard
Morrisons Basmati Rice,Morrisons Basmati Rice2kg,£3.40,17p per 100g,,food-cupboard
Morrisons Batter Mix,Morrisons Batter Mix128g,45p,£3.52 per kg,,food-cupboard
Morrisons Bay Leaves       ,Morrisons Bay Leaves       3g,£1.09,£3.63 per 10g,Buy 2 for £2,food-cupboard
Morrisons BBQ Hummus Chips,Morrisons BBQ Hummus Chips5 x 20g,£1.15,£1.15 per 100g,,food-cupboard
Morrisons Bbq Sauce,Morrisons Bbq Sauce450g,£1.25,27.8p per 100g,,food-cupboard
Morrisons Bbq Saucers,Morrisons Bbq Saucers70g,£1.25,£1.79 per 100g,Buy 2 for £2,food-cupboard
Morrisons Beef Casserole Sauce Mix ,Morrisons Beef Casserole Sauce Mix 37g,49p,£1.32 per 100g,,food-cupboard
Morrisons Beef Flavour Potato Sticks,Morrisons Beef Flavour Potato Sticks150g,£1.25,83.3p per 100g,Buy 2 for £2,food-cupboard
Morrisons Beef Gravy Granules ,Morrisons Beef Gravy Granules 200g,£1.15,57.5p per 100g,,food-cupboard
Morrisons Beef Gravy Granules ,Morrisons Beef Gravy Granules 500g,£2.49,49.8p per 100g,,food-cupboard
Morrisons Beef Paste,Morrisons Beef Paste75g,55p,73.3p per 100g,,food-cupboard
Morrisons Beef Stew,Morrisons Beef Stew392g,£2.99,76.3p per 100g,,food-cupboard
Morrisons Beef Stock Cubes 12's,Morrisons Beef Stock Cubes 12's120g,89p,74.2p per 100g,,food-cupboard
Morrisons Beef Stock Pot,Morrisons Beef Stock Pot4 x 28g,£1.19,£1.06 per 100g,,food-cupboard
Morrisons Beefy Drink             ,Morrisons Beefy Drink             230g,£2.75,£1.20 per 100g,,food-cupboard
Morrisons Belgian Chocolate Eggs,Morrisons Belgian Chocolate Eggs154g,£3,£1.95 per 100g,"Offer price £3, was £5",food-cupboard
"Morrisons Berries, Coconut & Seeds Breakfast Topper","Morrisons Berries, Coconut & Seeds Breakfast Topper200g",£1.75,87.5p per 100g,,food-cupboard
Morrisons Berry Sponge Puddings,Morrisons Berry Sponge Puddings2 x 105g,£2.09,99.5p per 100g,,food-cupboard
Morrisons Bicarbonate Of Soda Powder,Morrisons Bicarbonate Of Soda Powder180g,£1.55,86.1p per 100g,,food-cupboard
Morrisons Black Bean Cooking Sauce ,Morrisons Black Bean Cooking Sauce 500g,£1.19,23.8p per 100g,,food-cupboard
Morrisons Black Bean Stir Fry Sauce,Morrisons Black Bean Stir Fry Sauce120g,65p,54.2p per 100g,,food-cupboard
Morrisons Blackcurrant Jam,Morrisons Blackcurrant Jam454g,£1.15,25.3p per 100g,,food-cupboard
Morrisons Black Olive Tapenade ,Morrisons Black Olive Tapenade 140g,£1.75,£1.25 per 100g,,food-cupboard
Morrisons Black Onion Seeds,Morrisons Black Onion Seeds45g,£1.09,£2.42 per 100g,Buy 2 for £2,food-cupboard
Morrisons Black Turtle Beans,Morrisons Black Turtle Beans500g,£1.80,£3.60 per kg,,food-cupboard
Morrisons Blue & White Sugar Strands,Morrisons Blue & White Sugar Strands65g,£1.15,£1.77 per 100g,,food-cupboard
Morrisons Bolognese Sauce,Morrisons Bolognese Sauce500g,£1.09,21.8p per 100g,,food-cupboard
Morrisons Bolognese Sauce  ,Morrisons Bolognese Sauce  725g,£1.59,21.9p per 100g,,food-cupboard
Morrisons Bolognese Sauce Mix ,Morrisons Bolognese Sauce Mix 42g,49p,£1.17 per 100g,,food-cupboard
Morrisons Borlotti Beans In Water (400g),Morrisons Borlotti Beans In Water (400g)240g,89p,£3.71 per kg,,food-cupboard
Morrisons Bouquet Garni    ,Morrisons Bouquet Garni    5g,£1.09,£2.18 per 10g,Buy 2 for £2,food-cupboard
Morrisons Bourbon Creams,Morrisons Bourbon Creams300g,75p,25p per 100g,,food-cupboard
Morrisons Bramble Jelly,Morrisons Bramble Jelly454g,£1.15,25.3p per 100g,,food-cupboard
Morrisons Bramley Apple Sauce,Morrisons Bramley Apple Sauce280g,£1.05,37.5p per 100g,,food-cupboard
Morrisons Bramley Apple Sauce,Morrisons Bramley Apple Sauce465g,£1.65,35.5p per 100g,,food-cupboard
Morrisons Bran Flakes,Morrisons Bran Flakes1kg,£1.89,18.9p per 100g,,food-cupboard
Morrisons Bran Flakes ,Morrisons Bran Flakes 625g,£1.29,20.6p per 100g,,food-cupboard
Morrisons Bread & Butter Pudding,Morrisons Bread & Butter Pudding2 x 121g,£2.09,86.4p per 100g,,food-cupboard
Morrisons Breakfast Muffin Mix,Morrisons Breakfast Muffin Mix270g,£1.89,70p per 100g,,food-cupboard
Morrisons Bright Chocolate Dots Decorations,Morrisons Bright Chocol...30g,£1.15,£3.83 per 100g,,food-cupboard
Morrisons Bright Sprinkles,Morrisons Bright Sprinkles80g,£1.15,£1.44 per 100g,,food-cupboard
Morrisons Bright White Piping Tube,Morrisons Bright White Piping Tube120g,£1.59,£1.33 per 100g,,food-cupboard
Morrisons Bright Writing Icing Pack ,Morrisons Bright Writing Icing Pack 76g,£2.15,£2.83 per 100g,,food-cupboard
Morrisons Brown Basmati Rice,Morrisons Brown Basmati Rice1kg,£2.19,£2.19 per kg,,food-cupboard
Morrisons Brown Flour,Morrisons Brown Flour1.5kg,£1.49,99.3p per kg,,food-cupboard
Morrisons Brown Sauce,Morrisons Brown Sauce450g,£1.09,24.2p per 100g,,food-cupboard
Morrisons Bunny Bites,Morrisons Bunny Bites200g,£1.50,75p per 100g,"Offer price £1.50, was £2.50",food-cupboard
Morrisons Burger Pickle,Morrisons Burger Pickle345g,£2.29,66.4p per 100g,,food-cupboard
Morrisons Burger Sauce,Morrisons Burger Sauce270g,£1.25,46.3p per 100g,,food-cupboard
Morrisons Butter Beans In Water (400g),Morrisons Butter Beans In Water (400g)240g,89p,£3.71 per kg,,food-cupboard
Morrisons Butternut Squash Gnocchi,Morrisons Butternut Squash Gnocchi500g,£1.85,37p per 100g,,food-cupboard
Morrisons Caesar Dressing,Morrisons Caesar Dressing260ml,£1.05,40.4p per 100ml,,food-cupboard
Morrisons Canned Coconut Milk ,Morrisons Canned Coconut Milk 400ml,£1,25p per 100ml,,food-cupboard
Morrisons Canned Reduced Fat Coconut Milk,Morrisons Canned Reduced Fat Coconut Milk400ml,£1,25p per 100ml,,food-cupboard
Morrisons Cannellini Beans (390g),Morrisons Cannellini Beans (390g)230g,65p,£2.83 per kg,,food-cupboard
Morrisons Cannellini Beans In Water (400g),Morrisons Cannellini Beans In Water (400g)240g,89p,£3.71 per kg,,food-cupboard
Morrisons Caramel Drip Icing,Morrisons Caramel Drip Icing120g,£2.50,£2.08 per 100g,,food-cupboard
Morrisons Caramel Filled Giant Buttons ,Morrisons Caramel Filled Giant Buttons 110g,£1,90.9p per 100g,,food-cupboard
Morrisons Caramel Rice Cakes,Morrisons Caramel Rice Cakes160g,£1.09,68.1p per 100g,Rice Cakes - Buy Any 3 for £3,food-cupboard
Morrisons Caramel Shortcake Bites,Morrisons Caramel Shortcake Bites20 per pack,£2.49,12.5p each,Buy 2 for £3.50,food-cupboard
Morrisons Carrot & Coriander Soup ,Morrisons Carrot & Coriander Soup 600g,£1.65,27.5p per 100g,,food-cupboard
Morrisons Carrot & Parsnip Soup,Morrisons Carrot & Parsnip Soup400g,85p,21.3p per 100g,,food-cupboard
Morrisons Cauliflower Gnocchi,Morrisons Cauliflower Gnocchi500g,£1.85,37p per 100g,,food-cupboard
Morrisons Cayenne          ,Morrisons Cayenne          48g,£1.09,22.7p per 10g,Buy 2 for £2,food-cupboard
Morrisons Chapatti,Morrisons Chapatti6 per pack,£1.25,20.8p each,,food-cupboard
Morrisons Cheddar Cheese Twists,Morrisons Cheddar Cheese Twists125g,£1.45,£1.16 per 100g,,food-cupboard
Morrisons Cheese and Onion Flavour Crisps Multipack,Morrisons Cheese and Onion Fl...6 x 25g,£1.19,79.3p per 100g,Buy 2 for £2,food-cupboard
Morrisons Cheese Balls,Morrisons Cheese Balls140g,£1.25,89.3p per 100g,Buy 2 for £2,food-cupboard
Morrisons Cheese Curls ,Morrisons Cheese Curls 6 x 15g,£1.29,£1.43 per 100g,Buy 2 for £2,food-cupboard
Morrisons Cheese Puffs,Morrisons Cheese Puffs150g,£1.25,83.3p per 100g,Buy 2 for £2,food-cupboard
Morrisons Cherry & Almond Puddings,Morrisons Cherry & Almond Puddings2 x 105g,£2.09,99.5p per 100g,,food-cupboard
Morrisons Chicken & Ham Paste,Morrisons Chicken & Ham Paste75g,55p,73.3p per 100g,,food-cupboard
Morrisons Chicken And Steak Seasoning Grinder,Morrisons Chicken And Steak Seasoning Grinder50g,£2.89,57.8p per 10g,,food-cupboard
Morrisons Chicken Curry Soup,Morrisons Chicken Curry Soup400g,85p,21.3p per 100g,,food-cupboard
Morrisons Chicken Gravy Granules  ,Morrisons Chicken Gravy Granules  200g,£1.15,57.5p per 100g,,food-cupboard
Morrisons Chicken Gravy Granules,Morrisons Chicken Gravy Granules500g,£2.49,49.8p per 100g,,food-cupboard
Morrisons Chicken In White Sauce,Morrisons Chicken In White Sauce392g,£2.49,63.5p per 100g,,food-cupboard
Morrisons Chicken Korma,Morrisons Chicken Korma392g,£2.49,63.5p per 100g,,food-cupboard
Morrisons Chicken Paste,Morrisons Chicken Paste75g,55p,73.3p per 100g,,food-cupboard
Morrisons Chicken Soup,Morrisons Chicken Soup400g,85p,21.3p per 100g,,food-cupboard
Morrisons Chicken Stock Pot,Morrisons Chicken Stock Pot4 x 28g,£1.19,£1.06 per 100g,,food-cupboard
Morrisons Chicken Tikka Masala,Morrisons Chicken Tikka Masala392g,£2.49,63.5p per 100g,,food-cupboard
Morrisons Chickpeas In Water (400G),Morrisons Chickpeas In Water (400G)240g,89p,37.1p per 100g,,food-cupboard
Morrisons Chilli Con Carne,Morrisons Chilli Con Carne392g,£2.49,63.5p per 100g,,food-cupboard
Morrisons Chilli Con Carne Mix,Morrisons Chilli Con Carne Mix41g,49p,£1.20 per 100g,,food-cupboard
Morrisons Chilli Flakes,Morrisons Chilli Flakes28g,£1.09,38.9p per 10g,Buy 2 for £2,food-cupboard
Morrisons Chinese 5 Spice  ,Morrisons Chinese 5 Spice  34g,£1.09,32.1p per 10g,Buy 2 for £2,food-cupboard
Morrisons Chinese Salt & Pepper Crisps,Morrisons Chinese Salt & Pepper Crisps150g,£1.15,76.7p per 100g,,food-cupboard
Morrisons Chinese Seasoning,Morrisons Chinese Seasoning65g,£1.09,£1.68 per 100g,Buy 2 for £2,food-cupboard
Morrisons Chipotle Paste,Morrisons Chipotle Paste120g,£2.39,£1.99 per 100g,,food-cupboard
Morrisons Chip Seasoning,Morrisons Chip Seasoning80g,£1.09,£1.36 per 100g,Buy 2 for £2,food-cupboard
Morrisons Chip Shop Mushy Peas,Morrisons Chip Shop Mushy Peas400g,59p,£1.48 per kg,,food-cupboard
Morrisons Chip Shop Mushy Peas ,Morrisons Chip Shop Mushy Peas 220g,49p,£2.23 per kg,,food-cupboard
Morrisons Chip Shop Vinegar,Morrisons Chip Shop Vinegar284ml,59p,20.8p per 100ml,,food-cupboard
Morrisons Chive & Onion Twists ,Morrisons Chive & Onion Twists 125g,£1.45,£1.16 per 100g,,food-cupboard
Morrisons Chives           ,Morrisons Chives           4g,£1.09,£2.73 per 10g,Buy 2 for £2,food-cupboard
Morrisons Choc Chip Cookie,Morrisons Choc Chip Cookie230g,72p,31.3p per 100g,,food-cupboard
Morrisons Choco Crackles ,Morrisons Choco Crackles 375g,99p,26.4p per 100g,Buy 2 for £1.80,food-cupboard
Morrisons Choco Hoops,Morrisons Choco Hoops375g,99p,26.4p per 100g,Buy 2 for £1.80,food-cupboard
Morrisons Chocolate & Caramel Writing Icing,Morrisons Chocolate & Caramel Writing Icing76g,£2.15,£2.83 per 100g,,food-cupboard
Morrisons Chocolate & Nut Granola,Morrisons Chocolate & Nut Granola750g,£2.49,33.2p per 100g,,food-cupboard
Morrisons Chocolate Beans,Morrisons Chocolate Beans75g,£1.15,£1.53 per 100g,,food-cupboard
Morrisons Chocolate Brownie Mix ,Morrisons Chocolate Brownie Mix 284g,£1.89,£6.65 per kg,,food-cupboard
Morrisons Chocolate Chunk Cookie Mix,Morrisons Chocolate Chunk Cookie Mix275g,£1.89,68.7p per 100g,,food-cupboard
Morrisons Chocolate Coated Peanuts,Morrisons Chocolate Coated Peanuts175g,£1.25,71.4p per 100g,,food-cupboard
Morrisons Chocolate Coated Raisins,Morrisons Chocolate Coated Raisins175g,£1.25,71.4p per 100g,,food-cupboard
Morrisons Chocolate Crispies Sprinkles,Morrisons Chocolate Crispies Sprinkles44g,£1.15,£2.61 per 100g,,food-cupboard
Morrisons Chocolate Drop Icing,Morrisons Chocolate Drop Icing120g,£2.50,£2.08 per 100g,,food-cupboard
Morrisons Chocolate Dusting,Morrisons Chocolate Dusting70g,99p,£1.41 per 100g,,food-cupboard
Morrisons Chocolate Fudge Cake Kit,Morrisons Chocolate Fudge Cake Kit507g,£1.99,39.3p per 100g,,food-cupboard
Morrisons Chocolate Pudding,Morrisons Chocolate Pudding2 x 105g,£2.09,99.5p per 100g,,food-cupboard
Morrisons Chocolate Salted Caramel Rice Cakes,Morrisons Chocolate Salte...70g,£1.25,£1.79 per 100g,,food-cupboard
Morrisons Chocolate Sponge Mix,Morrisons Chocolate Sponge Mix400g,£1.19,29.8p per 100g,,food-cupboard
Morrisons Chocolate Strand Sprinkles,Morrisons Chocolate Strand Sprinkles70g,£1,£1.43 per 100g,,food-cupboard
Morrisons Chocolate Torte Kit,Morrisons Chocolate Torte Kit,£2,,,food-cupboard
Morrisons Choco Nut Pillows Cereal,Morrisons Choco Nut Pillows Cereal375g,99p,26.4p per 100g,Buy 2 for £1.80,food-cupboard
Morrisons Chopped Almonds,Morrisons Chopped Almonds125g,£2,£1.60 per 100g,,food-cupboard
Morrisons Chopped Apricots ,Morrisons Chopped Apricots 200g,£2.35,£1.18 per 100g,,food-cupboard
Morrisons Chopped Dates,Morrisons Chopped Dates200g,£1.65,82.5p per 100g,,food-cupboard
Morrisons Chopped Hazelnuts,Morrisons Chopped Hazelnuts200g,£2.65,£1.33 per 100g,,food-cupboard
Morrisons Chopped Pork & Ham ,Morrisons Chopped Pork & Ham 300g,£2.05,68.3p per 100g,,food-cupboard
Morrisons Chopped Tomatoes,Morrisons Chopped Tomatoes4 x 400g,£1.70,£1.06 per kg,,food-cupboard
Morrisons Chopped Tomatoes with Garlic & Chilli,Morrisons Chopped Tomatoe...390g,89p,£2.28 per kg,,food-cupboard
Morrisons Chopped Tomatoes with Garlic & Onion,Morrisons Chopped Tomatoe...390g,89p,£2.28 per kg,,food-cupboard
Morrisons Chow Mein Stir Fry Sauce,Morrisons Chow Mein Stir Fry Sauce120g,65p,54.2p per 100g,,food-cupboard
Morrisons Cider Vinegar,Morrisons Cider Vinegar350ml,£1.29,36.9p per 100ml,,food-cupboard
Morrisons Cinnamon Dusting,Morrisons Cinnamon Dusting80g,99p,£1.24 per 100g,,food-cupboard
Morrisons Cinnamon Sticks,Morrisons Cinnamon Sticks13g,£1.09,83.8p per 10g,Buy 2 for £2,food-cupboard
Morrisons Coconut Milk,Morrisons Coconut Milk1L,£1.29,12.9p per 100ml,,food-cupboard
Morrisons Conchiglie,Morrisons Conchiglie500g,95p,£1.90 per kg,Buy 2 for £1.60,food-cupboard
Morrisons Condensed Full Cream Milk,Morrisons Condensed Full Cream Milk397g,£1.15,29p per 100g,,food-cupboard
Morrisons Cooking Salt     ,Morrisons Cooking Salt     1.5kg,£2.29,£1.53 per kg,,food-cupboard
Morrisons Cool Tortilla Chips ,Morrisons Cool Tortilla Chips 180g,99p,55p per 100g,,food-cupboard
Morrisons Coriander Leaf   ,Morrisons Coriander Leaf   10g,£1.09,£1.09 per 10g,Buy 2 for £2,food-cupboard
Morrisons Coriander Seeds,Morrisons Coriander Seeds28g,£1.09,£3.89 per 100g,Buy 2 for £2,food-cupboard
Morrisons Cornflakes,Morrisons Cornflakes500g,£1.29,25.8p per 100g,,food-cupboard
Morrisons Cornflour,Morrisons Cornflour250g,£1.35,54p per 100g,,food-cupboard
Morrisons Cornichons With Dill (350g),Morrisons Cornichons With Dill (350g)190g,£1.79,94.2p per 100g,,food-cupboard
Morrisons Counted Carrot And Coriander Soup,Morrisons Counted Carrot And Coriander Soup400g,75p,18.8p per 100g,,food-cupboard
Morrisons Counted Chickpea And Spinach Soup,Morrisons Counted Chick...400g,75p,18.8p per 100g,,food-cupboard
Morrisons Counted French Dressing,Morrisons Counted French Dressing250ml,£1.15,46p per 100ml,,food-cupboard
Morrisons Counted Honey & Mustard Dressing,Morrisons Counted Honey & Mustard Dressing250ml,£1.15,46p per 100ml,,food-cupboard
Morrisons Crab Paste,Morrisons Crab Paste75g,55p,73.3p per 100g,,food-cupboard
Morrisons Cranberry Sauce,Morrisons Cranberry Sauce200g,£1.09,54.5p per 100g,,food-cupboard
Morrisons Cream Crackers,Morrisons Cream Crackers300g,55p,18.3p per 100g,,food-cupboard
Morrisons Creamed Horseradish,Morrisons Creamed Horseradish180g,£1.15,63.9p per 100g,,food-cupboard
Morrisons Creamed Rice Pudding,Morrisons Creamed Rice Pudding400g,89p,22.3p per 100g,,food-cupboard
Morrisons Cream of Mushroom Soup,Morrisons Cream of Mushroom Soup400g,85p,21.3p per 100g,,food-cupboard
Morrisons Cream of Tomato Soup,Morrisons Cream of Tomato Soup400g,85p,21.3p per 100g,,food-cupboard
Morrisons Creamy Tomato Pasta Bake,Morrisons Creamy Tomato Pasta Bake500g,£1.19,23.8p per 100g,,food-cupboard
Morrisons Crinkle Cut Gherkins (350g),Morrisons Crinkle Cut Gherkins (350g)190g,£1.79,94.2p per 100g,,food-cupboard
Morrisons Crumble Topping Mix ,Morrisons Crumble Topping Mix 227g,65p,£2.86 per kg,,food-cupboard
Morrisons Crunchy Peanut Butter,Morrisons Crunchy Peanut Butter340g,£1.49,43.8p per 100g,,food-cupboard
Morrisons Crunchy Peanut Butter,Morrisons Crunchy Peanut Butter700g,£2.99,42.7p per 100g,,food-cupboard
Morrisons Crushed Ginger,Morrisons Crushed Ginger115g,£1.35,£1.17 per 100g,,food-cupboard
Morrisons Crusty White Bread Mix,Morrisons Crusty White Bread Mix500g,£1.19,£2.38 per kg,,food-cupboard
Morrisons Currants,Morrisons Currants500g,£1.99,39.8p per 100g,,food-cupboard
Morrisons Curry Leaves,Morrisons Curry Leaves2g,£1.09,£5.45 per 10g,Buy 2 for £2,food-cupboard
Morrisons Custard Creams,Morrisons Custard Creams400g,75p,18.8p per 100g,,food-cupboard
Morrisons Dark Chocolate ,Morrisons Dark Chocolate 100g,89p,89p per 100g,,food-cupboard
Morrisons Dark Chocolate Chips ,Morrisons Dark Chocolate Chips 100g,99p,99p per 100g,,food-cupboard
Morrisons Dark Chocolate Rice Cakes,Morrisons Dark Chocolate Rice Cakes102g,£1.25,£1.23 per 100g,,food-cupboard
Morrisons Dark Cooking Chocolate,Morrisons Dark Cooking Chocolate150g,£1.15,76.7p per 100g,,food-cupboard
Morrisons Dark Soy Sauce,Morrisons Dark Soy Sauce150ml,75p,50p per 100ml,,food-cupboard
Morrisons Decaff Full Roast Instant Coffee,Morrisons Decaff Full Roast Instant Coffee200g,£2.25,£1.13 per 100g,"Offer price £2.25, was £3.99",food-cupboard
Morrisons Decaff Tea Bags 80 Pack,Morrisons Decaff Tea Bags 80 Pack232g,£1.39,59.9p per 100g,,food-cupboard
Morrisons Deli Express Tomato & Sesame Seed Crackers,Morrisons Deli Express Tomato...130g,£1.50,£1.15 per 100g,,food-cupboard
Morrisons Desiccated Coconut,Morrisons Desiccated Coconut200g,£1.45,72.5p per 100g,,food-cupboard
Morrisons Dexter Dog Salted Snacks ,Morrisons Dexter Dog Salted Snacks 6 x 15g,£1.29,£1.43 per 100g,Buy 2 for £2,food-cupboard
Morrisons Digestives,Morrisons Digestives400g,71p,17.8p per 100g,,food-cupboard
Morrisons Dijon Mustard,Morrisons Dijon Mustard185g,£1.29,69.7p per 100g,,food-cupboard
Morrisons Dinosaur Biscuit Kit,Morrisons Dinosaur Biscuit Kit273g,£1.89,69.2p per 100g,,food-cupboard
Morrisons Dolly Mix        ,Morrisons Dolly Mix        75g,65p,86.7p per 100g,,food-cupboard
Morrisons Double Chocolate Cupcake Kit,Morrisons Double Chocolate Cupcake Kit302g,£1.99,65.9p per 100g,,food-cupboard
Morrisons Dried Mixed Fruit,Morrisons Dried Mixed Fruit500g,£1.60,32p per 100g,,food-cupboard
Morrisons Dried Pitted Dates ,Morrisons Dried Pitted Dates 500g,£3.15,63p per 100g,,food-cupboard
Morrisons Dried Pitted Prunes ,Morrisons Dried Pitted Prunes 500g,£3.65,73p per 100g,,food-cupboard
Morrisons Drinking Chocolate,Morrisons Drinking Chocolate500g,£2.99,59.8p per 100g,,food-cupboard
Morrisons Dry Roasted Peanuts ,Morrisons Dry Roasted Peanuts 200g,£1.09,54.5p per 100g,,food-cupboard
Morrisons Dumpling Mix,Morrisons Dumpling Mix227g,£1.25,£5.51 per kg,,food-cupboard
Morrisons Easy Cook Brown Long Grain Rice,Morrisons Easy Cook Brown Long Grain Rice1kg,£2.85,£2.85 per kg,,food-cupboard
Morrisons Easy Cook Long Grain Rice,Morrisons Easy Cook Long Grain Rice1kg,£1.50,£1.50 per kg,,food-cupboard
Morrisons Easy Cook Long Grain Rice,Morrisons Easy Cook Long Grain Rice500g,80p,£1.60 per kg,,food-cupboard
Morrisons Easy Cook Long Grain Rice,Morrisons Easy Cook Long Grain Rice2kg,£2.90,£1.45 per kg,,food-cupboard
Morrisons Eat Smart Ready to Serve UHT Custard,Morrisons Eat Smart Ready...500g,99p,19.8p per 100g,,food-cupboard
Morrisons Eat Smart Reduced Fat Evaporated Milk,Morrisons Eat Smart Reduc...410g,59p,14.4p per 100g,"Offer price 59p, was 99p",food-cupboard
Morrisons Egg Fried Micro Rice ,Morrisons Egg Fried Micro Rice 250g,75p,£3.00 per kg,,food-cupboard
Morrisons Egg Hunt Kit,Morrisons Egg Hunt Kit340g,£4,£1.18 per 100g,,food-cupboard
Morrisons Enchilada Kit,Morrisons Enchilada Kit620g,£2.39,38.5p per 100g,,food-cupboard
Morrisons English Mustard,Morrisons English Mustard185g,85p,45.9p per 100g,,food-cupboard
Morrisons Espresso Coffee Bean ,Morrisons Espresso Coffee Bean 227g,£2.79,£1.23 per 100g,,food-cupboard
Morrisons Espresso Ground Coffee,Morrisons Espresso Ground Coffee227g,£2.79,£1.23 per 100g,,food-cupboard
Morrisons Evaporated Milk ,Morrisons Evaporated Milk 170g,45p,26.5p per 100g,"Offer price 45p, was 59p",food-cupboard
Morrisons Everyday Tea Bags 240 Pack,Morrisons Everyday Tea Bags 240 Pack696g,£2.65,38.1p per 100g,,food-cupboard
Morrisons Everyday Tea Bags 40 Pack,Morrisons Everyday Tea Bags 40 Pack116g,75p,64.7p per 100g,,food-cupboard
Morrisons Everyday Tea Bags 80 Pack,Morrisons Everyday Tea Bags 80 Pack232g,£1.29,55.6p per 100g,,food-cupboard
Morrisons Extra Fruity Muesli,Morrisons Extra Fruity Muesli750g,£2.79,37.2p per 100g,,food-cupboard
Morrisons Extra Strong Tea Bags 80 Pack,Morrisons Extra Strong Tea Bags 80 Pack232g,£1.99,85.8p per 100g,,food-cupboard
Morrisons Extra Virgin Olive Oil ,Morrisons Extra Virgin Olive Oil 250ml,£2.19,87.6p per 100ml,,food-cupboard
Morrisons Extra Virgin Olive Oil,Morrisons Extra Virgin Olive Oil1L,£5.15,51.5p per 100ml,,food-cupboard
Morrisons Fad Free Tuna Chunks In Sunflower Oil ,Morrisons Fad Free Tuna Chunks In Sunflower Oil 4 x 145g,£2.99,51.6p per 100g,,food-cupboard
Morrisons Fad Free Tuna Chunks In Sunflower Oil ,Morrisons Fad Free Tuna Chunks In Sunflower Oil 145g,£1.09,75.2p per 100g,,food-cupboard
Morrisons Fairy Cake Kit,Morrisons Fairy Cake Kit230g,£1.49,64.8p per 100g,,food-cupboard
Morrisons Fajita Kit,Morrisons Fajita Kit475g,£2.39,50.3p per 100g,,food-cupboard
Morrisons Fajita Seasoning ,Morrisons Fajita Seasoning 30g,79p,26.3p per 10g,,food-cupboard
Morrisons Farfalle Pasta,Morrisons Farfalle Pasta500g,95p,£1.90 per kg,Buy 2 for £1.60,food-cupboard
Morrisons Fast Action Yeast Sachets ,Morrisons Fast Action Yeast Sachets 56g,£1.45,£2.59 per 100g,,food-cupboard
Morrisons Fibre Bar Chocolate Brownie 6PK,Morrisons Fibre Bar Chocolate Brownie 6PK151g,£1.89,£1.25 per 100g,,food-cupboard
Morrisons Fig Rolls,Morrisons Fig Rolls200g,69p,34.5p per 100g,,food-cupboard
Morrisons Fine Cut Orange Marmalade,Morrisons Fine Cut Orange Marmalade454g,89p,19.6p per 100g,,food-cupboard
Morrisons Fine Egg Noodles ,Morrisons Fine Egg Noodles 250g,£1.15,£4.60 per kg,,food-cupboard
Morrisons Flaked Almonds ,Morrisons Flaked Almonds 150g,£2.69,£1.79 per 100g,,food-cupboard
Morrisons Flower Modelling Paste ,Morrisons Flower Modelling Paste 25g,£2.50,£10.00 per 100g,,food-cupboard
Morrisons Free From Batter Mix,Morrisons Free From Batter Mix100g,75p,75p per 100g,,food-cupboard
Morrisons Free From Spaghetti,Morrisons Free From Spaghetti500g,£1.19,£2.38 per kg,,food-cupboard
Morrisons French Style Ground Coffee,Morrisons French Style Ground Coffee227g,£2.79,£1.23 per 100g,,food-cupboard
Morrisons Frosted Flakes Cereal,Morrisons Frosted Flakes Cereal500g,£1.19,23.8p per 100g,Buy 2 for £1.80,food-cupboard
Morrisons Fruit & Fibre,Morrisons Fruit & Fibre750g,£1.59,21.2p per 100g,,food-cupboard
Morrisons Fruit & Fibre Cereal,Morrisons Fruit & Fibre Cereal500g,£1.29,25.8p per 100g,,food-cupboard
Morrisons Fruit & Nut Muesli,Morrisons Fruit & Nut Muesli750g,£2.79,37.2p per 100g,,food-cupboard
Morrisons Fruit Cocktail In Pear Juice,Morrisons Fruit Cocktail In Pear Juice410g,£1.09,£2.66 per kg,,food-cupboard
Morrisons Fruit Pastilles  ,Morrisons Fruit Pastilles  227g,£1.25,55.1p per 100g,,food-cupboard
Morrisons Fruit Sherbets   ,Morrisons Fruit Sherbets   200g,£1.25,62.5p per 100g,,food-cupboard
Morrisons Fudge Chunks,Morrisons Fudge Chunks100g,£1.65,£1.65 per 100g,,food-cupboard
Morrisons Fudge Chunk Sprinkles,Morrisons Fudge Chunk Sprinkles70g,£1,£1.43 per 100g,,food-cupboard
Morrisons Full Cream Evaporated Milk,Morrisons Full Cream Evaporated Milk410g,59p,14.4p per 100g,"Offer price 59p, was 85p",food-cupboard
Morrisons Full Roast Instant Coffee,Morrisons Full Roast Instant Coffee100g,£1.49,£1.49 per 100g,"Offer price £1.49, was £1.99",food-cupboard
Morrisons Full Roast Instant Coffee,Morrisons Full Roast Instant Coffee200g,£2.25,£1.13 per 100g,"Offer price £2.25, was £3.99",food-cupboard
Morrisons Fusilli,Morrisons Fusilli500g,95p,£1.90 per kg,Buy 2 for £1.60,food-cupboard
Morrisons Garden Peas,Morrisons Garden Peas290g,65p,22.4p per 100g,,food-cupboard
Morrisons Garibaldi ,Morrisons Garibaldi 200g,£1.35,67.5p per 100g,,food-cupboard
Morrisons Garlic & Coriander Naan ,Morrisons Garlic & Coriander Naan 2 per pack,£1.35,67.5p each,,food-cupboard
Morrisons Garlic & Herb Dressing,Morrisons Garlic & Herb Dressing260ml,£1.05,40.4p per 100ml,,food-cupboard
Morrisons Garlic Cloves,Morrisons Garlic Cloves100g,£1.19,£1.19 per 100g,,food-cupboard
Morrisons Garlic Granules  ,Morrisons Garlic Granules  55g,£1.09,19.8p per 10g,Buy 2 for £2,food-cupboard
Morrisons Garlic Mayo ,Morrisons Garlic Mayo 270g,£1.25,46.3p per 100g,,food-cupboard
Morrisons Garlic Pepper,Morrisons Garlic Pepper45g,£1.09,£2.42 per 100g,Buy 2 for £2,food-cupboard
Morrisons Garlic Salt      ,Morrisons Garlic Salt      90g,£1.09,12.1p per 10g,Buy 2 for £2,food-cupboard
Morrisons Garlic Scalloped Crackers,Morrisons Garlic Scalloped Crackers185g,£1.19,64.3p per 100g,,food-cupboard
Morrisons Garlic Seasoning Grinder,Morrisons Garlic Seasoning Grinder50g,£2.89,57.8p per 10g,,food-cupboard
Morrisons Gherkin Burger Slices,Morrisons Gherkin Burger Slices480g,£1.85,38.5p per 100g,,food-cupboard
Morrisons Giant Milk Buttons ,Morrisons Giant Milk Buttons 110g,£1,90.9p per 100g,,food-cupboard
Morrisons Ginger Cake Mix ,Morrisons Ginger Cake Mix 350g,£1.89,54p per 100g,,food-cupboard
Morrisons Ginger Nuts,Morrisons Ginger Nuts300g,75p,25p per 100g,,food-cupboard
Morrisons Ginger Sponge Puddings,Morrisons Ginger Sponge Puddings2 x 105g,£2.09,99.5p per 100g,,food-cupboard
Morrisons Glace Red Cherries,Morrisons Glace Red Cherries200g,£1.65,82.5p per 100g,,food-cupboard
Morrisons Gnocchi,Morrisons Gnocchi500g,£2.25,£4.50 per kg,,food-cupboard
Morrisons Gold Coffee,Morrisons Gold Coffee100g,£2.29,£2.29 per 100g,Buy 2 for £3.50,food-cupboard
Morrisons Gold Decaf Coffee,Morrisons Gold Decaf Coffee100g,£2.29,£2.29 per 100g,Buy 2 for £3.50,food-cupboard
Morrisons Golden Breadcrumbs,Morrisons Golden Breadcrumbs175g,£1.15,65.7p per 100g,,food-cupboard
Morrisons Golden Marzipan,Morrisons Golden Marzipan454g,£1.99,43.8p per 100g,,food-cupboard
Morrisons Golden Syrup,Morrisons Golden Syrup750g,£1.55,20.7p per 100g,,food-cupboard
Morrisons Golden Syrup Porridge ,Morrisons Golden Syrup Porridge 55g,59p,£1.07 per 100g,Porridge Pots Bundle - Buy Any 3 For £1.30,food-cupboard
Morrisons Golden Vegetable Rice,Morrisons Golden Vegetable Rice250g,75p,30p per 100g,,food-cupboard
Morrisons Gold Hundreds And Thousands Sprinkles ,Morrisons Gold Hundreds And Thousands Sprinkles 80g,£1.15,£1.44 per 100g,,food-cupboard
Morrisons Gold Instant Coffee ,Morrisons Gold Instant Coffee 500g,£7.99,£1.60 per 100g,,food-cupboard
Morrisons Gold Instant Coffee,Morrisons Gold Instant Coffee200g,£3.29,£1.65 per 100g,,food-cupboard
Morrisons Grapefruit Segments In Juice,Morrisons Grapefruit Segments In Juice284g,79p,£2.78 per kg,,food-cupboard
Morrisons Grapefruit Segments in Juice (1.25kg),Morrisons Grapefruit Segments in Juice (1.25kg)680g,£2.59,£3.81 per kg,,food-cupboard
"Morrisons Grapefruit Segments in Juice, Drained Weight (540g)",Morrisons Grapefruit Segments in Ju...290g,89p,£3.07 per kg,"Offer price 89p, was £1.19",food-cupboard
Morrisons Grapefruit Segments in Syrup (540g),Morrisons Grapefruit Segments in Syrup (540g)290g,89p,£3.07 per kg,"Offer price 89p, was £1.19",food-cupboard
Morrisons Grapeseed Oil ,Morrisons Grapeseed Oil 500ml,£3.25,65p per 100ml,,food-cupboard
Morrisons Green Pesto,Morrisons Green Pesto190g,£1.25,65.8p per 100g,,food-cupboard
Morrisons Green Pesto Microwave Pasta ,Morrisons Green Pesto Microwave Pasta 200g,£1.25,62.5p per 100g,,food-cupboard
Morrisons Green Thai Paste,Morrisons Green Thai Paste180g,£1.59,88.3p per 100g,,food-cupboard
Morrisons Grilled Mixed Peppers,Morrisons Grilled Mixed Peppers280g,£2.39,85.4p per 100g,,food-cupboard
Morrisons Grissini Mini Breadsticks,Morrisons Grissini Mini Breadsticks100g,£1.05,£1.05 per 100g,,food-cupboard
Morrisons Ground Almonds ,Morrisons Ground Almonds 150g,£2.25,£1.50 per 100g,,food-cupboard
Morrisons Ground Black Pepper ,Morrisons Ground Black Pepper 100g,£2.49,£2.49 per 100g,,food-cupboard
Morrisons Ground Black Pepper,Morrisons Ground Black Pepper25g,£1.15,46p per 10g,,food-cupboard
Morrisons Ground Cardamom,Morrisons Ground Cardamom40g,£1.09,£2.73 per 100g,Buy 2 for £2,food-cupboard
Morrisons Ground Cinnamon  ,Morrisons Ground Cinnamon  37g,£1.09,29.5p per 10g,Buy 2 for £2,food-cupboard
Morrisons Ground Coriander ,Morrisons Ground Coriander 36g,£1.09,30.3p per 10g,Buy 2 for £2,food-cupboard
Morrisons Ground Cumin     ,Morrisons Ground Cumin     33g,£1.09,33p per 10g,Buy 2 for £2,food-cupboard
Morrisons Ground Fenugreek,Morrisons Ground Fenugreek45g,£1.09,£2.42 per 100g,Buy 2 for £2,food-cupboard
Morrisons Ground Ginger    ,Morrisons Ground Ginger    38g,£1.09,28.7p per 10g,Buy 2 for £2,food-cupboard
Morrisons Ground Mace,Morrisons Ground Mace35g,£1.09,£3.11 per 100g,Buy 2 for £2,food-cupboard
Morrisons Ground Mixed Spice ,Morrisons Ground Mixed Spice 28g,£1.09,38.9p per 10g,Buy 2 for £2,food-cupboard
Morrisons Ground Nutmeg    ,Morrisons Ground Nutmeg    50g,£1.09,21.8p per 10g,Buy 2 for £2,food-cupboard
Morrisons Groundnut Oil ,Morrisons Groundnut Oil 500ml,£2.49,49.8p per 100ml,,food-cupboard
Morrisons Ground Smoked Paprika ,Morrisons Ground Smoked Paprika 48g,£1.09,22.7p per 10g,Buy 2 for £2,food-cupboard
Morrisons Ground Turmeric   ,Morrisons Ground Turmeric   45g,£1.09,24.2p per 10g,Buy 2 for £2,food-cupboard
Morrisons Ground White Pepper ,Morrisons Ground White Pepper 100g,£2.50,25p per 10g,,food-cupboard
Morrisons Gummy Mix,Morrisons Gummy Mix175g,£1,57.1p per 100g,,food-cupboard
Morrisons Ham & Beef Paste,Morrisons Ham & Beef Paste75g,55p,73.3p per 100g,,food-cupboard
Morrisons Haricot Beans In Water (400g),Morrisons Haricot Beans In Water (400g)240g,89p,£3.71 per kg,,food-cupboard
Morrisons Harissa Seasoning,Morrisons Harissa Seasoning46g,£1.09,£2.37 per 100g,Buy 2 for £2,food-cupboard
Morrisons Hazelnut Chocolate Spread,Morrisons Hazelnut Chocolate Spread400g,£1.69,42.3p per 100g,,food-cupboard
Morrisons Hazelnuts,Morrisons Hazelnuts200g,£2.49,£1.25 per 100g,Buy 2 for £4,food-cupboard
Morrisons Herbs De Provence,Morrisons Herbs De Provence15g,£1.09,£7.27 per 100g,Buy 2 for £2,food-cupboard
Morrisons High Protein Fusilli Pasta,Morrisons High Protein Fusilli Pasta250g,99p,£3.96 per kg,,food-cupboard
Morrisons Honey & Mustard Dressing,Morrisons Honey & Mustard Dressing250ml,£1.09,43.6p per 100ml,,food-cupboard
Morrisons Honey & Mustard Sauce,Morrisons Honey & Mustard Sauce495g,£1.19,24p per 100g,,food-cupboard
Morrisons Honey Loops,Morrisons Honey Loops375g,£1.29,34.4p per 100g,,food-cupboard
Morrisons Honey Nut Corn Flakes,Morrisons Honey Nut Corn Flakes500g,£1.95,39p per 100g,,food-cupboard
Morrisons Honey Roast Crunchy Peanut Butter ,Morrisons Honey Roast Crunchy Peanut Butter 340g,£1.49,43.8p per 100g,,food-cupboard
Morrisons Honey Roast Peanuts,Morrisons Honey Roast Peanuts200g,£1.65,82.5p per 100g,,food-cupboard
Morrisons Horseradish Sauce,Morrisons Horseradish Sauce180g,£1.15,63.9p per 100g,,food-cupboard
Morrisons Hot Chilli Grinder,Morrisons Hot Chilli Grinder40g,£2.89,72.3p per 10g,,food-cupboard
Morrisons Hot Horseradish Sauce,Morrisons Hot Horseradish Sauce180g,£1.15,63.9p per 100g,,food-cupboard
Morrisons Hot Paprika,Morrisons Hot Paprika40g,£1.09,£2.73 per 100g,Buy 2 for £2,food-cupboard
Morrisons Hundreds And Thousands Sprinkles,Morrisons Hundreds And Thousands Sprinkles80g,£1.15,£1.44 per 100g,,food-cupboard
Morrisons Instant Cheese & Onion Mash,Morrisons Instant Cheese & Onion Mash80g,99p,£12.38 per kg,,food-cupboard
Morrisons Instant Chip Shop Curry Sauce Mix  ,Morrisons Instant Chip Shop Curry Sauce Mix  35g,49p,14p per 10g,,food-cupboard
Morrisons Instant Custard,Morrisons Instant Custard76g,75p,98.7p per 100g,,food-cupboard
Morrisons Instant Hot Chocolate ,Morrisons Instant Hot Chocolate 400g,£2.25,56.3p per 100g,,food-cupboard
Morrisons Instant Malted Drink,Morrisons Instant Malted Drink400g,£1.99,49.8p per 100g,,food-cupboard
Morrisons Instant Mash,Morrisons Instant Mash80g,99p,£12.38 per kg,,food-cupboard
Morrisons Instant Noodles Chicken,Morrisons Instant Noodles Chicken85g,55p,£6.47 per kg,,food-cupboard
Morrisons Instant Potato & Onion Mash,Morrisons Instant Potato & Onion Mash80g,99p,£12.38 per kg,,food-cupboard
Morrisons Italian Breadsticks,Morrisons Italian Breadsticks125g,85p,68p per 100g,,food-cupboard
Morrisons Italian Chopped Tomatoes,Morrisons Italian Chopped Tomatoes400g,45p,£1.13 per kg,,food-cupboard
Morrisons Italian Chopped Tomatoes with Basil,Morrisons Italian Chopped Tomatoes with Basil390g,89p,£2.28 per kg,,food-cupboard
Morrisons Italian Coffee 10 Bags ,Morrisons Italian Coffee 10 Bags 75g,£2.15,£2.87 per 100g,,food-cupboard
Morrisons Italian Coffee Beans    ,Morrisons Italian Coffee Beans    227g,£2.79,£1.23 per 100g,,food-cupboard
Morrisons Italian Plum Tomatoes,Morrisons Italian Plum Tomatoes220g,45p,£2.05 per kg,,food-cupboard
Morrisons Italian Roast & Ground Coffee ,Morrisons Italian Roast & Ground Coffee 227g,£2.79,£1.23 per 100g,,food-cupboard
Morrisons Italian Roast & Ground Coffee,Morrisons Italian Roast & Ground Coffee454g,£4.49,98.9p per 100g,,food-cupboard
Morrisons Italian Sesame Breadsticks,Morrisons Italian Sesame Breadsticks125g,90p,72p per 100g,,food-cupboard
Morrisons Italian Style Seasoning,Morrisons Italian Style Seasoning15g,£1.09,72.7p per 10g,,food-cupboard
Morrisons Italian White Wine Vinegar ,Morrisons Italian White Wine Vinegar 250ml,£2.35,94p per 100ml,,food-cupboard
Morrisons Jaffa Cakes 24 Pack,Morrisons Jaffa Cakes 24 Pack300g,£1.09,36.3p per 100g,,food-cupboard
Morrisons Jalapeno Dirty Fries Crisps,Morrisons Jalapeno Dirty Fries Crisps150g,£1.15,76.7p per 100g,,food-cupboard
Morrisons Jelly Babies,Morrisons Jelly Babies190g,£1.25,65.8p per 100g,,food-cupboard
Morrisons Jelly Fried Eggs,Morrisons Jelly Fried Eggs100g,£1,£1.00 per 100g,"Offer price £1, was £1.50",food-cupboard
Morrisons Jerk Seasoning,Morrisons Jerk Seasoning48g,£1.09,22.7p per 10g,Buy 2 for £2,food-cupboard
Morrisons Korma Curry Paste ,Morrisons Korma Curry Paste 180g,£1.89,£1.05 per 100g,,food-cupboard
Morrisons Korma Sauce ,Morrisons Korma Sauce 500g,£1.19,23.8p per 100g,,food-cupboard
Morrisons Large Metallic Pearls,Morrisons Large Metallic Pearls45g,£1.59,£3.53 per 100g,,food-cupboard
Morrisons Large Salted Peanuts ,Morrisons Large Salted Peanuts 200g,£1.29,64.5p per 100g,,food-cupboard
Morrisons Lasagne Sheets,Morrisons Lasagne Sheets500g,99p,£1.98 per kg,,food-cupboard
Morrisons Leek & Potato Soup,Morrisons Leek & Potato Soup400g,85p,21.3p per 100g,,food-cupboard
Morrisons Lemon & Ginger Zinger 40's,Morrisons Lemon & Ginger Zinger 40's80g,£1.65,£2.06 per 100g,Buy 2 for £2,food-cupboard
Morrisons Lemon Drizzle Cake Kit,Morrisons Lemon Drizzle Cake Kit320g,£1.89,59.1p per 100g,,food-cupboard
Morrisons Lemon Juice,Morrisons Lemon Juice250ml,79p,31.6p per 100ml,,food-cupboard
Morrisons Lentil & Bacon Soup,Morrisons Lentil & Bacon Soup400g,85p,21.3p per 100g,,food-cupboard
Morrisons Light & Mild Olive Oil ,Morrisons Light & Mild Olive Oil 1L,£5.09,50.9p per 100ml,,food-cupboard
Morrisons Lightly Salted Rice Cakes,Morrisons Lightly Salted Rice Cakes100g,£1.09,£1.09 per 100g,Rice Cakes - Buy Any 3 for £3,food-cupboard
Morrisons Lightly Salted Tortilla Chips,Morrisons Lightly Salted Tortilla Chips180g,99p,55p per 100g,,food-cupboard
Morrisons Light Mayonnaise ,Morrisons Light Mayonnaise 750ml,£1.85,24.7p per 100ml,,food-cupboard
Morrisons Light Salad Cream ,Morrisons Light Salad Cream 420g,£1.29,30.7p per 100g,,food-cupboard
Morrisons Light Soy Sauce,Morrisons Light Soy Sauce150ml,75p,50p per 100ml,,food-cupboard
Morrisons Lime Juice,Morrisons Lime Juice250ml,95p,38p per 100ml,,food-cupboard
Morrisons Linguine,Morrisons Linguine500g,95p,£1.90 per kg,Buy 2 for £1.60,food-cupboard
Morrisons Liquorice Allsorts,Morrisons Liquorice Allsorts200g,£1.25,62.5p per 100g,,food-cupboard
Morrisons Llama Mix ,Morrisons Llama Mix 150g,£1,66.7p per 100g,,food-cupboard
Morrisons Load It Brownie Mix ,Morrisons Load It Brownie Mix 395g,£2,50.6p per 100g,,food-cupboard
Morrisons Load It Caramelised Biscuit Blondie Mix,Morrisons Load It Caramelis...445g,£2,44.9p per 100g,,food-cupboard
Morrisons Long Grain Boil In The Bag Rice,Morrisons Long Grain Boil In The Bag Rice4 x 125g,£1.69,£3.38 per kg,,food-cupboard
Morrisons Long Grain Micro Rice ,Morrisons Long Grain Micro Rice 250g,38p,£1.52 per kg,"Offer price 38p, was 49p",food-cupboard
Morrisons Love Heart Sprinkles ,Morrisons Love Heart Sprinkles 55g,£1.15,£2.09 per 100g,,food-cupboard
Morrisons Macaroni,Morrisons Macaroni500g,95p,£1.90 per kg,Buy 2 for £1.60,food-cupboard
Morrisons Macaroni Cheese,Morrisons Macaroni Cheese395g,£1.15,£2.91 per kg,,food-cupboard
Morrisons Mackerel Curry Sauce,Morrisons Mackerel Curry Sauce125g,£1.15,92p per 100g,,food-cupboard
Morrisons Mackerel Fillets In BBQ Sauce,Morrisons Mackerel Fillets In BBQ Sauce125g,£1.15,92p per 100g,,food-cupboard
Morrisons Mackerel Fillets In Brine (125g),Morrisons Mackerel Fillets In Brine (125g)88g,£1.15,£1.31 per 100g,,food-cupboard
Morrisons Mackerel Fillets In Korma Sauce,Morrisons Mackerel Fillets In Korma Sauce125g,£1.15,92p per 100g,,food-cupboard
Morrisons Mackerel Fillets In Olive Oil  (125g),Morrisons Mackerel Fillets In Olive Oil  (125g)90g,£1.15,£1.28 per 100g,,food-cupboard
Morrisons Mackerel Fillets In Red Thai Curry Sauce,Morrisons Mackerel Fillets In Red Thai Curry Sauce125g,£1.15,92p per 100g,,food-cupboard
Morrisons Mackerel Fillets In Smokey BBQ Sauce,Morrisons Mackerel Fillets In Smokey BBQ Sauce125g,£1.15,92p per 100g,,food-cupboard
Morrisons Mackerel Fillets in Spicy Chilli Dressing,Morrisons Mackerel Fillets in Spicy Chilli Dressing125g,£1.15,92p per 100g,,food-cupboard
Morrisons Mackerel Fillets In Spicy Tomato Sauce ,Morrisons Mackerel Fillets In Spicy Tomato Sauce 125g,£1.15,92p per 100g,,food-cupboard
Morrisons Mackerel Fillets in Sunflower Oil  (125g),Morrisons Mackerel Fillets in Sunflower Oil  (125g)90g,£1.15,£1.28 per 100g,,food-cupboard
Morrisons Mackerel Fillets In Tikka Masala Sauce,Morrisons Mackerel Fillets In Tikka Masala Sauce125g,£1.15,92p per 100g,,food-cupboard
Morrisons Mackerel Fillets In Tomato Sauce ,Morrisons Mackerel Fillets In Tomato Sauce 125g,£1.15,92p per 100g,,food-cupboard
Morrisons Mackerel Fillets In Vinaigrette,Morrisons Mackerel Fillets In Vinaigrette125g,£1.15,92p per 100g,,food-cupboard
Morrisons Mackerel Fillets In Water,Morrisons Mackerel Fillets In Water125g,£1.15,92p per 100g,,food-cupboard
Morrisons Mackerel Sweet Chill,Morrisons Mackerel Sweet Chill125g,£1.15,92p per 100g,,food-cupboard
Morrisons Malted Milk Biscuits,Morrisons Malted Milk Biscuits200g,69p,34.5p per 100g,,food-cupboard
Morrisons Malt Vinegar          ,Morrisons Malt Vinegar          568ml,65p,11.4p per 100ml,,food-cupboard
Morrisons Malt Vinegar           ,Morrisons Malt Vinegar           1.14L,£1.29,11.3p per 100ml,,food-cupboard
Morrisons Mandarins In Juice (298g),Morrisons Mandarins In Juice (298g)175g,£1.09,£6.23 per kg,,food-cupboard
Morrisons Mandarins In Syrup (312g),Morrisons Mandarins In Syrup (312g)175g,£1.09,62.3p per 100g,,food-cupboard
Morrisons  Mango & Banana Bar ,Morrisons  Mango & Banana Bar 150g,£1.99,£1.33 per 100g,,food-cupboard
Morrisons Mango Chutney    ,Morrisons Mango Chutney    340g,£2.09,61.5p per 100g,,food-cupboard
Morrisons Maple & Pecan Clusters ,Morrisons Maple & Pecan Clusters 500g,£2.15,43p per 100g,,food-cupboard
Morrisons Marjoram         ,Morrisons Marjoram         9g,£1.09,£1.21 per 10g,Buy 2 for £2,food-cupboard
Morrisons Marrowfat Peas (300g),Morrisons Marrowfat Peas (300g)180g,65p,£3.61 per kg,,food-cupboard
Morrisons Marrowfat Peas With Mint,Morrisons Marrowfat Peas With Mint220g,55p,£2.50 per kg,,food-cupboard
Morrisons Marshmallows,Morrisons Marshmallows200g,£1.25,62.5p per 100g,,food-cupboard
Morrisons Massaman Paste,Morrisons Massaman Paste180g,£2.19,£1.22 per 100g,,food-cupboard
Morrisons Mayonnaise,Morrisons Mayonnaise500ml,£1.19,23.8p per 100ml,,food-cupboard
Morrisons Mayonnaise,Morrisons Mayonnaise750ml,£1.85,24.7p per 100ml,,food-cupboard
Morrisons Meatballs In Tomato Sauce ,Morrisons Meatballs In Tomato Sauce 380g,£1.25,32.9p per 100g,,food-cupboard
Morrisons Meaty Crisps 6 X 25G,Morrisons Meaty Crisps 6 X 25G150g,£1.19,79.3p per 100g,Buy 2 for £2,food-cupboard
Morrisons Mediterranean Couscous,Morrisons Mediterranean Couscous110g,65p,£5.91 per kg,,food-cupboard
Morrisons Medium Curry Powder ,Morrisons Medium Curry Powder 90g,£1.29,14.3p per 10g,,food-cupboard
Morrisons Medium Egg Noodles ,Morrisons Medium Egg Noodles 250g,£1.15,£4.60 per kg,,food-cupboard
Morrisons Meringue Nests,Morrisons Meringue Nests8 per pack,£1.59,19.9p each,,food-cupboard
Morrisons Mexican Chicken & Bean Soup,Morrisons Mexican Chicken & Bean Soup400g,99p,24.8p per 100g,,food-cupboard
Morrisons Mexican Micro Rice ,Morrisons Mexican Micro Rice 250g,75p,£3.00 per kg,,food-cupboard
Morrisons Microwave Rice Medley,Morrisons Microwave Rice Medley220g,75p,£3.41 per kg,,food-cupboard
Morrisons Microwave Whole Grain Rice & Quinoa,Morrisons Microwave Whole...220g,85p,£3.86 per kg,,food-cupboard
Morrisons Microwave Wholegrain Rice Quinoa Tom/Basil ,Morrisons Microwave Wholegrai...220g,85p,£3.86 per kg,,food-cupboard
Morrisons Mighty Malties,Morrisons Mighty Malties625g,£1.15,18.4p per 100g,,food-cupboard
Morrisons Mild Chilli Cooking Sauce,Morrisons Mild Chilli Cooking Sauce500g,£1.19,23.8p per 100g,,food-cupboard
Morrisons Mild Chilli Powder,Morrisons Mild Chilli Powder45g,£1.09,£2.42 per 100g,Buy 2 for £2,food-cupboard
Morrisons Mild Curry Instant Noodles,Morrisons Mild Curry Instant Noodles85g,55p,£6.47 per kg,,food-cupboard
"Morrisons Milk, Dark & White Chocolate Biscuit Assortment","Morrisons Milk, Dark & White Choc...450g",£4.50,£1.00 per 100g,,food-cupboard
Morrisons Milk Chocolate ,Morrisons Milk Chocolate 100g,89p,89p per 100g,,food-cupboard
Morrisons Milk Chocolate Break Multipack,Morrisons Milk Chocolate Break Multipack8 per pack,£1.09,13.6p each,,food-cupboard
Morrisons Milk Chocolate Chips ,Morrisons Milk Chocolate Chips 100g,99p,99p per 100g,,food-cupboard
Morrisons Milk Chocolate Cookies ,Morrisons Milk Chocolate Cookies 200g,£1.20,60p per 100g,,food-cupboard
Morrisons Milk Chocolate Digestives,Morrisons Milk Chocolate Digestives300g,85p,28.3p per 100g,,food-cupboard
Morrisons Milk Chocolate Malted Milk Biscuits,Morrisons Milk Chocolate Malted Milk Biscuits250g,£1.29,51.6p per 100g,,food-cupboard
Morrisons Milk Chocolate Rice Cakes ,Morrisons Milk Chocolate Rice Cakes 102g,£1.25,£1.23 per 100g,,food-cupboard
Morrisons Milk Chocolate Sitting Bunny,Morrisons Milk Chocolate Sitting Bunny100g,£1.50,£1.50 per 100g,,food-cupboard
Morrisons Milk Chocolate Turkish Thins,Morrisons Milk Chocolate Turkish Thins180g,£1.25,69.4p per 100g,,food-cupboard
Morrisons Minced Beef & Onion,Morrisons Minced Beef & Onion392g,£2.75,70.2p per 100g,,food-cupboard
Morrisons Minestrone Soup,Morrisons Minestrone Soup400g,85p,21.3p per 100g,,food-cupboard
Morrisons Mini Cheese Bakes,Morrisons Mini Cheese Bakes7 x 24g,99p,58.9p per 100g,,food-cupboard
Morrisons Mini Jazzies Cake Decorations,Morrisons Mini Jazzies Cake Decorations50g,£1.15,£2.30 per 100g,,food-cupboard
Morrisons Mini Mallows,Morrisons Mini Mallows180g,£1.99,£1.11 per 100g,,food-cupboard
Morrisons Mini Meringue Pieces,Morrisons Mini Meringue Pieces80 per pack,£1.25,1.6p each,,food-cupboard
Morrisons Mini Naan Plain  ,Morrisons Mini Naan Plain  4 per pack,£1,25p each,,food-cupboard
Morrisons Mini Poppadoms,Morrisons Mini Poppadoms70g,£1.25,£1.79 per 100g,Buy 2 for £2,food-cupboard
Morrisons Mint             ,Morrisons Mint             14g,£1.09,77.9p per 10g,Buy 2 for £2,food-cupboard
Morrisons Mint Chocolate Rice Cakes,Morrisons Mint Chocolate Rice Cakes68g,£1.25,£1.84 per 100g,,food-cupboard
Morrisons Mint Humbugs     ,Morrisons Mint Humbugs     200g,£1.25,62.5p per 100g,,food-cupboard
Morrisons Mint Imperials   ,Morrisons Mint Imperials   200g,£1.25,62.5p per 100g,,food-cupboard
Morrisons Mint Jelly,Morrisons Mint Jelly315g,£1.75,55.6p per 100g,,food-cupboard
Morrisons Mint Sauce,Morrisons Mint Sauce180g,69p,38.3p per 100g,,food-cupboard
Morrisons Mixed Beans (300g),Morrisons Mixed Beans (300g)185g,89p,£4.81 per kg,,food-cupboard
Morrisons Mixed Bean Salad (400g),Morrisons Mixed Bean Salad (400g)240g,89p,£3.71 per kg,,food-cupboard
Morrisons Mixed Herbs      ,Morrisons Mixed Herbs      14g,£1.09,77.9p per 10g,Buy 2 for £2,food-cupboard
Morrisons Mixed Mushrooms,Morrisons Mixed Mushrooms280g,£2.39,85.4p per 100g,,food-cupboard
Morrisons Mixed Peel,Morrisons Mixed Peel200g,£1.19,59.5p per 100g,,food-cupboard
Morrisons Mixed Peppercorn Grinder,Morrisons Mixed Peppercorn Grinder40g,£2.50,£6.25 per 100g,,food-cupboard
Morrisons Mixed Pickle (440g),Morrisons Mixed Pickle (440g)242g,£1.39,57.4p per 100g,,food-cupboard
Morrisons Molten Magma 10 Coffee Bags,Morrisons Molten Magma 10 Coffee Bags75g,£2.15,£2.87 per 100g,,food-cupboard
Morrisons Molten Magma Ground Coffee ,Morrisons Molten Magma Ground Coffee 227g,£2.79,£1.23 per 100g,,food-cupboard
Morrisons Muffin Cake Cases,Morrisons Muffin Cake Cases75 per pack,£1.65,2.2p each,,food-cupboard
Morrisons Natural Breadcrumbs,Morrisons Natural Breadcrumbs175g,£1.15,65.7p per 100g,,food-cupboard
Morrisons New Potatoes (300g),Morrisons New Potatoes (300g)195g,99p,£5.08 per kg,,food-cupboard
Morrisons New York Style Caramel & White Chocolate Cookie Mix,Morrisons New York Style Caramel &...300g,£2,66.7p per 100g,,food-cupboard
Morrisons New York Style Chocolate Cookie Mix,Morrisons New York Style Chocolate Cookie Mix300g,£2,66.7p per 100g,,food-cupboard
Morrisons Nice Biscuits,Morrisons Nice Biscuits200g,69p,34.5p per 100g,,food-cupboard
Morrisons No Added Sugar Swiss Style Muesli,Morrisons No Added Sugar Swiss Style Muesli1kg,£2.79,27.9p per 100g,,food-cupboard
Morrisons No Drain Tuna Steak In A Little Spring Water ,Morrisons No Drain Tuna Steak I...3 x 110g,£4,£1.21 per 100g,,food-cupboard
Morrisons Nonpareille Capers 99G,Morrisons Nonpareille Capers 99G99g,£1.55,£1.57 per 100g,,food-cupboard
Morrisons Nougat Whips ,Morrisons Nougat Whips 6 x 22g,£1.15,87.1p per 100g,,food-cupboard
Morrisons Nourish Chilli Chicken High Protein Noodle Pot,Morrisons Nourish Chilli Chicke...70g,£1,£14.29 per kg,,food-cupboard
Morrisons Nourish Katsu Curry High Protein Noodle Pot ,Morrisons Nourish Katsu Curry H...70g,£1,£14.29 per kg,,food-cupboard
Morrisons Oat & Raisin Cookies Mix 275G,Morrisons Oat & Raisin Cookies Mix 275G275g,£1.89,68.7p per 100g,,food-cupboard
Morrisons Oat Nobblies     ,Morrisons Oat Nobblies     300g,75p,25p per 100g,,food-cupboard
Morrisons Olive Oil ,Morrisons Olive Oil 250ml,£1.89,75.6p per 100ml,,food-cupboard
Morrisons Olive Oil ,Morrisons Olive Oil 1L,£5.09,50.9p per 100ml,,food-cupboard
Morrisons Olive Oil Cooking Spray,Morrisons Olive Oil Cooking Spray190ml,£1.70,89.5p per 100ml,,food-cupboard
Morrisons Onion Granules   ,Morrisons Onion Granules   42g,£1.09,26p per 10g,Buy 2 for £2,food-cupboard
Morrisons Onion Gravy Granules  ,Morrisons Onion Gravy Granules  200g,£1.15,57.5p per 100g,,food-cupboard
Morrisons Onion Rings ,Morrisons Onion Rings 6 x 17g,£1.29,£1.26 per 100g,Buy 2 for £2,food-cupboard
Morrisons Onion Rings,Morrisons Onion Rings125g,£1.25,£1.00 per 100g,Buy 2 for £2,food-cupboard
Morrisons Orange And Lemon Slices Sprinkles ,Morrisons Orange And Lemon Slices Sprinkles 50g,£1.15,£2.30 per 100g,,food-cupboard
Morrisons Oregano          ,Morrisons Oregano          12g,£1.09,90.8p per 10g,Buy 2 for £2,food-cupboard
Morrisons Organic Cacao Nibs,Morrisons Organic Cacao Nibs180g,£3.50,£1.94 per 100g,,food-cupboard
Morrisons Organic Cacao Nibs,Morrisons Organic Cacao Nibs100g,£2.15,£2.15 per 100g,,food-cupboard
Morrisons Organic Cacao Powder,Morrisons Organic Cacao Powder,£2.80,,,food-cupboard
Morrisons Organic Cannellini Beans In Water,Morrisons Organic Cannellini Beans In Water400g,£1.05,£2.63 per kg,,food-cupboard
Morrisons Organic Chia Seeds ,Morrisons Organic Chia Seeds 250g,£3.30,£1.32 per 100g,,food-cupboard
Morrisons Organic Chick Peas In Water (400g),Morrisons Organic Chick Peas In Water (400g)246g,£1.05,42.7p per 100g,,food-cupboard
Morrisons Organic Chopped Tomatoes,Morrisons Organic Chopped Tomatoes400g,£1.39,34.8p per 100g,,food-cupboard
Morrisons Organic Ground Coffee,Morrisons Organic Ground Coffee227g,£2.79,£1.23 per 100g,,food-cupboard
Morrisons Organic Maca Powder,Morrisons Organic Maca Powder100g,£2.80,£2.80 per 100g,,food-cupboard
Morrisons Organic Milled Linseeds,Morrisons Organic Milled Linseeds180g,£2.75,£1.53 per 100g,,food-cupboard
Morrisons Organic Muesli ,Morrisons Organic Muesli 500g,£2.50,50p per 100g,,food-cupboard
Morrisons Organic Plain Flour,Morrisons Organic Plain Flour1kg,£1.55,15.5p per 100g,,food-cupboard
Morrisons Organic Quinoa Flakes ,Morrisons Organic Quinoa Flakes 500g,£4.50,90p per 100g,,food-cupboard
Morrisons Organic Red Kidney Beans In Water,Morrisons Organic Red Kidney Beans In Water400g,£1.05,£2.63 per kg,,food-cupboard
Morrisons Organic Self Raising Flour,Morrisons Organic Self Raising Flour1kg,£1.40,14p per 100g,,food-cupboard
Morrisons Organic Spaghetti,Morrisons Organic Spaghetti500g,£1.35,£2.70 per kg,,food-cupboard
Morrisons Organic Spirulina Powder,Morrisons Organic Spirulina Powder100g,£2.80,£2.80 per 100g,,food-cupboard
Morrisons  Organic Wheatgrass Powder,Morrisons  Organic Wheatgrass Powder100g,£2.80,£2.80 per 100g,,food-cupboard
Morrisons Organic Wholewheat Spaghetti ,Morrisons Organic Wholewheat Spaghetti 500g,£1.35,27p per 100g,,food-cupboard
Morrisons Original Oat 10 Sachets,Morrisons Original Oat 10 Sachets270g,£1.19,44.1p per 100g,,food-cupboard
Morrisons Original Oats,Morrisons Original Oats750g,£1.99,26.5p per 100g,,food-cupboard
Morrisons Original Porridge Pot,Morrisons Original Porridge Pot55g,59p,£1.07 per 100g,Porridge Pots Bundle - Buy Any 3 For £1.30,food-cupboard
Morrisons Orzo,Morrisons Orzo500g,£1.39,£2.78 per kg,,food-cupboard
Morrisons Paella Rice,Morrisons Paella Rice500g,£2.29,£4.58 per kg,,food-cupboard
Morrisons Paella Seasoning,Morrisons Paella Seasoning56g,£1.09,£1.95 per 100g,Buy 2 for £2,food-cupboard
Morrisons Panko Breadcrumbs,Morrisons Panko Breadcrumbs150g,£1.99,£1.33 per 100g,,food-cupboard
Morrisons Paprika   ,Morrisons Paprika   45g,£1.09,24.2p per 10g,Buy 2 for £2,food-cupboard
Morrisons Parsley          ,Morrisons Parsley          11g,£1.09,99.1p per 10g,Buy 2 for £2,food-cupboard
Morrisons Passata,Morrisons Passata500g,79p,£1.58 per kg,,food-cupboard
Morrisons Passata With Basil,Morrisons Passata With Basil390g,89p,£2.28 per kg,,food-cupboard
Morrisons Passata with Onion & Garlic,Morrisons Passata with Onion & Garlic390g,89p,£2.28 per kg,,food-cupboard
Morrisons Pastel Writing Icing Pack ,Morrisons Pastel Writing Icing Pack 76g,£2.15,£2.83 per 100g,,food-cupboard
Morrisons Peach Slices In Juice,Morrisons Peach Slices In Juice411g,£1.09,£2.65 per kg,,food-cupboard
Morrisons Peach Slices In Juice (220g),Morrisons Peach Slices In Juice (220g)130g,79p,£6.08 per kg,,food-cupboard
Morrisons Peanut Cookies,Morrisons Peanut Cookies200g,£1.09,54.5p per 100g,,food-cupboard
Morrisons Pear Halves In Juice (410g),Morrisons Pear Halves In Juice (410g)230g,£1.09,£4.74 per kg,,food-cupboard
Morrisons Pear Quarters In Juice (220g),Morrisons Pear Quarters In Juice (220g)125g,79p,£6.32 per kg,,food-cupboard
Morrisons Pecan Nuts,Morrisons Pecan Nuts250g,£4.49,£1.80 per 100g,,food-cupboard
Morrisons Peeled Plum Tomatoes,Morrisons Peeled Plum Tomatoes400g,45p,£1.13 per kg,,food-cupboard
Morrisons Peeled Plum Tomatoes ,Morrisons Peeled Plum Tomatoes 4 x 400g,£1.70,£1.06 per kg,,food-cupboard
Morrisons Penne,Morrisons Penne500g,95p,£1.90 per kg,Buy 2 for £1.60,food-cupboard
Morrisons Peri Peri Mayo,Morrisons Peri Peri Mayo270g,£1.25,46.3p per 100g,,food-cupboard
Morrisons Petit Four Paper Cases ,Morrisons Petit Four Paper Cases 100 per pack,£1.65,1.7p each,,food-cupboard
Morrisons Petits Pois & Carrots (400g),Morrisons Petits Pois & Carrots (400g)265g,£1.29,£4.87 per kg,,food-cupboard
Morrisons Petits Pois (400g),Morrisons Petits Pois (400g)280g,£1.10,£3.93 per kg,,food-cupboard
Morrisons Piccalilli,Morrisons Piccalilli440g,£1.75,39.8p per 100g,,food-cupboard
Morrisons Pickled Onions   (440g),Morrisons Pickled Onions   (440g)225g,95p,42.2p per 100g,,food-cupboard
Morrisons Pickled Sliced Red Onions,Morrisons Pickled Sliced Red Onions365g,£1.75,47.9p per 100g,,food-cupboard
Morrison Spicy Vegetable Couscous 110G,Morrison Spicy Vegetable Couscous 110G110g,65p,£5.91 per kg,,food-cupboard
Morrisons Pilau Micro Rice ,Morrisons Pilau Micro Rice 250g,38p,£1.52 per kg,"Offer price 38p, was 49p",food-cupboard
Morrisons Pimento Stuffed Green Olives In Brine,Morrisons Pimento Stuffed Green Olives In Brine810g,£2.45,30.2p per 100g,,food-cupboard
Morrisons Pimiento-Stuffed Olives (340g),Morrisons Pimiento-Stuffed Olives (340g)190g,£1.19,62.6p per 100g,,food-cupboard
Morrisons Pineapple Chunks In Juice ,Morrisons Pineapple Chunks In Juice 425g,£1.09,£2.56 per kg,,food-cupboard
Morrisons Pineapple Slices in Fruit Juice (227g),Morrisons Pineapple Slices in Fruit Juice (227g)137g,79p,£5.77 per kg,,food-cupboard
Morrisons Pineapple Slices In Juice (425g),Morrisons Pineapple Slices In Juice (425g)260g,£1.09,41.9p per 100g,,food-cupboard
Morrisons Pineapple Upside Down Sponge Puddings,Morrisons Pineapple Upsid...2 x 107g,£2.09,97.7p per 100g,,food-cupboard
Morrisons Pine Nuts,Morrisons Pine Nuts100g,£3.89,£3.89 per 100g,,food-cupboard
Morrisons Pink Sprinkle Mix ,Morrisons Pink Sprinkle Mix 80g,£1.15,£1.44 per 100g,,food-cupboard
Morrisons Piri Piri Seasoning,Morrisons Piri Piri Seasoning48g,£1.09,22.7p per 10g,Buy 2 for £2,food-cupboard
Morrisons Pistachio Kernals,Morrisons Pistachio Kernals100g,£2.39,£2.39 per 100g,,food-cupboard
"Morrisons Pitted Black Olives, Drained Weight","Morrisons Pitted Black Olives, Drained Weight153g",£1.09,71.2p per 100g,,food-cupboard
Morrisons Pitted Black Olives In Brine ,Morrisons Pitted Black Olives In Brine 810g,£2.60,32.1p per 100g,,food-cupboard
Morrisons Pitted Black Olives With Sea Salt,Morrisons Pitted Black Olives With Sea Salt70g,99p,£1.41 per 100g,,food-cupboard
Morrisons Pitted Green Olives (330g),Morrisons Pitted Green Olives (330g)163g,£1.09,66.9p per 100g,,food-cupboard
Morrisons Pitted Green Olives In Brine ,Morrisons Pitted Green Olives In Brine 810g,£2.60,32.1p per 100g,,food-cupboard
Morrisons Pitted Green Olives With Chilli,Morrisons Pitted Green Olives With Chilli70g,99p,£1.41 per 100g,,food-cupboard
Morrisons Pitted Green Olives With Garlic & Thyme,Morrisons Pitted Green Oliv...70g,£1.09,£1.56 per 100g,,food-cupboard
Morrisons Pitted Kalamata Olives,Morrisons Pitted Kalamata Olives240g,£2.40,£1.00 per 100g,,food-cupboard
Morrisons Pizza Base Mix,Morrisons Pizza Base Mix145g,£1.20,£8.28 per kg,,food-cupboard
Morrisons Plain Crumble Mix,Morrisons Plain Crumble Mix450g,£1.19,26.4p per 100g,,food-cupboard
Morrisons Plain Flour,Morrisons Plain Flour500g,55p,£1.10 per kg,,food-cupboard
Morrisons Plain Naan Bread         ,Morrisons Plain Naan Bread         2 per pack,£1.35,67.5p each,,food-cupboard
Morrisons Plain Sponge Mix,Morrisons Plain Sponge Mix400g,£1.19,29.8p per 100g,,food-cupboard
Morrisons Plant Revolution Korma Cooking Sauce,Morrisons Plant Revolutio...490g,75p,15.3p per 100g,,food-cupboard
Morrisons Pomegranate Molasses,Morrisons Pomegranate Molasses210g,£3.69,£17.57 per kg,,food-cupboard
Morrisons Poppadoms Plain ,Morrisons Poppadoms Plain 8 per pack,£1.55,19.4p each,,food-cupboard
Morrisons Poppadoms Spicy  ,Morrisons Poppadoms Spicy  8 per pack,£1.55,19.4p each,,food-cupboard
Morrisons Poppy & Sesame Thins ,Morrisons Poppy & Sesame Thins 150g,£1.09,72.7p per 100g,,food-cupboard
Morrisons Poppy Seeds ,Morrisons Poppy Seeds 100g,£1,£1.00 per 100g,,food-cupboard
Morrisons Pork Luncheon Meat,Morrisons Pork Luncheon Meat300g,£1.99,66.3p per 100g,,food-cupboard
Morrisons Porridge Oats ,Morrisons Porridge Oats 1kg,£1.25,12.5p per 100g,"Offer price £1.25, was £1.29",food-cupboard
Morrisons Prawn Cocktail Flavour Crisps Multipack,Morrisons Prawn Cocktail Flavour Crisps Multipack6 x 25g,£1.19,79.3p per 100g,Buy 2 for £2,food-cupboard
Morrisons Prawn Crackers,Morrisons Prawn Crackers70g,£1.25,£1.79 per 100g,Buy 2 for £2,food-cupboard
Morrisons Premium Ham,Morrisons Premium Ham200g,£1.99,99.5p per 100g,,food-cupboard
Morrisons Premium Ham ,Morrisons Premium Ham 340g,£3.19,93.8p per 100g,,food-cupboard
Morrisons Puffed Wheat,Morrisons Puffed Wheat160g,£1.29,80.6p per 100g,,food-cupboard
Morrisons Pure Camomile Tea Bags 40's,Morrisons Pure Camomile Tea Bags 40's80g,£1.65,£2.06 per 100g,Buy 2 for £2,food-cupboard
Morrisons Pure Clear Honey,Morrisons Pure Clear Honey227g,79p,34.8p per 100g,,food-cupboard
Morrisons Pure Clear Honey,Morrisons Pure Clear Honey454g,£1.75,38.5p per 100g,,food-cupboard
Morrisons Pure Peppermint Tea,Morrisons Pure Peppermint Tea80g,£1.65,£2.06 per 100g,Buy 2 for £2,food-cupboard
Morrisons Pure Set Honey,Morrisons Pure Set Honey454g,£1.75,38.5p per 100g,,food-cupboard
Morrisons Quartered Artichokes,Morrisons Quartered Artichokes280g,£2.39,85.4p per 100g,,food-cupboard
Morrisons Quick Cook Fusilli ,Morrisons Quick Cook Fusilli 500g,95p,19p per 100g,Buy 2 for £1.60,food-cupboard
Morrisons Quinoa,Morrisons Quinoa300g,£2.15,£7.17 per kg,,food-cupboard
Morrisons Rainbow Cupcake Kit ,Morrisons Rainbow Cupcake Kit 282g,£1.89,67p per 100g,,food-cupboard
Morrisons Raisins,Morrisons Raisins1kg,£3.59,£3.59 per kg,,food-cupboard
Morrisons Raisins,Morrisons Raisins500g,£1.99,£3.98 per kg,,food-cupboard
Morrisons Raita,Morrisons Raita195g,£1.79,91.8p per 100g,,food-cupboard
Morrisons Rapeseed Oil 1 Cal Cooking Spray,Morrisons Rapeseed Oil 1 Cal Cooking Spray190ml,£1.70,89.5p per 100ml,,food-cupboard
Morrisons Ras El Hanout Paste,Morrisons Ras El Hanout Paste120g,£2.39,£1.99 per 100g,,food-cupboard
Morrisons Ras El Hanout Seasoning ,Morrisons Ras El Hanout Seasoning 40g,£1.09,£2.73 per 100g,Buy 2 for £2,food-cupboard
Morrisons Raspberry Jam Sponge Puddings,Morrisons Raspberry Jam Sponge Puddings2 x 96g,£2.09,£1.09 per 100g,,food-cupboard
Morrisons Ready Rolled White Icing ,Morrisons Ready Rolled White Icing 450g,£3.15,70p per 100g,,food-cupboard
Morrisons Ready Roll White Icing,Morrisons Ready Roll White Icing500g,£1.65,33p per 100g,,food-cupboard
Morrisons Ready Salted Flavour Crisps Multipack,Morrisons Ready Salted Flavour Crisps Multipack6 x 25g,£1.19,79.3p per 100g,Buy 2 for £2,food-cupboard
Morrisons Ready to Eat Custard Pot,Morrisons Ready to Eat Custard Pot150g,50p,33.3p per 100g,,food-cupboard
Morrisons Ready To Roll Black Icing,Morrisons Ready To Roll Black Icing250g,£1.89,75.6p per 100g,,food-cupboard
Morrisons Ready To Roll Blue Icing,Morrisons Ready To Roll Blue Icing250g,£1.89,75.6p per 100g,,food-cupboard
Morrisons Ready to Roll Icing ,Morrisons Ready to Roll Icing 1kg,£2.25,22.5p per 100g,,food-cupboard
Morrisons Ready To Roll Red Icing,Morrisons Ready To Roll Red Icing250g,£1.89,75.6p per 100g,,food-cupboard
Morrisons Ready To Roll Yellow Icing,Morrisons Ready To Roll Yellow Icing250g,£1.89,75.6p per 100g,,food-cupboard
Morrisons Ready To Serve Custard,Morrisons Ready To Serve Custard500g,£1.15,23p per 100g,,food-cupboard
Morrisons Ready To Serve Custard,Morrisons Ready To Serve Custard1kg,£1.99,19.9p per 100g,,food-cupboard
Morrisons Ready To Serve Custard,Morrisons Ready To Serve Custard400g,85p,21.3p per 100g,,food-cupboard
Morrisons Ready To Use Royal Icing,Morrisons Ready To Use Royal Icing400g,£2.60,65p per 100g,,food-cupboard
Morrisons Red Berry Blush Tea 40 Per Pack,Morrisons Red Berry Blush Tea 40 Per Pack80g,£1.65,£2.06 per 100g,Buy 2 for £2,food-cupboard
Morrisons Red Blue & White Strands,Morrisons Red Blue & White Strands65g,£1.15,£1.77 per 100g,,food-cupboard
Morrisons Red Cabbage (440g),Morrisons Red Cabbage (440g)200g,£1.65,82.5p per 100g,,food-cupboard
Morrisons Red Cabbage (710g),Morrisons Red Cabbage (710g)320g,£2.25,70.3p per 100g,,food-cupboard
Morrisons Redcurrant Jelly,Morrisons Redcurrant Jelly340g,£1.85,54.4p per 100g,,food-cupboard
Morrisons Red Kidney Beans (390g),Morrisons Red Kidney Beans (390g)230g,65p,£2.83 per kg,,food-cupboard
Morrisons Red Kidney Beans (400g),Morrisons Red Kidney Beans (400g)240g,75p,£3.13 per kg,,food-cupboard
Morrisons Red Kidney Beans in Chilli Sauce,Morrisons Red Kidney Beans in Chilli Sauce405g,89p,£2.20 per kg,,food-cupboard
Morrisons Red Label Loose Tea,Morrisons Red Label Loose Tea250g,£1.39,55.6p per 100g,,food-cupboard
Morrisons Red Pesto,Morrisons Red Pesto190g,£1.25,65.8p per 100g,,food-cupboard
Morrisons Red Salmon       ,Morrisons Red Salmon       213g,£3.40,£1.60 per 100g,,food-cupboard
Morrisons Red Thai Cooking Sauce ,Morrisons Red Thai Cooking Sauce 340g,£1.19,35p per 100g,,food-cupboard
Morrisons Red Thai Paste,Morrisons Red Thai Paste180g,£2.19,£1.22 per 100g,,food-cupboard
Morrisons Reduced Fat Basil Pesto,Morrisons Reduced Fat Basil Pesto190g,£1.25,65.8p per 100g,,food-cupboard
Morrisons Reducedfat Peanut Butter,Morrisons Reducedfat Peanut Butter340g,£1.49,43.8p per 100g,,food-cupboard
Morrisons Reduced Salt & Sugar Tomato Ketchup,Morrisons Reduced Salt & Sugar Tomato Ketchup440g,80p,18.2p per 100g,,food-cupboard
Morrisons Reduced Salt Gravy Granules ,Morrisons Reduced Salt Gravy Granules 200g,£1.15,57.5p per 100g,,food-cupboard
Morrisons Red White & Blue Bunting Icing Kit ,Morrisons Red White & Blue Bunting Icing Kit 300g,£3.50,£1.17 per 100g,,food-cupboard
Morrisons Red Wine Vinegar,Morrisons Red Wine Vinegar350ml,£1.29,£3.69 per litre,,food-cupboard
Morrisons Rice Crackles ,Morrisons Rice Crackles 375g,99p,26.4p per 100g,Buy 2 for £1.80,food-cupboard
Morrisons Rice Vinegar     ,Morrisons Rice Vinegar     350ml,£2.39,68.3p per 100ml,,food-cupboard
Morrisons Risotto Rice,Morrisons Risotto Rice500g,£3.39,£6.78 per kg,,food-cupboard
Morrisons Roasted Red Peppers,Morrisons Roasted Red Peppers295g,£2.39,81p per 100g,,food-cupboard
Morrisons Roast Potato Seasoning,Morrisons Roast Potato Seasoning55g,£1.09,£1.98 per 100g,Buy 2 for £2,food-cupboard
Morrisons Roast Red Pepper Soup,Morrisons Roast Red Pepper Soup400g,85p,21.3p per 100g,,food-cupboard
Morrisons Rooibos 80 Tea Bags ,Morrisons Rooibos 80 Tea Bags 200g,£2.55,£1.28 per 100g,,food-cupboard
Morrisons Rose Harissa Paste,Morrisons Rose Harissa Paste115g,£2.25,£1.96 per 100g,,food-cupboard
Morrisons Rosemary         ,Morrisons Rosemary         20g,£1.09,54.5p per 10g,,food-cupboard
Morrisons Rosemary Crackers,Morrisons Rosemary Crackers185g,£1.29,69.7p per 100g,,food-cupboard
Morrisons Sage             ,Morrisons Sage             11g,£1.09,99.1p per 10g,Buy 2 for £2,food-cupboard
Morrisons Sage & Onion Stuffing    ,Morrisons Sage & Onion Stuffing    85g,49p,£5.76 per kg,,food-cupboard
Morrisons Sage & Onion Stuffing Mix,Morrisons Sage & Onion Stuffing Mix170g,65p,£3.82 per kg,,food-cupboard
Morrisons Salad Cream ,Morrisons Salad Cream 420g,£1.29,30.7p per 100g,,food-cupboard
Morrisons Salmon Paste,Morrisons Salmon Paste75g,55p,73.3p per 100g,,food-cupboard
Morrisons Salt & Vinegar Twirls,Morrisons Salt & Vinegar Twirls125g,£1.19,95.2p per 100g,Buy 2 for £2,food-cupboard
Morrisons Salt/Pepper Crackers ,Morrisons Salt/Pepper Crackers 185g,£1.29,69.7p per 100g,,food-cupboard
Morrisons Salt and Vinegar Flavour Crisps Multipack,Morrisons Salt and Vinegar Fl...6 x 25g,£1.19,79.3p per 100g,Buy 2 for £2,food-cupboard
Morrisons Salt and Vinegar Rice Cakes,Morrisons Salt and Vinegar Rice Cakes129g,£1.09,84.5p per 100g,Rice Cakes - Buy Any 3 for £3,food-cupboard
Morrisons Salted Caramel Dusting,Morrisons Salted Caramel Dusting80g,99p,£1.24 per 100g,,food-cupboard
Morrisons Salted Cashews,Morrisons Salted Cashews260g,£3.29,£1.27 per 100g,,food-cupboard
Morrisons Salted Peanuts ,Morrisons Salted Peanuts 200g,£1.09,54.5p per 100g,,food-cupboard
Morrisons Salted Peanuts ,Morrisons Salted Peanuts 450g,£1.65,36.7p per 100g,,food-cupboard
Morrisons Salted Popcorn ,Morrisons Salted Popcorn 100g,£1.15,£1.15 per 100g,,food-cupboard
Morrisons Sandwich Piccalilli,Morrisons Sandwich Piccalilli295g,£1.29,43.7p per 100g,,food-cupboard
Morrisons Sandwich Pickle,Morrisons Sandwich Pickle300g,£1.45,48.3p per 100g,,food-cupboard
Morrisons Sardine & Tomato Paste ,Morrisons Sardine & Tomato Paste 75g,55p,73.3p per 100g,,food-cupboard
Morrisons Sardine Fillets in Tikka Sauce,Morrisons Sardine Fillets in Tikka Sauce100g,99p,99p per 100g,,food-cupboard
Morrisons Sardines In Brine (120g),Morrisons Sardines In Brine (120g)90g,79p,87.8p per 100g,,food-cupboard
Morrisons Sardines in Harissa Sauce,Morrisons Sardines in Harissa Sauce100g,99p,99p per 100g,,food-cupboard
Morrisons Sardines In Sunflower Oil  (120g),Morrisons Sardines In Sunflower Oil  (120g)90g,69p,76.7p per 100g,,food-cupboard
Morrisons Sausage Casserole Sauce,Morrisons Sausage Casserole Sauce500g,£1.19,23.8p per 100g,,food-cupboard
Morrisons Sausage Casserole Sauce Mix ,Morrisons Sausage Casserole Sauce Mix 40g,49p,£1.23 per 100g,,food-cupboard
Morrisons Savers Beef Curry ,Morrisons Savers Beef Curry 392g,£1.25,31.9p per 100g,,food-cupboard
Morrisons Savers Biscuit Assortment,Morrisons Savers Biscuit Assortment700g,£1.49,21.3p per 100g,,food-cupboard
Morrisons Savers Chicken & Vegetable Curry,Morrisons Savers Chicken & Vegetable Curry392g,£1.25,31.9p per 100g,,food-cupboard
Morrisons Savers Chicken In White Sauce,Morrisons Savers Chicken In White Sauce392g,£1.40,35.7p per 100g,,food-cupboard
Morrisons Savers Chilli Con Carne,Morrisons Savers Chilli Con Carne392g,97p,24.7p per 100g,,food-cupboard
Morrisons Savers Chopped Tomatoes in Tomato Juice,Morrisons Savers Chopped To...400g,32p,80p per kg,,food-cupboard
Morrisons Savers Crunchy Peanut Butter,Morrisons Savers Crunchy Peanut Butter340g,£1.15,33.8p per 100g,,food-cupboard
Morrisons Savers Dark Chocolate,Morrisons Savers Dark Chocolate100g,36p,36p per 100g,,food-cupboard
Morrisons Savers Gravy Granules,Morrisons Savers Gravy Granules200g,32p,16p per 100g,,food-cupboard
Morrisons Savers Instant Hot Chocolate Drink,Morrisons Savers Instant Hot Chocolate Drink400g,£1.09,27.3p per 100g,,food-cupboard
Morrisons Savers Instant Mash (H),Morrisons Savers Instant Mash (H)120g,28p,£2.33 per kg,,food-cupboard
Morrisons Savers Marrowfat Peas (300g),Morrisons Savers Marrowfat Peas (300g)180g,59p,£3.28 per kg,,food-cupboard
Morrisons Savers Mayonnaise,Morrisons Savers Mayonnaise500ml,70p,14p per 100ml,,food-cupboard
Morrisons Savers Milk Chocolate,Morrisons Savers Milk Chocolate100g,36p,36p per 100g,,food-cupboard
Morrisons Savers Muesli,Morrisons Savers Muesli1kg,£1.40,14p per 100g,,food-cupboard
Morrisons Savers Mushy Peas,Morrisons Savers Mushy Peas300g,25p,83.3p per kg,,food-cupboard
Morrisons Savers Pasta & Cheese Sauce,Morrisons Savers Pasta & Cheese Sauce100g,36p,£3.60 per kg,,food-cupboard
Morrisons Savers Regular Instant Coffee,Morrisons Savers Regular Instant Coffee100g,83p,83p per 100g,,food-cupboard
Morrisons Savers Sliced Beetroot (340g),Morrisons Savers Sliced Beetroot (340g)215g,52p,24.2p per 100g,,food-cupboard
Morrisons Savers Sultanas,Morrisons Savers Sultanas500g,95p,19p per 100g,,food-cupboard
Morrisons Savers Tea Bags 80's,Morrisons Savers Tea Bags 80's200g,69p,34.5p per 100g,,food-cupboard
Morrisons Savers White Chocolate,Morrisons Savers White Chocolate100g,36p,36p per 100g,,food-cupboard
Morrisons Scone Mix ,Morrisons Scone Mix 300g,89p,29.7p per 100g,,food-cupboard
Morrisons Scottish Rough Oatcakes,Morrisons Scottish Rough Oatcakes250g,90p,36p per 100g,,food-cupboard
Morrisons Sea Salt Grinder,Morrisons Sea Salt Grinder100g,£2.19,£21.90 per kg,,food-cupboard
Morrisons Sea Salt Scalloped Crackers,Morrisons Sea Salt Scalloped Crackers185g,£1.19,64.3p per 100g,,food-cupboard
Morrisons Seedless Raspberry Jam,Morrisons Seedless Raspberry Jam454g,£1.15,25.3p per 100g,,food-cupboard
Morrisons Self Raising Flour,Morrisons Self Raising Flour500g,55p,£1.10 per kg,,food-cupboard
Morrisons Self Raising Flour,Morrisons Self Raising Flour1.5kg,79p,52.7p per kg,,food-cupboard
Morrisons Sesame Seeds,Morrisons Sesame Seeds100g,£1.15,£1.15 per 100g,,food-cupboard
Morrisons Sharing Bread & Butter Pudding,Morrisons Sharing Bread & Butter Pudding450g,£3.75,83.3p per 100g,,food-cupboard
Morrisons Sherbet Lemon,Morrisons Sherbet Lemon180g,£1.25,69.4p per 100g,,food-cupboard
Morrisons Sherry Vinegar   ,Morrisons Sherry Vinegar   350ml,£1.99,56.9p per 100ml,,food-cupboard
Morrisons Shortbread Fingers ,Morrisons Shortbread Fingers 210g,95p,45.2p per 100g,,food-cupboard
Morrisons Short Grain Rice Pudding Rice,Morrisons Short Grain Rice Pudding Rice1kg,£2.99,£2.99 per kg,,food-cupboard
Morrisons Shorties ,Morrisons Shorties 200g,81p,40.5p per 100g,,food-cupboard
Morrisons Shredless Orange Marmalade,Morrisons Shredless Orange Marmalade454g,89p,19.6p per 100g,,food-cupboard
Morrisons Silver & Gold Foil Cupcake Cases,Morrisons Silver & Gold Foil Cupcake Cases30 per pack,£1.50,5p each,,food-cupboard
Morrisons Silverskin Onions (440g),Morrisons Silverskin Onions (440g)225g,95p,42.2p per 100g,,food-cupboard
Morrisons Simmer Sauce Bread Mix  ,Morrisons Simmer Sauce Bread Mix  40g,49p,12.3p per 10g,,food-cupboard
Morrisons Simmer Sauce Cheese Mix  ,Morrisons Simmer Sauce Cheese Mix  30g,49p,16.3p per 10g,,food-cupboard
Morrisons Simmer Sauce Onion Mix  ,Morrisons Simmer Sauce Onion Mix  31g,49p,15.8p per 10g,,food-cupboard
Morrisons Simmer Sauce Parsley Mix ,Morrisons Simmer Sauce Parsley Mix 21g,49p,£2.33 per 100g,,food-cupboard
Morrisons Simply Granola,Morrisons Simply Granola1kg,£2.49,24.9p per 100g,,food-cupboard
Morrisons Skin & Boned Red Salmon ,Morrisons Skin & Boned Red Salmon 170g,£4.25,£2.50 per 100g,,food-cupboard
Morrisons Sliced Beetroot (340g),Morrisons Sliced Beetroot (340g)215g,£1.19,55.3p per 100g,,food-cupboard
Morrisons Sliced Black Olives (240g),Morrisons Sliced Black Olives (240g)120g,£1.09,90.8p per 100g,,food-cupboard
Morrisons Sliced Jalapenos ,Morrisons Sliced Jalapenos 210g,£1.29,61.4p per 100g,,food-cupboard
Morrisons  Sliced Mushrooms In Water (290g),Morrisons  Sliced Mushr...142g,£1.09,£7.68 per kg,,food-cupboard
Morrisons Small Processed Peas In Water (300g),Morrisons Small Processed...180g,65p,£3.61 per kg,,food-cupboard
Morrisons Smoky BBQ Fajita Kit,Morrisons Smoky BBQ Fajita Kit475g,£2.39,50.3p per 100g,,food-cupboard
Morrisons Smooth Peanut Butter,Morrisons Smooth Peanut Butter700g,£2.99,42.7p per 100g,,food-cupboard
Morrisons Smooth Peanut Butter,Morrisons Smooth Peanut Butter340g,£1.49,43.8p per 100g,,food-cupboard
Morrisons Soft Apricots,Morrisons Soft Apricots250g,£2.65,£1.06 per 100g,,food-cupboard
Morrisons Soft Pitted Prunes,Morrisons Soft Pitted Prunes1kg,£6.25,62.5p per 100g,,food-cupboard
Morrisons Soft Raisin Mix ,Morrisons Soft Raisin Mix 200g,£1.99,99.5p per 100g,,food-cupboard
Morrisons Sour Cream & Onion Party Mix,Morrisons Sour Cream & Onion Party Mix150g,£1.15,76.7p per 100g,,food-cupboard
Morrisons Southern Fried Seasoning,Morrisons Southern Fried Seasoning48g,£1.09,22.7p per 10g,Buy 2 for £2,food-cupboard
Morrisons Spaghetti,Morrisons Spaghetti500g,95p,£1.90 per kg,Buy 2 for £1.60,food-cupboard
Morrisons Spaghetti Bolognese,Morrisons Spaghetti Bolognese395g,95p,£2.41 per kg,,food-cupboard
Morrisons Spaghetti in Tomato Sauce,Morrisons Spaghetti in Tomato Sauce395g,49p,£1.24 per kg,,food-cupboard
Morrisons Spaghetti Loops in Tomato Sauce,Morrisons Spaghetti Loops in Tomato Sauce210g,39p,£1.86 per kg,,food-cupboard
Morrisons Spaghetti Loops in Tomato Sauce,Morrisons Spaghetti Loops in Tomato Sauce395g,49p,£1.24 per kg,,food-cupboard
Morrisons Spaghetti Rings with Sausages in Tomato Sauce,Morrisons Spaghetti Rings with...395g,95p,£2.41 per kg,,food-cupboard
Morrisons Special Flakes,Morrisons Special Flakes500g,£1.99,39.8p per 100g,,food-cupboard
Morrisons Spicy Tomato & Pepper Microwave Pasta ,Morrisons Spicy Tomato & Pepper Microwave Pasta 200g,£1.25,62.5p per 100g,,food-cupboard
Morrisons Spinach & Ricotta Filled Gnocchi,Morrisons Spinach & Ricotta Filled Gnocchi400g,£1.85,46.3p per 100g,,food-cupboard
Morrisons Spinach Penne Pasta,Morrisons Spinach Penne Pasta250g,75p,£3.00 per kg,,food-cupboard
Morrisons Spirali,Morrisons Spirali500g,95p,£1.90 per kg,Buy 2 for £1.60,food-cupboard
Morrisons Sponge Fingers,Morrisons Sponge Fingers175g,£1.15,65.7p per 100g,,food-cupboard
Morrisons Spotted Dick Pudding,Morrisons Spotted Dick Pudding2 x 105g,£2.09,99.5p per 100g,,food-cupboard
Morrisons Squeezy Acacia Honey,Morrisons Squeezy Acacia Honey340g,£2.35,69.1p per 100g,,food-cupboard
Morrisons Squeezy Burger Relish,Morrisons Squeezy Burger Relish310g,£1.79,57.7p per 100g,,food-cupboard
Morrisons Squeezy Light Mayonnaise,Morrisons Squeezy Light Mayonnaise450ml,£1.09,24.2p per 100ml,,food-cupboard
Morrisons Squeezy Mayonnaise,Morrisons Squeezy Mayonnaise450ml,£1.15,25.6p per 100ml,,food-cupboard
Morrisons Squeezy Pure Honey,Morrisons Squeezy Pure Honey454g,£2.59,57p per 100g,,food-cupboard
Morrisons Squeezy Sweetcorn Relish,Morrisons Squeezy Sweetcorn Relish300g,£1.79,59.7p per 100g,,food-cupboard
Morrisons Star Anise       ,Morrisons Star Anise       16g,£1.09,68.1p per 10g,Buy 2 for £2,food-cupboard
Morrisons Steak Seasoning,Morrisons Steak Seasoning55g,£1.09,19.8p per 10g,Buy 2 for £2,food-cupboard
Morrisons Stem Ginger in Syrup,Morrisons Stem Ginger in Syrup350g,£3.39,96.9p per 100g,,food-cupboard
Morrisons Stewed Steak,Morrisons Stewed Steak392g,£3.35,85.5p per 100g,,food-cupboard
Morrisons Sticky Toffee Puddings,Morrisons Sticky Toffee Puddings2 x 105g,£2.09,99.5p per 100g,,food-cupboard
Morrisons Stir Fry Oil ,Morrisons Stir Fry Oil 250ml,£2.19,87.6p per 100ml,,food-cupboard
Morrisons Strawberry & Banana Bar,Morrisons Strawberry & Banana Bar150g,£1.99,£1.33 per 100g,,food-cupboard
Morrisons Strawberry & Raspberry Clusters ,Morrisons Strawberry & Raspberry Clusters 500g,£2.15,43p per 100g,,food-cupboard
Morrisons Strawberry Bon Bons,Morrisons Strawberry Bon Bons200g,£1.25,62.5p per 100g,,food-cupboard
Morrisons Strawberry Granola,Morrisons Strawberry Granola1kg,£2.49,24.9p per 100g,,food-cupboard
Morrisons Strawberry Jam,Morrisons Strawberry Jam454g,£1.15,25.3p per 100g,,food-cupboard
Morrisons Strawberry Laces,Morrisons Strawberry Laces65g,65p,£1.00 per 100g,,food-cupboard
Morrisons Strawberry Pencils,Morrisons Strawberry Pencils75g,65p,86.7p per 100g,,food-cupboard
Morrisons Strawberry Straws,Morrisons Strawberry Straws65g,65p,£1.00 per 100g,,food-cupboard
Morrisons Strong White Flour,Morrisons Strong White Flour1.5kg,£1.29,86p per kg,,food-cupboard
Morrisons Sugar Free Butterscotc,Morrisons Sugar Free Butterscotc42g,£1.05,£2.50 per 100g,,food-cupboard
Morrisons Sugar Free Fruit Mix Sweets,Morrisons Sugar Free Fruit Mix Sweets42g,£1.05,£2.50 per 100g,,food-cupboard
Morrisons Sugar Free Mint Humbugs,Morrisons Sugar Free Mint Humbugs42g,£1.05,£2.50 per 100g,,food-cupboard
Morrisons Sugar Free Rhubarb & Custard,Morrisons Sugar Free Rhubarb & Custard42g,£1.05,£2.50 per 100g,,food-cupboard
Morrisons Sugar Stars Sprinkles  ,Morrisons Sugar Stars Sprinkles  46g,£1.15,£2.50 per 100g,,food-cupboard
Morrisons Sugar Strand Sprinkles ,Morrisons Sugar Strand Sprinkles 65g,£1.15,£1.77 per 100g,,food-cupboard
Morrisons Sultana Bran,Morrisons Sultana Bran500g,£1.85,37p per 100g,,food-cupboard
Morrisons Sultanas ,Morrisons Sultanas 500g,£1.85,37p per 100g,,food-cupboard
Morrisons Sultanas ,Morrisons Sultanas 1kg,£3.59,35.9p per 100g,,food-cupboard
Morrisons Sumac Seasoning,Morrisons Sumac Seasoning49g,£1.09,£2.22 per 100g,Buy 2 for £2,food-cupboard
Morrisons Sundried Tomatoes,Morrisons Sundried Tomatoes280g,£2.39,85.4p per 100g,,food-cupboard
Morrisons Sundried Tomatoes In Oil With Herbs,Morrisons Sundried Tomato...285g,£2.75,96.5p per 100g,,food-cupboard
Morrisons Superberry Granola,Morrisons Superberry Granola750g,£3.49,46.5p per 100g,,food-cupboard
Morrisons Sweet & Salt Popcorn ,Morrisons Sweet & Salt Popcorn 100g,£1.15,£1.15 per 100g,,food-cupboard
Morrisons Sweet & Sour Sauce,Morrisons Sweet & Sour Sauce500g,£1.19,23.8p per 100g,,food-cupboard
Morrisons Sweet & Sour Stir Fry Sauce,Morrisons Sweet & Sour Stir Fry Sauce120g,65p,54.2p per 100g,,food-cupboard
Morrisons Sweet Chilli Hummus Chips,Morrisons Sweet Chilli Hummus Chips5 x 20g,£1.15,£1.15 per 100g,,food-cupboard
Morrisons Sweet Chilli Stir Fry Sauce,Morrisons Sweet Chilli Stir Fry Sauce120g,65p,54.2p per 100g,,food-cupboard
Morrisons Sweetcorn In Water,Morrisons Sweetcorn In Water326g,£1.15,35.3p per 100g,,food-cupboard
Morrisons Sweet Corn In Water,Morrisons Sweet Corn In Water198g,89p,44.9p per 100g,,food-cupboard
Morrisons Sweet Onions (440g),Morrisons Sweet Onions (440g)225g,95p,42.2p per 100g,,food-cupboard
Morrisons Sweet Pickle,Morrisons Sweet Pickle295g,£1.45,49.2p per 100g,,food-cupboard
Morrisons Sweet Popcorn ,Morrisons Sweet Popcorn 100g,£1.15,£1.15 per 100g,,food-cupboard
Morrisons Syrup Oat 8 Sachets,Morrisons Syrup Oat 8 Sachets312g,£1.19,38.1p per 100g,,food-cupboard
Morrisons Syrup Sponge Pudding,Morrisons Syrup Sponge Pudding2 x 105g,£2.09,99.5p per 100g,,food-cupboard
Morrisons Table Salt,Morrisons Table Salt750g,65p,86.7p per kg,,food-cupboard
Morrisons Table Salt,Morrisons Table Salt65g,55p,£8.46 per kg,,food-cupboard
Morrisons Tagliatelle,Morrisons Tagliatelle500g,£1.15,£2.30 per kg,,food-cupboard
Morrisons Tandoori Curry Powder,Morrisons Tandoori Curry Powder100g,£1.35,£1.35 per 100g,,food-cupboard
Morrisons Tarragon         ,Morrisons Tarragon         7g,£1.09,£1.56 per 10g,Buy 2 for £2,food-cupboard
Morrisons Tartare Sauce,Morrisons Tartare Sauce175g,£1.05,60p per 100g,,food-cupboard
Morrisons Teeth & Lips,Morrisons Teeth & Lips75g,65p,86.7p per 100g,,food-cupboard
Morrisons Teriyaki Stir Fry Sauce,Morrisons Teriyaki Stir Fry Sauce120g,65p,54.2p per 100g,,food-cupboard
Morrisons Thai Fragrant Rice,Morrisons Thai Fragrant Rice500g,£1.79,£3.58 per kg,,food-cupboard
Morrisons Thai Jasmine Micro Rice,Morrisons Thai Jasmine Micro Rice250g,85p,£3.40 per kg,,food-cupboard
Morrisons The Best 32% Cocoa Chocolate With Salted Butterscotch,Morrisons The Best 32% Cocoa Chocolat...100g,£1.69,£1.69 per 100g,,food-cupboard
Morrisons The Best 52% Cocoa Chocolate With Mint Oil,Morrisons The Best 52% Cocoa...100g,£1.69,£1.69 per 100g,,food-cupboard
Morrisons The Best 52% Cocoa Dark Chocolate Rum & Raisin,Morrisons The Best 52% Cocoa Da...100g,£1.69,£1.69 per 100g,,food-cupboard
Morrisons The Best 52% Cocoa Dark Chocolate With Orange,Morrisons The Best 52% Cocoa Da...100g,£1.69,£1.69 per 100g,,food-cupboard
Morrisons The Best 74% Dark Cooking Chocolate,Morrisons The Best 74% Dark Cooking Chocolate150g,£2.25,£1.50 per 100g,,food-cupboard
Morrisons The Best 85% Cocoa Ecuador Dark Chocolate,Morrisons The Best 85% Cocoa...100g,£1.65,£1.65 per 100g,,food-cupboard
Morrisons The Best Aged Gouda Cheese Straws,Morrisons The Best Aged Gouda Cheese Straws100g,£1.85,£1.85 per 100g,,food-cupboard
Morrisons The Best All Butter Cheddar Cheese Crumbles,Morrisons The Best All Butter...75g,£1.85,£2.47 per 100g,,food-cupboard
Morrisons The Best All Butter Chocolate & Orange Flavour Cookies,Morrisons The Best All Butter Chocola...200g,£1.89,94.5p per 100g,,food-cupboard
Morrisons The Best All Butter Shortbread Fingers,Morrisons The Best All Butter Shortbread Fingers165g,£1.99,£1.21 per 100g,,food-cupboard
Morrisons The Best All Butter  Shortbread Rounds,Morrisons The Best All Butter  Shortbread Rounds180g,£1.99,£1.11 per 100g,,food-cupboard
Morrisons The Best All Butter Sweet Pastry Cases ,Morrisons The Best All Butt...210g,£2.75,£1.31 per 100g,,food-cupboard
Morrisons The Best American Peppermint Extract ,Morrisons The Best Americ...38ml,£1.95,51.3p per 10ml,,food-cupboard
Morrisons The Best Anglesey Sea Salted & Caramel Frosting,Morrisons The Best Anglesey Sea S...400g,£2.30,57.5p per 100g,,food-cupboard
Morrisons The Best Apple & Pear Chutney,Morrisons The Best Apple & Pear Chutney300g,£1.75,58.3p per 100g,,food-cupboard
Morrisons The Best Apple & Rosemary Stuffing,Morrisons The Best Apple & Rosemary Stuffing140g,£1.89,£1.35 per 100g,,food-cupboard
Morrisons The Best Balsamic Dressing,Morrisons The Best Balsamic Dressing250ml,£2.19,87.6p per 100ml,,food-cupboard
Morrisons The Best Balsamic Vinegar,Morrisons The Best Balsamic Vinegar250ml,£6.99,£27.96 per litre,,food-cupboard
"Morrisons The Best Beef, Ale & Onion Crisps","Morrisons The Best Beef, Ale & Onion Crisps125g",99p,79.2p per 100g,"Offer price 99p, was £1.09",food-cupboard
Morrisons The Best Beef Gravy,Morrisons The Best Beef Gravy350ml,£1.99,56.9p per 100ml,,food-cupboard
Morrisons The Best Beef Gravy Granules,Morrisons The Best Beef Gravy Granules200g,£1.89,94.5p per 100g,,food-cupboard
Morrisons The Best Beef Stock,Morrisons The Best Beef Stock450ml,£1.99,44.2p per 100ml,,food-cupboard
Morrisons The Best Beetroot & Orange Chutney ,Morrisons The Best Beetro...190g,£1.59,83.7p per 100g,,food-cupboard
Morrisons The Best Beetroot & Seed Biscuits,Morrisons The Best Beetroot & Seed Biscuits150g,£1.85,£1.23 per 100g,,food-cupboard
Morrisons The Best Belgian Chocolate Chip Shortbread Rounds ,Morrisons The Best Belgian Chocolat...180g,£2.15,£1.19 per 100g,,food-cupboard
Morrisons The Best Bella Di Cerignola Olives ,Morrisons The Best Bella Di Cerignola Olives 200g,£2.80,£1.40 per 100g,,food-cupboard
Morrisons The Best Bengal Spiced Mango Chutney ,Morrisons The Best Bengal...200g,£1.99,99.5p per 100g,,food-cupboard
Morrisons The Best Blackcurrant Conserve,Morrisons The Best Blackcurrant Conserve340g,£1.99,58.5p per 100g,,food-cupboard
Morrisons The Best Blonde Chocolate,Morrisons The Best Blonde Chocolate100g,£1.65,£1.65 per 100g,,food-cupboard
Morrisons The Best Blue Cheese Dressing ,Morrisons The Best Blue Cheese Dressing 250ml,£2.19,87.6p per 100ml,,food-cupboard
Morrisons The Best Bolognese Pasta Sauce,Morrisons The Best Bolognese Pasta Sauce350g,£1.89,54p per 100g,Buy 2 for £3,food-cupboard
Morrisons The Best Bramley Apple & Pear Chutney ,Morrisons The Best Bramley...210g,£1.59,75.7p per 100g,,food-cupboard
Morrisons The Best Bramley Apple Sauce with Kent Cider,Morrisons The Best Bramley Appl...210g,£1.85,88.1p per 100g,,food-cupboard
Morrisons The Best Brinjal Pickle,Morrisons The Best Brinjal Pickle200g,£2.15,£1.08 per 100g,,food-cupboard
Morrisons The Best Caramelised Balsamic Onion Chutney ,Morrisons The Best Caramelised...205g,£1.59,77.6p per 100g,,food-cupboard
Morrisons The Best Cheddar & Onion Crisps,Morrisons The Best Cheddar & Onion Crisps125g,99p,79.2p per 100g,"Offer price 99p, was £1.09",food-cupboard
Morrisons The Best Cheese Crispies,Morrisons The Best Cheese Crispies100g,£1.85,£1.85 per 100g,,food-cupboard
Morrisons The Best Chicken Gravy,Morrisons The Best Chicken Gravy350ml,£1.99,56.9p per 100ml,,food-cupboard
Morrisons The Best Chicken Gravy Granules,Morrisons The Best Chicken Gravy Granules200g,£1.89,94.5p per 100g,,food-cupboard
Morrisons The Best Chicken Stock,Morrisons The Best Chicken Stock450ml,£1.99,44.2p per 100ml,,food-cupboard
Morrisons The Best Chilli Masala Sauce ,Morrisons The Best Chilli Masala Sauce 340g,£2.15,63.2p per 100g,,food-cupboard
Morrisons The Best Chocolate & Caramel Melt In The Middle Sponge Puddings,Morrisons The Best Chocolate &...2 x 130g,£3,£1.15 per 100g,,food-cupboard
Morrisons The Best Chunky Chopped Tomatoes,Morrisons The Best Chun...4 x 400g,£2.50,£1.56 per kg,,food-cupboard
Morrisons The Best Cold Pressed Rapeseed Oil,Morrisons The Best Cold Pressed Rapeseed Oil500ml,£3.95,79p per 100ml,,food-cupboard
Morrisons The Best Colombian Decaf Roast & Ground Coffee,Morrisons The Best Colombian De...227g,£3.50,£1.54 per 100g,"Offer price £3.50, was £3.89",food-cupboard
Morrisons The Best Columbian Coffee Beans,Morrisons The Best Columbian Coffee Beans227g,£3.50,£1.54 per 100g,"Offer price £3.50, was £3.89",food-cupboard
Morrisons The Best Cranberry Sauce,Morrisons The Best Cranberry Sauce220g,£1.85,84.1p per 100g,,food-cupboard
Morrisons The Best Dark Chocolate & Ginger Cookies,Morrisons The Best Dark Cho...200g,£1.89,94.5p per 100g,,food-cupboard
Morrisons The Best Dark Chocolate Praline Truffles,Morrisons The Best Dark Chocolate Praline Truffles112g,£5,£4.46 per 100g,,food-cupboard
Morrisons The Best English Breakfast Tea Bags 100's,Morrisons The Best English Br...250g,£2.59,£1.04 per 100g,,food-cupboard
Morrisons The Best Fair Trade Brazilian Beans,Morrisons The Best Fair Trade Brazilian Beans227g,£3.50,£1.54 per 100g,"Offer price £3.50, was £3.89",food-cupboard
Morrisons The Best Fair Trade Colombian Coffee ,Morrisons The Best Fair Trade Colombian Coffee 227g,£3.50,£1.54 per 100g,"Offer price £3.50, was £3.89",food-cupboard
Morrisons The Best Fair Trade Colombian Pods,Morrisons The Best Fair Trade Colombian Pods54g,£2.89,£5.35 per 100g,,food-cupboard
Morrisons The Best Fair Trade Decaf Pods,Morrisons The Best Fair Trade Decaf Pods54g,£2.89,£5.35 per 100g,,food-cupboard
Morrisons The Best Fairtrade Espresso Pods 54G,Morrisons The Best Fairtr...54g,£2.89,£5.35 per 100g,,food-cupboard
Morrisons The Best Fair Trade Ethiopian Ground Coffee,Morrisons The Best Fair Trade...227g,£3.50,£1.54 per 100g,"Offer price £3.50, was £3.89",food-cupboard
Morrisons The Best Fair Trade  Guatemalan Ground Coffee,Morrisons The Best Fair Trade...227g,£3.50,£1.54 per 100g,"Offer price £3.50, was £3.89",food-cupboard
Morrisons The Best Fairtrade Lungo Coffee Pods,Morrisons The Best Fairtr...54g,£2.89,£5.35 per 100g,,food-cupboard
Morrisons The Best Fair Trade Sumatran Ground Coffee  ,Morrisons The Best Fair Trade S...227g,£3.50,£1.54 per 100g,"Offer price £3.50, was £3.89",food-cupboard
Morrisons The Best French Dressing,Morrisons The Best French Dressing250ml,£2.15,86p per 100ml,,food-cupboard
Morrisons The Best Fruit & Oat Cookies,Morrisons The Best Fruit & Oat Cookies200g,£1.89,94.5p per 100g,,food-cupboard
Morrisons The Best Fusillata Casareccia ,Morrisons The Best Fusillata Casareccia 500g,£1.89,37.8p per 100g,Buy 2 for £3,food-cupboard
Morrisons The Best Gruyere & Poppy Twists,Morrisons The Best Gruyere & Poppy Twists100g,£1.79,£1.79 per 100g,,food-cupboard
Morrisons The Best Halkidiki Olives Stuffed With Pimiento,Morrisons The Best Halkidiki Oliv...195g,£2.25,£1.15 per 100g,,food-cupboard
Morrisons The Best Hand Cooked Sea Salted Crisps,Morrisons The Best Hand Cooked Sea Salted Crisps125g,99p,79.2p per 100g,"Offer price 99p, was £1.09",food-cupboard
Morrisons The Best Hollandaise Sauce,Morrisons The Best Hollandaise Sauce165g,£1.85,£1.12 per 100g,,food-cupboard
Morrisons The Best Horseradish Sauce,Morrisons The Best Horseradish Sauce175g,£1.85,£1.06 per 100g,,food-cupboard
Morrisons The Best Hot Chocolate,Morrisons The Best Hot Chocolate300g,£3.75,£1.25 per 100g,,food-cupboard
Morrisons The Best Infused Chilli Oil,Morrisons The Best Infused Chilli Oil250ml,£4.99,£2.00 per 100ml,,food-cupboard
Morrisons The Best Infused Garlic Oil,Morrisons The Best Infused Garlic Oil250ml,£4.99,£2.00 per 100ml,,food-cupboard
Morrisons The Best Jalapeno Chilli Jam Chutney,Morrisons The Best Jalape...230g,£1.59,69.1p per 100g,,food-cupboard
Morrisons The Best Kashmiri Madras Sauce ,Morrisons The Best Kashmiri Madras Sauce 340g,£2.15,63.2p per 100g,,food-cupboard
Morrisons The Best Lamb & Mint Gravy Granules,Morrisons The Best Lamb & Mint Gravy Granules200g,£1.89,94.5p per 100g,,food-cupboard
Morrisons The Best Lemon Shortbread Rounds,Morrisons The Best Lemon Shortbread Rounds180g,£2.15,£1.19 per 100g,,food-cupboard
Morrisons The Best Limoncello & Meringue Nougat,Morrisons The Best Limonc...100g,£1.50,£1.50 per 100g,"Offer price £1.50, was £2.25",food-cupboard
Morrisons The Best Mango & Amarillo Chilli Chutney,Morrisons The Best Mango & Amarillo Chilli Chutney190g,£1.59,83.7p per 100g,,food-cupboard
Morrisons The Best Meringue Nests,Morrisons The Best Meringue Nests8 per pack,£1.40,17.5p each,"Offer price £1.40, was £1.89",food-cupboard
Morrisons The Best Milk Chocolate Dipped Honeycomb,Morrisons The Best Milk Cho...125g,£1.50,£1.20 per 100g,"Offer price £1.50, was £3",food-cupboard
Morrisons The Best Mini Meringue Shells,Morrisons The Best Mini Meringue Shells12 per pack,£1.40,11.7p each,"Offer price £1.40, was £1.89",food-cupboard
Morrisons The Best Mini Strawberry Meringues,Morrisons The Best Mini Strawberry Meringues12 per pack,£1.40,11.7p each,"Offer price £1.40, was £2.25",food-cupboard
Morrisons The Best Mint Sauce,Morrisons The Best Mint Sauce185g,£1.85,£1.00 per 100g,,food-cupboard
Morrisons The Best Mixed Greek Olives ,Morrisons The Best Mixed Greek Olives 210g,£2.80,£1.33 per 100g,,food-cupboard
Morrisons The Best Nocellara Olives ,Morrisons The Best Nocellara Olives 200g,£2.80,£1.40 per 100g,,food-cupboard
Morrisons The Best Nut & Seed Granola Cereal,Morrisons The Best Nut & Seed Granola Cereal500g,£2.69,53.8p per 100g,,food-cupboard
Morrisons The Best Orange & Ginger Marmalade,Morrisons The Best Oran...340g,£1.79,52.6p per 100g,,food-cupboard
Morrisons The Best Organic Extra Virgin Olive Oil,Morrisons The Best Organic...500ml,£6.50,£1.30 per 100ml,,food-cupboard
Morrisons The Best Organic Raw Apple Cider Vinegar ,Morrisons The Best Organic Ra...500ml,£2.65,£5.30 per litre,,food-cupboard
Morrisons The Best Parmesan & Garlic Twists ,Morrisons The Best Parmesan & Garlic Twists 100g,£1.79,£1.79 per 100g,,food-cupboard
Morrisons The Best Piccalilli Chutney ,Morrisons The Best Piccalilli Chutney 200g,£1.75,87.5p per 100g,,food-cupboard
Morrisons The Best Pork Gravy Granules,Morrisons The Best Pork Gravy Granules200g,£1.89,94.5p per 100g,,food-cupboard
Morrisons The Best Pure Avocado Oil,Morrisons The Best Pure Avocado Oil250ml,£3,£1.20 per 100ml,,food-cupboard
Morrisons The Best Quadruple Chocolate Cookies,Morrisons The Best Quadru...200g,£1.89,94.5p per 100g,,food-cupboard
Morrisons The Best Radiatori,Morrisons The Best Radiatori500g,£1.89,37.8p per 100g,Buy 2 for £3,food-cupboard
Morrisons The Best Raspberry Conserve,Morrisons The Best Raspberry Conserve340g,£1.99,58.5p per 100g,,food-cupboard
Morrisons The Best Rossini Wafer Curls 20Pk,Morrisons The Best Rossini Wafer Curls 20Pk,99p,,,food-cupboard
Morrisons The Best Royal Korma Sauce ,Morrisons The Best Royal Korma Sauce 340g,£2.15,63.2p per 100g,,food-cupboard
Morrisons The Best Salted Caramel Fudge ,Morrisons The Best Salted Caramel Fudge 150g,£2,£1.33 per 100g,,food-cupboard
Morrisons The Best Salted Caramel Truffles,Morrisons The Best Salted Caramel Truffles104g,£5,£4.81 per 100g,,food-cupboard
Morrisons The Best Scottish Oats,Morrisons The Best Scottish Oats750g,£2.09,27.9p per 100g,,food-cupboard
Morrisons The Best Sea Salt & Black Pepper Crisps,Morrisons The Best Sea Salt & Black Pepper Crisps125g,99p,79.2p per 100g,"Offer price 99p, was £1.09",food-cupboard
Morrisons The Best Sea Salt & Vinegar Crisps,Morrisons The Best Sea Salt & Vinegar Crisps125g,99p,79.2p per 100g,"Offer price 99p, was £1.09",food-cupboard
Morrisons The Best Sicilian Lemon Curd,Morrisons The Best Sicilian Lemon Curd320g,£1.99,62.2p per 100g,,food-cupboard
Morrisons The Best Silver Anchovy Fillets,Morrisons The Best Silver Anchovy Fillets155g,£3.49,£2.25 per 100g,,food-cupboard
Morrisons The Best Single Origin Extra Virgin Olive Oil,Morrisons The Best Single Origi...500ml,£6.49,£1.30 per 100ml,,food-cupboard
Morrisons The Best Smoked Mackerel with Black Pepper,Morrisons The Best Smoked Mac...110g,£2.25,£2.05 per 100g,,food-cupboard
Morrisons The Best Smoked Sage And Red Onion Stuffing,Morrisons The Best Smoked Sag...140g,£1.89,£1.35 per 100g,,food-cupboard
Morrisons The Best Space Eggs Dark Raspberry Venus,Morrisons The Best Space Eg...240g,£6,£2.50 per 100g,,food-cupboard
Morrisons The Best Space Eggs Marbled White Blonde,Morrisons The Best Space Eg...240g,£6,£2.50 per 100g,,food-cupboard
Morrisons The Best Space Eggs Milk Marbled Orange,Morrisons The Best Space Eggs Milk Marbled Orange240g,£6,£2.50 per 100g,,food-cupboard
Morrisons The Best Spanish Chorizo & Butterbean Soup,Morrisons The Best Spanish Ch...400g,£1,25p per 100g,,food-cupboard
Morrisons The Best Spanish Forest Honey,Morrisons The Best Spanish Forest Honey340g,£4.35,£1.28 per 100g,,food-cupboard
Morrisons The Best Stem Ginger Cookies,Morrisons The Best Stem Ginger Cookies200g,£1.89,94.5p per 100g,,food-cupboard
Morrisons The Best Sticky Toffee Pudding,Morrisons The Best Sticky Toffee Pudding440g,£4.50,£1.02 per 100g,,food-cupboard
Morrisons The Best Strawberry Conserve,Morrisons The Best Strawberry Conserve340g,£1.99,58.5p per 100g,The Best Cream Tea Bundle For £5,food-cupboard
Morrisons The Best Sunny Side Up Chocolate Fudge,Morrisons The Best Sunny Side Up Chocolate Fudge120g,£1.50,£1.25 per 100g,"Offer price £1.50, was £2.25",food-cupboard
Morrisons The Best Sweet & Spicy Red Peppers Stuffed With Feta,Morrisons The Best Sweet & Spicy Re...185g,£2.99,£1.62 per 100g,,food-cupboard
Morrisons The Best Sweetcured Smoked Mackerel Fillets,Morrisons The Best Sweetcured...110g,£2.25,£2.05 per 100g,,food-cupboard
Morrisons The Best Tartare Sauce,Morrisons The Best Tartare Sauce185g,£1.85,£1.00 per 100g,,food-cupboard
Morrisons The Best Tellicherry Black Peppercorns,Morrisons The Best Telliche...40g,£4.10,£10.25 per 100g,,food-cupboard
Morrisons The Best Tomato & Chilli Chutney,Morrisons The Best Tomato & Chilli Chutney205g,£1.59,77.6p per 100g,,food-cupboard
Morrisons The Best Triple Chocolate Granola Cereal,Morrisons The Best Triple Chocolate Granola Cereal500g,£2.69,53.8p per 100g,,food-cupboard
Morrisons The Best Unfiltered Extra Virgin Olive Oil,Morrisons The Best Unfiltered...500ml,£4.45,89p per 100ml,,food-cupboard
Morrisons The Best White Chocolate Cookies,Morrisons The Best White Chocolate Cookies200g,£1.75,87.5p per 100g,,food-cupboard
Morrisons The Best Whole Kalamata ,Morrisons The Best Whole Kalamata 210g,£2.80,£1.33 per 100g,,food-cupboard
Morrisons Thousand Island Dressing ,Morrisons Thousand Island Dressing 250ml,£1.05,42p per 100ml,,food-cupboard
Morrisons Thyme            ,Morrisons Thyme            16g,£1.09,68.1p per 10g,Buy 2 for £2,food-cupboard
Morrisons Tikka Sauce ,Morrisons Tikka Sauce 500g,£1.19,23.8p per 100g,,food-cupboard
Morrisons Toasted Flaked Almonds ,Morrisons Toasted Flaked Almonds 150g,£2.69,£1.79 per 100g,,food-cupboard
Morrisons Toasted Sesame Oil ,Morrisons Toasted Sesame Oil 250ml,£2.49,99.6p per 100ml,,food-cupboard
Morrisons Toffee Popcorn,Morrisons Toffee Popcorn170g,£1.15,67.6p per 100g,,food-cupboard
Morrisons Tomato & Basil Stir In Sauce ,Morrisons Tomato & Basil Stir In Sauce 155g,£1.29,83.2p per 100g,,food-cupboard
Morrisons Tomato & Chilli Pasta Sauce,Morrisons Tomato & Chilli Pasta Sauce500g,£1.09,21.8p per 100g,,food-cupboard
Morrisons Tomato & Chorizo Stir In Sauce ,Morrisons Tomato & Chorizo Stir In Sauce 155g,£1.29,83.2p per 100g,,food-cupboard
Morrisons Tomato & Garlic Couscous,Morrisons Tomato & Garlic Couscous110g,65p,£5.91 per kg,,food-cupboard
Morrisons Tomato & Garlic Pasta Sauce,Morrisons Tomato & Garlic Pasta Sauce500g,£1.09,21.8p per 100g,,food-cupboard
Morrisons Tomato & Garlic Stir In Sauce ,Morrisons Tomato & Garlic Stir In Sauce 155g,£1.29,83.2p per 100g,,food-cupboard
Morrisons Tomato & Mushroom Pasta Sauce ,Morrisons Tomato & Mushroom Pasta Sauce 500g,£1.09,21.8p per 100g,,food-cupboard
Morrisons Tomato & Three Bean Soup ,Morrisons Tomato & Three Bean Soup 400g,99p,24.8p per 100g,,food-cupboard
Morrisons Tomato and Vegetable Pasta Sauce,Morrisons Tomato and Vegetable Pasta Sauce500g,£1.09,21.8p per 100g,,food-cupboard
Morrisons Tomato Chutney,Morrisons Tomato Chutney295g,£1.25,42.4p per 100g,,food-cupboard
Morrisons Tomato  Garlic & Onion Microwave Pasta,Morrisons Tomato  Garlic & Onion Microwave Pasta200g,£1.19,59.5p per 100g,,food-cupboard
Morrisons Tomato Ketchup,Morrisons Tomato Ketchup960g,£1.99,20.7p per 100g,,food-cupboard
Morrisons Tomato Ketchup,Morrisons Tomato Ketchup450g,£1.25,27.8p per 100g,,food-cupboard
Morrisons Tomato Puree,Morrisons Tomato Puree200g,59p,£2.95 per kg,"Offer price 59p, was 79p",food-cupboard
Morrisons Tortilla Chips,Morrisons Tortilla Chips180g,£1.19,66.1p per 100g,,food-cupboard
Morrisons Touch of Jasmine Green Tea,Morrisons Touch of Jasmine Green Tea80g,£1.65,£2.06 per 100g,Buy 2 for £2,food-cupboard
Morrisons Tricolore Fusilli ,Morrisons Tricolore Fusilli 500g,95p,19p per 100g,Buy 2 for £1.60,food-cupboard
Morrisons Triple Berry & Yogurt Rice Cakes,Morrisons Triple Berry & Yogurt Rice Cakes64g,£1.25,£1.95 per 100g,,food-cupboard
Morrisons Triple Chocolate Clusters ,Morrisons Triple Chocolate Clusters 500g,£2.15,43p per 100g,,food-cupboard
Morrisons Triple Chocolate Cookie Mix ,Morrisons Triple Chocolate Cookie Mix 275g,£1.89,68.7p per 100g,,food-cupboard
Morrisons Tropical Mix,Morrisons Tropical Mix150g,£1,66.7p per 100g,,food-cupboard
Morrisons Tuna In Chilli & Garlic ,Morrisons Tuna In Chilli & Garlic 80g,£1.09,£1.36 per 100g,,food-cupboard
Morrisons Tuna Pasta Bake Mix,Morrisons Tuna Pasta Bake Mix45g,49p,£1.09 per 100g,,food-cupboard
Morrisons Tutti Frutti Sprinkles,Morrisons Tutti Frutti Sprinkles70g,£1.15,£1.64 per 100g,,food-cupboard
Morrisons Variety Crisps 6 X 25G,Morrisons Variety Crisps 6 X 25G150g,£1.19,79.3p per 100g,Buy 2 for £2,food-cupboard
Morrisons Variety Mix Crisps 20's,Morrisons Variety Mix Crisps 20's500g,£2.99,59.8p per 100g,,food-cupboard
Morrisons Vegetable Chilli ,Morrisons Vegetable Chilli 392g,£2.25,57.4p per 100g,,food-cupboard
Morrisons Vegetable Curry,Morrisons Vegetable Curry392g,£2.25,57.4p per 100g,,food-cupboard
Morrisons Vegetable Gravy Granules    ,Morrisons Vegetable Gravy Granules    200g,£1.15,57.5p per 100g,,food-cupboard
Morrisons Vegetable Oil ,Morrisons Vegetable Oil 1L,£1.99,19.9p per 100ml,,food-cupboard
Morrisons Vegetable Oil ,Morrisons Vegetable Oil 3L,£5.20,17.3p per 100ml,,food-cupboard
Morrisons Vegetable Soup,Morrisons Vegetable Soup400g,85p,21.3p per 100g,,food-cupboard
Morrisons Vegetable Stock Cubes 12's,Morrisons Vegetable Stock Cubes 12's120g,89p,74.2p per 100g,,food-cupboard
Morrisons Vegetable Stock Pots,Morrisons Vegetable Stock Pots4 x 28g,£1.19,£1.06 per 100g,,food-cupboard
Morrisons Vegetable Suet,Morrisons Vegetable Suet180g,£1.39,£7.72 per kg,,food-cupboard
Morrisons Vermicelli       ,Morrisons Vermicelli       500g,£1.29,£2.58 per kg,,food-cupboard
Morrisons Victoria Cake Liner,Morrisons Victoria Cake Liner25 per pack,£2.50,10p each,,food-cupboard
Morrisons Vintage Cheddar Gourmet Burger Crisps,Morrisons Vintage Cheddar...150g,£1.15,76.7p per 100g,,food-cupboard
Morrisons Waffle Cones,Morrisons Waffle Cones10 per pack,£1.29,12.9p each,,food-cupboard
Morrisons Walnut Halves,Morrisons Walnut Halves250g,£3.90,£1.56 per 100g,,food-cupboard
Morrisons Walnut Pieces ,Morrisons Walnut Pieces 150g,£1.99,£1.33 per 100g,,food-cupboard
Morrisons Water Biscuits,Morrisons Water Biscuits200g,£1.09,54.5p per 100g,,food-cupboard
Morrisons Wheat Biscuits,Morrisons Wheat Biscuits48 per pack,£3.29,6.9p each,,food-cupboard
Morrisons Wheat Biscuits,Morrisons Wheat Biscuits24 per pack,£1.85,7.7p each,,food-cupboard
Morrisons Wheat Crispbread,Morrisons Wheat Crispbread125g,£1.09,87.2p per 100g,,food-cupboard
Morrisons White Chocolate & Hazelnut Spread ,Morrisons White Chocola...400g,£2.65,66.3p per 100g,,food-cupboard
Morrisons White Chocolate Chips ,Morrisons White Chocolate Chips 100g,99p,99p per 100g,,food-cupboard
Morrisons White Cooking Chocolate,Morrisons White Cooking Chocolate150g,£1.15,76.7p per 100g,,food-cupboard
Morrisons White Fairy Paper Cases,Morrisons White Fairy Paper Cases100 per pack,£1.65,1.7p each,,food-cupboard
Morrisons White Mini Marshmallows ,Morrisons White Mini Marshmallows 180g,£1.99,£1.11 per 100g,,food-cupboard
Morrisons White Simmer Sauce Mix ,Morrisons White Simmer Sauce Mix 21g,49p,£2.33 per 100g,,food-cupboard
Morrisons Whole Black Pepper ,Morrisons Whole Black Pepper 100g,£2.59,25.9p per 10g,Buy 2 for £2,food-cupboard
Morrisons Whole Black Pepper ,Morrisons Whole Black Pepper 200g,£2.99,15p per 10g,,food-cupboard
Morrisons Whole Black Pepper Grinder,Morrisons Whole Black Pepper Grinder50g,£2.49,49.8p per 10g,,food-cupboard
Morrisons Whole Blanched Almonds ,Morrisons Whole Blanched Almonds 150g,£2.39,£1.59 per 100g,,food-cupboard
Morrisons Whole Button Mushrooms (290g),Morrisons Whole Button Mushrooms (290g)142g,£1.15,£8.10 per kg,,food-cupboard
Morrisons Whole Cardamom   ,Morrisons Whole Cardamom   30g,£1.09,36.3p per 10g,Buy 2 for £2,food-cupboard
Morrisons Whole Carrots (300g),Morrisons Whole Carrots (300g)160g,49p,£3.06 per kg,,food-cupboard
Morrisons Whole Cloves     ,Morrisons Whole Cloves     35g,£1.09,31.1p per 10g,Buy 2 for £2,food-cupboard
Morrisons Whole Cumin Seeds,Morrisons Whole Cumin Seeds37g,£1.09,29.5p per 10g,Buy 2 for £2,food-cupboard
Morrisons Wholefoods Bulgur Wheat,Morrisons Wholefoods Bulgur Wheat500g,£1.39,£2.78 per kg,,food-cupboard
Morrisons Wholefoods Butter Beans ,Morrisons Wholefoods Butter Beans 500g,£1.80,£3.60 per kg,,food-cupboard
Morrisons Wholefoods Country Soup Mix ,Morrisons Wholefoods Country Soup Mix 500g,£1.39,£2.78 per kg,,food-cupboard
Morrisons Wholefoods Cous Cous ,Morrisons Wholefoods Cous Cous 500g,89p,£1.78 per kg,,food-cupboard
Morrisons Wholefoods Green Lentils,Morrisons Wholefoods Green Lentils500g,£1.39,£2.78 per kg,,food-cupboard
Morrisons Wholefoods Pearl Barley ,Morrisons Wholefoods Pearl Barley 500g,65p,£1.30 per kg,,food-cupboard
Morrisons Wholefoods Red Split Lentils ,Morrisons Wholefoods Red Split Lentils 500g,£1.39,£2.78 per kg,,food-cupboard
Morrisons Wholefoods Yellow Split Peas,Morrisons Wholefoods Yellow Split Peas500g,79p,£1.58 per kg,,food-cupboard
Morrisons Whole Gherkins (1.36kg),Morrisons Whole Gherkins (1.36kg)750g,£2.89,38.5p per 100g,,food-cupboard
Morrisons Whole Gherkins (680g),Morrisons Whole Gherkins (680g)360g,£1.79,49.7p per 100g,,food-cupboard
Morrisons Wholegrain Mustard,Morrisons Wholegrain Mustard175g,75p,42.9p per 100g,,food-cupboard
Morrisons Whole Green Olives in Brine (340g),Morrisons Whole Green Olives in Brine (340g)190g,£1.09,57.4p per 100g,,food-cupboard
Morrisons Wholewheat Fusiili,Morrisons Wholewheat Fusiili500g,95p,£1.90 per kg,Buy 2 for £1.60,food-cupboard
Morrisons Wholewheat Muesli,Morrisons Wholewheat Muesli1kg,£2.75,27.5p per 100g,,food-cupboard
Morrisons Wholewheat Penne,Morrisons Wholewheat Penne500g,95p,19p per 100g,Buy 2 for £1.60,food-cupboard
Morrisons Wholewheat Spaghetti,Morrisons Wholewheat Spaghetti500g,95p,£1.90 per kg,Buy 2 for £1.60,food-cupboard
Morrisons Wild Pacific Pink Salmon,Morrisons Wild Pacific Pink Salmon105g,£1.60,£1.52 per 100g,,food-cupboard
Morrisons Wild Pacific Pink Salmon,Morrisons Wild Pacific Pink Salmon418g,£3.25,77.8p per 100g,,food-cupboard
Morrisons Wild Pacific Red Salmon,Morrisons Wild Pacific Red Salmon105g,£2.60,£2.48 per 100g,,food-cupboard
Morrisons Wine Gums        ,Morrisons Wine Gums        227g,£1.25,55.1p per 100g,,food-cupboard
Morrisons Wok Ready Udon Noodles     ,Morrisons Wok Ready Udon Noodles     2 x 150g,99p,£3.30 per kg,,food-cupboard
Morrisons Worcester Sauce,Morrisons Worcester Sauce150ml,£1,66.7p per 100ml,,food-cupboard
Morrisons Yogurt Rice Cakes,Morrisons Yogurt Rice Cakes102g,£1.25,£1.23 per 100g,,food-cupboard
Morrisons Zillionaire Sprinkles,Morrisons Zillionaire Sprinkles60g,£1.15,£1.92 per 100g,,food-cupboard
M Pineapple Slices In Light Syrup (227g),M Pineapple Slices In Light Syrup (227g)137g,79p,£5.77 per kg,,food-cupboard
Mr Freeze Freeze Pops ,Mr Freeze Freeze Pops 20 x 20ml,£1,25p per 100ml,,food-cupboard
Mr Freeze Sour Freezepops,Mr Freeze Sour Freezepops20 x 45ml,£1.55,17.2p per 100ml,,food-cupboard
Mr Kipling Exceedingly Good Lemon Sponge Puddings,Mr Kipling Exceedingly Good...2 x 85g,£1.50,88.2p per 100g,,food-cupboard
Mr. Kipling Exceedingly Good Raspberry Sponge Puddings,Mr. Kipling Exceedingly Good Ra...2 x 95g,£1.50,78.9p per 100g,,food-cupboard
Mr Kipling Golden Syrup Sponge Puddings,Mr Kipling Golden Syrup Sponge Puddings2 x 95g,£1.50,78.9p per 100g,,food-cupboard
Mr Kipling Space Chocolate Cake Mix,Mr Kipling Space Chocolate Cake Mix400g,£2.50,62.5p per 100g,,food-cupboard
Mr Kipling Sticky Toffee Sponge Puddings,Mr Kipling Sticky Toffee Sponge Puddings108g,£1.50,£1.39 per 100g,"Offer price £1.50, was £1.99",food-cupboard
Mr. Porky Finest Quality Pork Scratchings ,Mr. Porky Finest Quality Pork Scratchings 65g,£1.50,£2.31 per 100g,,food-cupboard
Mr. Porky Scratchings,Mr. Porky Scratchings65g,£1,£1.54 per 100g,,food-cupboard
Mrs Elswood Cucumber Spears With Dill (670g),Mrs Elswood Cucumber Spears With Dill (670g)360g,£2.49,69.2p per 100g,,food-cupboard
Mrs Elswood Sweet Cucumber Sandwich Slices ,Mrs Elswood Sweet Cucum...540g,£2.49,46.1p per 100g,,food-cupboard
M savers Golden Vegetable Rice,M savers Golden Vegetable Rice120g,28p,£2.33 per kg,,food-cupboard
M savers Mixed Fruit,M savers Mixed Fruit500g,£1.09,21.8p per 100g,,food-cupboard
Mug Shot Noodles Chicken & Sweetcorn,Mug Shot Noodles Chicken & Sweetcorn54g,99p,£1.83 per 100g,,food-cupboard
Mug Shot Noodles Classic Original Curry Soup,Mug Shot Noodles Classic Original Curry Soup68g,99p,£1.46 per 100g,,food-cupboard
Mug Shot Noodles Spicy Sweet & Sour,Mug Shot Noodles Spicy Sweet & Sour67g,99p,£1.48 per 100g,,food-cupboard
Mug Shot Pasta Creamy Cheese,Mug Shot Pasta Creamy Cheese68g,99p,£1.46 per 100g,,food-cupboard
Mug Shot Pasta Macaroni Cheese ,Mug Shot Pasta Macaroni Cheese 68g,99p,£1.46 per 100g,,food-cupboard
Mug Shot Pasta Soul Full Cajun Soup,Mug Shot Pasta Soul Full Cajun Soup60g,99p,£1.65 per 100g,,food-cupboard
Mug Shot Pasta Tomato and Basil,Mug Shot Pasta Tomato and Basil64g,99p,£1.55 per 100g,,food-cupboard
Mug Shot Roast Chicken Pasta Snack ,Mug Shot Roast Chicken Pasta Snack 55g,99p,£1.80 per 100g,,food-cupboard
Mug Shot Thai Style       ,Mug Shot Thai Style       55g,99p,£1.80 per 100g,,food-cupboard
Mug Shot The Mighty Chicken & Mushroom Noodles,Mug Shot The Mighty Chick...110g,£1.50,£13.64 per kg,,food-cupboard
Mug Shot The Mighty Original Curry Noodles,Mug Shot The Mighty Original Curry Noodles110g,£1.50,£13.64 per kg,,food-cupboard
Munchies Gold Caramel Chocolate Sharing Bag,Munchies Gold Caramel Chocolate Sharing Bag94g,£1.35,£1.44 per 100g,,food-cupboard
Munchies Large Egg,Munchies Large Egg254g,£3.25,£1.28 per 100g,,food-cupboard
Munchies Milk Chocolate Caramel Biscuit Sharing Block,Munchies Milk Chocolate Caram...87g,£1.25,£1.44 per 100g,,food-cupboard
Munchies Milk Chocolate Sharing Pouch,Munchies Milk Chocolate Sharing Pouch104g,£1.35,£1.30 per 100g,,food-cupboard
Munchies Salted Caramel Fudge Milk Chocolate Sharing Bag ,Munchies Salted Caramel Fudge Mil...101g,£1.35,£1.34 per 100g,,food-cupboard
Mutti Double Concentrate Tomato Puree,Mutti Double Concentrate Tomato Puree130g,£1.39,£10.69 per kg,,food-cupboard
Mutti Finely Chopped Tomatoes,Mutti Finely Chopped Tomatoes4 x 400g,£4,£2.50 per kg,"Offer price £4, was £4.49",food-cupboard
Mutti Finely Chopped Tomatoes,Mutti Finely Chopped Tomatoes400g,£1.39,£3.48 per kg,,food-cupboard
Mutti Passata,Mutti Passata400g,£1.79,£4.48 per kg,,food-cupboard
Mutti Peeled Tomatoes,Mutti Peeled Tomatoes400g,£1.39,£3.48 per kg,,food-cupboard
Mutti Pizza Sauce Aromatica With Basil & Oregano,Mutti Pizza Sauce Aromatica...400g,£2.25,56.3p per 100g,,food-cupboard
Nain's Gluten Free Choc Chip Biscuits ,Nain's Gluten Free Choc Chip Biscuits 160g,£1.99,£1.24 per 100g,,food-cupboard
Nairn's Cheese Oat Cakes ,Nairn's Cheese Oat Cakes 200g,£1.45,72.5p per 100g,,food-cupboard
Nairn's Fine Milled Oatcakes,Nairn's Fine Milled Oatcakes218g,£1,45.9p per 100g,,food-cupboard
Nairn's Fruit & Seed Oatcakes,Nairn's Fruit & Seed Oatcakes230g,£1.69,73.5p per 100g,,food-cupboard
Nairns Gluten Free Oat Cakes,Nairns Gluten Free Oat Cakes213g,£1.99,93.4p per 100g,,food-cupboard
Nairn's Rough Oatcakes,Nairn's Rough Oatcakes291g,£1.15,39.5p per 100g,,food-cupboard
Nakd Blueberry Muffin 4 Raw Fruit & Nut Bars ,Nakd Blueberry Muffin 4 Raw Fruit & Nut Bars 4 x 35g,£2.99,£2.14 per 100g,,food-cupboard
Nakd Blueberry Muffin Fruit & Nut Bar ,Nakd Blueberry Muffin Fruit & Nut Bar 35g,75p,£2.14 per 100g,,food-cupboard
Nakd Cocoa Orange 4 Raw Fruit & Nut Bars ,Nakd Cocoa Orange 4 Raw Fruit & Nut Bars 4 x 35g,£2.99,£2.14 per 100g,,food-cupboard
Nakd Cocoa Orange Bar,Nakd Cocoa Orange Bar35g,95p,£2.71 per 100g,,food-cupboard
Naked Asian Style Chicken Ramen Noodle Soup 25G,Naked Asian Style Chicken Ramen Noodle Soup 25G25g,50p,£2.00 per 100g,,food-cupboard
Naked Chinese Duck Pot,Naked Chinese Duck Pot90g,£1.50,£1.67 per 100g,,food-cupboard
Naked Japanese Chicken Pot,Naked Japanese Chicken Pot90g,£1.50,£1.67 per 100g,,food-cupboard
Naked Noodle Chow Mein Pot Snack,Naked Noodle Chow Mein Pot Snack78g,£1.25,£16.03 per kg,,food-cupboard
Naked Noodle Egg Noodle Chinese Firecracker Chicken,Naked Noodle Egg Noodle Chine...78g,£1.25,£16.03 per kg,,food-cupboard
Naked Noodle Egg Noodles Thai Green Curry ,Naked Noodle Egg Noodles Thai Green Curry 78g,£1.25,£16.03 per kg,,food-cupboard
Naked Noodle Hoisin Duck Pot Snack,Naked Noodle Hoisin Duck Pot Snack78g,£1.25,£16.03 per kg,,food-cupboard
Naked Noodle On The Hob Chicken Yakisoba ,Naked Noodle On The Hob Chicken Yakisoba 100g,£1,£10.00 per kg,,food-cupboard
Naked Noodle On The Hob Singapore Curry ,Naked Noodle On The Hob Singapore Curry 100g,£1.09,£10.90 per kg,,food-cupboard
Naked Noodle Ramen Noodles Thai Chilli Chicken Soup,Naked Noodle Ramen Noodles Th...25g,50p,£2.00 per 100g,,food-cupboard
Naked Noodle Singapore Curry Pot,Naked Noodle Singapore Curry Pot78g,£1.20,£15.38 per kg,,food-cupboard
Naked Noodle Sweet Chilli Pot Snack,Naked Noodle Sweet Chilli Pot Snack78g,£1.25,£16.03 per kg,,food-cupboard
Naked Noodle Teriyaki Noodle Pot,Naked Noodle Teriyaki Noodle Pot78g,£1.25,£16.03 per kg,,food-cupboard
Naked Noodle Thai Green Curry Noodle ,Naked Noodle Thai Green Curry Noodle 104g,£1.50,£14.42 per kg,,food-cupboard
Naked Noodle The Big One Thai Fiery Chicken Panang,Naked Noodle The Big One Th...104g,£1.50,£14.42 per kg,,food-cupboard
Naked Noodle Vietnamese Beef Pho Noodle Pot ,Naked Noodle Vietnamese Beef Pho Noodle Pot 78g,£1.25,£16.03 per kg,,food-cupboard
Naked Rice Long Grain Rice Japanese Katsu Curry,Naked Rice Long Grain Rice Japanese Katsu Curry78g,£1.25,£16.03 per kg,,food-cupboard
Naked Rice Long Grain Rice Szechuan Sweet & Spicy,Naked Rice Long Grain Rice...78g,£1.25,£16.03 per kg,,food-cupboard
Naked Ultimate Beef Noodle Pot ,Naked Ultimate Beef Noodle Pot 90g,£1.50,£1.67 per 100g,,food-cupboard
Nando's Barbecue Peri Peri Rub Medium,Nando's Barbecue Peri Peri Rub Medium25g,£1,£4.00 per 100g,,food-cupboard
Nando's Garlic Peri-Peri Sauce,Nando's Garlic Peri-Peri Sauce260g,£2.69,£1.03 per 100g,,food-cupboard
Nando's Hot Peri-Peri Sauce,Nando's Hot Peri-Peri Sauce250ml,£2.69,£1.08 per 100ml,,food-cupboard
Nando's Medium Peri-Peri Sauce,Nando's Medium Peri-Peri Sauce250ml,£2.69,£1.08 per 100ml,,food-cupboard
Nando's Paprika And Lime Bag N Bake,Nando's Paprika And Lime Bag N Bake20g,£1.35,£6.75 per 100g,,food-cupboard
Nando's Peri-Peri Bag & Bake Garlic,Nando's Peri-Peri Bag & Bake Garlic20g,£1.35,£6.75 per 100g,,food-cupboard
Nando's Peri-Peri Bag & Bake Hot,Nando's Peri-Peri Bag & Bake Hot20g,£1.35,67.5p per 10g,,food-cupboard
Nando's Peri-Peri Bag & Bake Lemon & Herb Extra Mild ,Nando's Peri-Peri Bag & Bake...20g,£1.35,67.5p per 10g,,food-cupboard
Nando's Peri-Peri Bag & Bake Smokey BBQ,Nando's Peri-Peri Bag & Bake Smokey BBQ20g,£1.35,£6.75 per 100g,,food-cupboard
Nando's Peri-Peri Coat & Cook Medium,Nando's Peri-Peri Coat & Cook Medium120g,£1,83.3p per 100g,,food-cupboard
Nando's Peri-Peri Marinade Hot,Nando's Peri-Peri Marinade Hot260g,£2.30,88.5p per 100g,,food-cupboard
Nando's Peri-Peri Marinade Lemon & Herb,Nando's Peri-Peri Marinade Lemon & Herb260g,£2.30,88.5p per 100g,,food-cupboard
Nando's Peri-Peri Marinade Medium,Nando's Peri-Peri Marinade Medium262g,£2.30,87.8p per 100g,,food-cupboard
Nando's Peri-Peri Sauce Extra Extra Hot ,Nando's Peri-Peri Sauce Extra Extra Hot 250g,£2.69,£1.08 per 100g,,food-cupboard
Nando's Peri-Peri Sauce Garlic,Nando's Peri-Peri Sauce Garlic500g,£4,80p per 100g,,food-cupboard
Nando's Peri-Peri Sauce Hot ,Nando's Peri-Peri Sauce Hot 500g,£4.09,81.8p per 100g,,food-cupboard
Nando's Peri-Peri Sauce Lemon & Herb,Nando's Peri-Peri Sauce Lemon & Herb250ml,£2.69,£1.08 per 100ml,,food-cupboard
Nando's Peri-Peri Sauce Medium ,Nando's Peri-Peri Sauce Medium 500g,£4.09,81.8p per 100g,,food-cupboard
Nando's Peri-Peri Wrap Kit Lemon & Herb Mild,Nando's Peri-Peri Wrap Kit Lemon & Herb Mild261g,£3.39,£1.30 per 100g,,food-cupboard
Nando's Peri-Peri Wrap Kit Medium,Nando's Peri-Peri Wrap Kit Medium261g,£3.39,£1.30 per 100g,,food-cupboard
Nando'S Peri-Peri Wrap Kit Medium 261G,Nando'S Peri-Peri Wrap Kit Medium 261G261g,£3.39,£1.30 per 100g,,food-cupboard
Nando's Perinaise Peri-Peri Mayonnaise Garlic,Nando's Perinaise Peri-Peri Mayonnaise Garlic265g,£2.25,84.9p per 100g,,food-cupboard
Nando's Perinaise Peri-Peri Mayonnaise Hot,Nando's Perinaise Peri-Peri Mayonnaise Hot265g,£2.25,84.9p per 100g,,food-cupboard
Nando's Perinaise Peri-Peri Mayonnaise Mild,Nando's Perinaise Peri-Peri Mayonnaise Mild465g,£3.49,75.1p per 100g,,food-cupboard
Nando's Perinaise Peri Peri Mayonnaise Mild,Nando's Perinaise Peri Peri Mayonnaise Mild265g,£2.25,84.9p per 100g,,food-cupboard
Nando's Peri Peri Rub Medium,Nando's Peri Peri Rub Medium25g,£1,£4.00 per 100g,,food-cupboard
Nando's Peri Peri Salt,Nando's Peri Peri Salt70g,£2,£2.86 per 100g,,food-cupboard
Nando's Sweet Chilli Jam,Nando's Sweet Chilli Jam265g,£2.25,84.9p per 100g,,food-cupboard
Napolina Extra Virgin Olive Oil,Napolina Extra Virgin Olive Oil500ml,£4.99,99.8p per 100ml,,food-cupboard
Napolina Extra Virgin Olive Oil,Napolina Extra Virgin Olive Oil750ml,£6.99,93.2p per 100ml,,food-cupboard
Napolina Fusilli ,Napolina Fusilli 3kg,£6.50,21.7p per 100g,,food-cupboard
Napolina Fusilli Pasta,Napolina Fusilli Pasta500g,£1.49,£2.98 per kg,,food-cupboard
Napolina Gluten Free Fusilli,Napolina Gluten Free Fusilli400g,£2.29,£5.73 per kg,,food-cupboard
Napolina Gluten Free Spaghetti,Napolina Gluten Free Spaghetti400g,£2.29,£5.73 per kg,,food-cupboard
Napolina Large Pizza Bases,Napolina Large Pizza Bases2 x 150g,£1.99,66.3p per 100g,,food-cupboard
Napolina Light in Colour Olive Oil,Napolina Light in Colour Olive Oil500ml,£4.99,99.8p per 100ml,,food-cupboard
Napolina Light In Colour Olive Oil,Napolina Light In Colour Olive Oil750ml,£6.99,93.2p per 100ml,,food-cupboard
Napolina Olive Oil,Napolina Olive Oil500ml,£4.99,99.8p per 100ml,,food-cupboard
Napolina Olive Oil,Napolina Olive Oil750ml,£6.99,93.2p per 100ml,,food-cupboard
Napolina Penne,Napolina Penne3kg,£6.50,21.7p per 100g,,food-cupboard
Napolina Penne Pasta,Napolina Penne Pasta500g,£1.49,£2.98 per kg,,food-cupboard
Napolina Plain Lasagne,Napolina Plain Lasagne9 x 375g,£1.55,4.6p per 100g,,food-cupboard
Napolina Rigatoni Pasta,Napolina Rigatoni Pasta500g,£1.49,£2.98 per kg,,food-cupboard
Napolina Short Spaghetti ,Napolina Short Spaghetti 3kg,£6.50,21.7p per 100g,,food-cupboard
Napolina Spaghetti,Napolina Spaghetti500g,£1.49,£2.98 per kg,,food-cupboard
Natural Selection Whole Chia Seeds,Natural Selection Whole Chia Seeds200g,£2,£1.00 per 100g,,food-cupboard
Nature's Finest Fruit Cocktail In Juice ,Nature's Finest Fruit Cocktail In Juice 400g,£1.99,49.8p per 100g,,food-cupboard
Nature's Finest Mandarin in Juice (390g),Nature's Finest Mandarin in Juice (390g)225g,£1.89,84p per 100g,,food-cupboard
Nature's Finest Mandarins In Juice ,Nature's Finest Mandarins In Juice 700g,£2.75,39.3p per 100g,,food-cupboard
Nature's Finest Mandarins In Juice,Nature's Finest Mandarins In Juice4 x 113g,£2.40,53.1p per 100g,,food-cupboard
Nature's Finest Mango in Juice (400g),Nature's Finest Mango in Juice (400g)210g,£1.89,90p per 100g,,food-cupboard
Nature's Finest Peach In Juice,Nature's Finest Peach In Juice4 x 120g,£2.40,50p per 100g,,food-cupboard
Nature's Finest Peach in Juice (400g),Nature's Finest Peach in Juice (400g)230g,£1.99,£8.65 per kg,,food-cupboard
Nature's Finest Peach In Juice (700g),Nature's Finest Peach In Juice (700g)390g,£3.29,84.4p per 100g,,food-cupboard
Nature's Finest Pitted Prunes in Juice (700g),Nature's Finest Pitted Prunes in Juice (700g)375g,£3.50,93.3p per 100g,,food-cupboard
Nature's Path Gluten Free Berry Granola,Nature's Path Gluten Free Berry Granola300g,£3.49,£1.16 per 100g,,food-cupboard
Nature Valley Crunchy Canadian Maple Syrup Cereal Bars,Nature Valley Crunchy Canadian...5 x 42g,£1.50,71.3p per 100g,"Offer price £1.50, was £2.40",food-cupboard
Nature Valley Crunchy Dipped Milk Chocolate,Nature Valley Crunchy Dipped Milk Chocolate8 x 20g,£1.50,93.6p per 100g,"Offer price £1.50, was £2.50",food-cupboard
Nature Valley Crunchy Family Variety Pack,Nature Valley Crunchy Family Variety Pack10 x 42g,£3,7.1p per 10g,,food-cupboard
Nature Valley Crunchy Oats & Chocolate Cereal Bars,Nature Valley Crunchy Oats...5 x 42g,£1.50,71.3p per 100g,"Offer price £1.50, was £2.40",food-cupboard
   Nature Valley Crunchy Oats & Honey Cereal Bars,   Nature Valley Crunchy Oats & Honey Cereal Bars5 x 42g,£1.50,71.3p per 100g,"Offer price £1.50, was £2.40",food-cupboard
Nature Valley Crunchy Variety Cereal Bars,Nature Valley Crunchy Variety Cereal Bars5 x 42g,£1.50,71.3p per 100g,"Offer price £1.50, was £2.40",food-cupboard
"Nature Valley Fruit & Nut Bars Apple ,Raisin ,Almond & Peanut ",Nature Valley Fruit & Nut Bars Appl...4 x 30g,£2.25,£1.88 per 100g,,food-cupboard
"Nature Valley Fruit & Nut Bars Berry, Raisin, Almond & Peanut ",Nature Valley Fruit & Nut Bars Berr...4 x 30g,£2.25,£1.88 per 100g,,food-cupboard
Nature Valley Protein Peanut & Chocolate Cereal Bars,Nature Valley Protein Peanut...4 x 40g,£2.50,£1.56 per 100g,"Offer price £2.50, was £2.99",food-cupboard
Nature Valley Protein Salted Caramel Cereal Bars,Nature Valley Protein Salte...4 x 40g,£2.50,£1.56 per 100g,"Offer price £2.50, was £2.99",food-cupboard
Nature Valley Sweet & Salty Nut Dark Chocolate With Nuts,Nature Valley Sweet & Salty Nut...4 x 30g,£1.75,£1.46 per 100g,,food-cupboard
Nature Valley Sweet & Salty Nut Roasted Peanuts ,Nature Valley Sweet & Salty...4 x 30g,£1.75,£1.46 per 100g,,food-cupboard
Naturya Chia Chocolate Organic,Naturya Chia Chocolate Organic175g,£4.80,£2.74 per 100g,,food-cupboard
Naturya Chia Strawberry Organic ,Naturya Chia Strawberry Organic 175g,£5,£2.86 per 100g,,food-cupboard
Naturya Flaxseed Apple & Cinnamon,Naturya Flaxseed Apple & Cinnamon240g,£4.80,£2.00 per 100g,,food-cupboard
Naturya Flaxseed Mix Berry,Naturya Flaxseed Mix Berry240g,£4.80,£2.00 per 100g,,food-cupboard
Naturya Superfood Breakfast Boost Cacao Crunch,Naturya Superfood Breakfa...150g,£4.80,£3.20 per 100g,,food-cupboard
Naturya Under Skin Cacao ,Naturya Under Skin Cacao 140g,£7.99,£5.71 per 100g,,food-cupboard
Naturya Under Skin Vanilla,Naturya Under Skin Vanilla140g,£7.99,£5.71 per 100g,,food-cupboard
Nem Viet Pho Kit ,Nem Viet Pho Kit 157g,£2.50,£1.59 per 100g,,food-cupboard
Nescafe Azera Americano,Nescafe Azera Americano90g,£6.25,£6.94 per 100g,,food-cupboard
Nescafe Azera Americano Decaff ,Nescafe Azera Americano Decaff 90g,£6.25,£6.94 per 100g,,food-cupboard
Nescafe Azera Americano Instant Coffee,Nescafe Azera Americano Instant Coffee140g,£5.50,£3.93 per 100g,"Offer price £5.50, was £8.19",food-cupboard
Nescafe Azera Grindsmith Craft Coffee,Nescafe Azera Grindsmith Craft Coffee75g,£6.25,£8.33 per 100g,,food-cupboard
Nescafe Azera Intenso,Nescafe Azera Intenso90g,£6.25,£6.94 per 100g,,food-cupboard
Nescafe Azera Perky Blenders Craft Instant Coffee,Nescafe Azera Perky Blender...75g,£6.25,83.3p per 10g,,food-cupboard
Nescafe Dolce Gusto Americano Decaff Coffee Pods 16 Capsules,Nescafe Dolce Gusto Americano Decaf...128g,£4.95,£3.87 per 100g,Buy 2 for £8,food-cupboard
Nescafe Dolce Gusto Americano Intenso Coffee Pods x 16,Nescafe Dolce Gusto Americano I...144g,£4.95,£3.44 per 100g,Buy 2 for £8,food-cupboard
Nescafe Dolce Gusto Cafe Americano Coffee Pods x 16,Nescafe Dolce Gusto Cafe Amer...128g,£4.95,£3.87 per 100g,Buy 2 for £8,food-cupboard
Nescafe Dolce Gusto Cafe Au Lait Coffee Pods x 16,Nescafe Dolce Gusto Cafe Au Lait Coffee Pods x 16160g,£4.95,£3.09 per 100g,Buy 2 for £8,food-cupboard
Nescafe Dolce Gusto Cafe Au Lait Intenso Coffee Pods x 16,Nescafe Dolce Gusto Cafe Au Lait...160g,£4.95,£3.09 per 100g,Buy 2 for £8,food-cupboard
Nescafe Dolce Gusto Cappuccino Coffee Pods x 16,Nescafe Dolce Gusto Cappu...186.4g,£4.95,£2.66 per 100g,Buy 2 for £8,food-cupboard
Nescafe Dolce Gusto Chococino Coffee Pods x 16,Nescafe Dolce Gusto Choco...256g,£4.95,£1.93 per 100g,Buy 2 for £8,food-cupboard
Nescafe Dolce Gusto Flat White Pods 16,Nescafe Dolce Gusto Flat White Pods 16187g,£4.95,£2.65 per 100g,Buy 2 for £8,food-cupboard
Nescafe Dolce Gusto Latte Macchiato 16 Capsules,Nescafe Dolce Gusto Latte Macchiato 16 Capsules183.2g,£4.95,£2.70 per 100g,Buy 2 for £8,food-cupboard
Nescafe Dolce Gusto Skinny Cappuccino Coffee Pods 8s,Nescafe Dolce Gusto Skinny Ca...161.6g,£4.95,£3.06 per 100g,Buy 2 for £8,food-cupboard
Nescafe Gold Alta Rica ,Nescafe Gold Alta Rica 95g,£3.50,£3.69 per 100g,"Offer price £3.50, was £5.25",food-cupboard
Nescafe Gold Blend,Nescafe Gold Blend100g,£3.49,£3.49 per 100g,,food-cupboard
Nescafe Gold Blend Instant Coffee,Nescafe Gold Blend Instant Coffee200g,£6,£3.00 per 100g,"Offer price £6, was £6.99",food-cupboard
Nescafe Gold Blend Roastery Dark,Nescafe Gold Blend Roastery Dark95g,£5.99,£6.31 per 100g,,food-cupboard
Nescafe Gold Blend Roastery Light,Nescafe Gold Blend Roastery Light95g,£5.99,£6.31 per 100g,,food-cupboard
Nescafe Gold Blend Roastery Light Roast Decaf Instant Coffee,Nescafe Gold Blend Roastery Light R...95g,£5.99,£6.31 per 100g,,food-cupboard
Nescafe Gold Cappuccino Decaf Unsweetened Instant Coffee 8 x Sachets,Nescafe Gold Cappuccino Decaf Unsweeten...120g,£3,£2.50 per 100g,,food-cupboard
Nescafe Gold Cappuccino Instant Coffee 12 Sachets,Nescafe Gold Cappuccino Instant Coffee 12 Sachets186g,£3.89,£2.09 per 100g,,food-cupboard
Nescafe Gold Cappuccino Instant Coffee 8 x Sachets,Nescafe Gold Cappuccino Instant Coffee 8 x Sachets124g,£3,£2.42 per 100g,,food-cupboard
Nescafe Gold Cappuccino Unsweetened Instant Coffee 8 x Sachets,Nescafe Gold Cappuccino Unsweetened...113.6g,£3,£2.64 per 100g,,food-cupboard
Nescafe Gold Caramel Latte Instant Coffee 8 x Sachets,Nescafe Gold Caramel Latte In...136g,£3,£2.21 per 100g,,food-cupboard
Nescafe Gold Decaf Instant Coffee,Nescafe Gold Decaf Instant Coffee200g,£6,£3.00 per 100g,"Offer price £6, was £6.99",food-cupboard
Nescafe Gold Decaf Instant Coffee  ,Nescafe Gold Decaf Instant Coffee  100g,£3.49,£3.49 per 100g,,food-cupboard
Nescafe Gold Double Choc Mocha,Nescafe Gold Double Choc Mocha8 x 167.2g,£3.35,25p per 100g,,food-cupboard
Nescafe Gold Double Choc Mocha 12 Sachets,Nescafe Gold Double Choc Mocha 12 Sachets250.8g,£3.89,£1.55 per 100g,,food-cupboard
Nescafe Gold Espresso,Nescafe Gold Espresso95g,£3.50,£3.69 per 100g,"Offer price £3.50, was £5.25",food-cupboard
Nescafe Gold Flat White Instant Coffee 8 x Sachets,Nescafe Gold Flat White Instant Coffee 8 x Sachets100g,£3,£3.00 per 100g,,food-cupboard
Nescafe Gold Intense Instant Coffee,Nescafe Gold Intense Instant Coffee200g,£6,£3.00 per 100g,"Offer price £6, was £6.99",food-cupboard
Nescafe Gold Irish Latte,Nescafe Gold Irish Latte8 x 158.4g,£3.35,26.4p per 100g,,food-cupboard
Nescafe Gold Latte 8 Mugs ,Nescafe Gold Latte 8 Mugs 124g,£3,£2.42 per 100g,,food-cupboard
Nescafe Gold Latte Instant Coffee 12 x Sachets,Nescafe Gold Latte Instant Coffee 12 x Sachets186g,£3.89,£2.09 per 100g,,food-cupboard
Nescafe Gold Origins Alta Rica,Nescafe Gold Origins Alta Rica190g,£9.99,£5.26 per 100g,,food-cupboard
Nescafe Gold Smooth,Nescafe Gold Smooth200g,£6,£3.00 per 100g,"Offer price £6, was £6.99",food-cupboard
Nescafe Gold Special Edition Salted Caramel Mocha,Nescafe Gold Special Editio...7 x 133g,£3,32.2p per 100g,,food-cupboard
Nescafe Gold Toffee Nut Latte,Nescafe Gold Toffee Nut Latte8 x 18.6g,£3.35,£2.25 per 100g,,food-cupboard
Nescafe Gold Vanilla Latte Coffee 8 Sachets x 18.5g,Nescafe Gold Vanilla Latte Coffee 8 Sachets x 18.5g148g,£3,£2.03 per 100g,,food-cupboard
Nescafe Original 2in1 Instant Coffee 6 x Sachets,Nescafe Original 2in1 Instant Coffee 6 x Sachets6 x 10g,£1.39,£2.32 per 100g,,food-cupboard
Nescafe Original 3in1 Instant Coffee 6 x Sachets,Nescafe Original 3in1 Instant Coffee 6 x Sachets6 x 17g,£1.39,£1.36 per 100g,,food-cupboard
Nescafe Original Decaff Instant Coffee,Nescafe Original Decaff Instant Coffee200g,£6.75,£3.38 per 100g,,food-cupboard
Nescafe Original Decaff Instant Coffee,Nescafe Original Decaff Instant Coffee100g,£3.50,£3.50 per 100g,,food-cupboard
Nescafe Original Decaff  Instant Coffee,Nescafe Original Decaff  Instant Coffee300g,£6,£2.00 per 100g,"Offer price £6, was £8",food-cupboard
Nescafe Original Instant Coffee,Nescafe Original Instant Coffee200g,£6.75,£3.38 per 100g,,food-cupboard
Nescafe Original Instant Coffee ,Nescafe Original Instant Coffee 300g,£6,£2.00 per 100g,"Offer price £6, was £8",food-cupboard
Nescafe Original Instant Coffee,Nescafe Original Instant Coffee100g,£3.50,£3.50 per 100g,,food-cupboard
Nesquik Mix,Nesquik Mix325g,£2.79,85.8p per 100g,,food-cupboard
Nestle Bitesize Shredded Wheat,Nestle Bitesize Shredded Wheat370g,£1.50,40.5p per 100g,,food-cupboard
Nestle Bitesize Shredded Wheat Cereal,Nestle Bitesize Shredded Wheat Cereal625g,£3,48p per 100g,"Offer price £3, was £3.69",food-cupboard
Nestle Black Magic,Nestle Black Magic348g,£7,£2.01 per 100g,,food-cupboard
Nestle Box Bowls Cereals 6 Pack,Nestle Box Bowls Cereals 6 Pack214g,£2.69,£1.26 per 100g,,food-cupboard
Nestle Cheerios,Nestle Cheerios300g,£1.50,50p per 100g,,food-cupboard
Nestle Cheerios Multigrain,Nestle Cheerios Multigrain540g,£3,55.5p per 100g,"Offer price £3, was £3.69",food-cupboard
Nestle Cheerios Multigrain Cereal,Nestle Cheerios Multigrain Cereal390g,£3.29,84.4p per 100g,,food-cupboard
Nestle Coco Shreddies Cereal,Nestle Coco Shreddies Cereal560g,£3.99,71.3p per 100g,,food-cupboard
Nestle Coffee Mate Original,Nestle Coffee Mate Original800g,£6.29,78.6p per 100g,,food-cupboard
Nestle Cookie Crisp Cereal,Nestle Cookie Crisp Cereal500g,£3.29,65.8p per 100g,,food-cupboard
Nestle Curiously Cinnamon Cereal,Nestle Curiously Cinnamon Cereal375g,£3.49,93.1p per 100g,,food-cupboard
Nestle Curiously Cinnamon Churros Cereal,Nestle Curiously Cinnamon Churros Cereal360g,£3.49,96.9p per 100g,,food-cupboard
Nestle Frosted Shreddies Cereal,Nestle Frosted Shreddies Cereal560g,£3.99,71.3p per 100g,,food-cupboard
Nestle Golden Nuggets Cereal,Nestle Golden Nuggets Cereal375g,£3.29,87.7p per 100g,,food-cupboard
Nestle Honey Cheerios,Nestle Honey Cheerios280g,£1.50,53.6p per 100g,,food-cupboard
Nestle Honey Cheerios Cereal,Nestle Honey Cheerios Cereal370g,£3.29,88.9p per 100g,,food-cupboard
Nestle Honey Shreddies,Nestle Honey Shreddies460g,£3.19,69.3p per 100g,,food-cupboard
Nestle Lion Cereal,Nestle Lion Cereal400g,£2.89,72.3p per 100g,,food-cupboard
Nestle Nesquik Cereal,Nestle Nesquik Cereal375g,£3.25,86.7p per 100g,,food-cupboard
Nestle Nesquik Chocolate & Banana Pillows Cereal ,Nestle Nesquik Chocolate & Banana Pillows Cereal 350g,£3.29,94p per 100g,,food-cupboard
Nestle Shredded Wheat Apricot Fruit Wheats,Nestle Shredded Wheat Apricot Fruit Wheats450g,£2,44.4p per 100g,,food-cupboard
Nestle Shredded Wheat Blueberry Fruit Wheats,Nestle Shredded Wheat Blueberry Fruit Wheats450g,£2,44.4p per 100g,,food-cupboard
Nestle Shredded Wheat Cereal,Nestle Shredded Wheat Cereal16 per pack,£2,12.5p each,"Offer price £2, was £2.49",food-cupboard
Nestle Shredded Wheat Cereal,Nestle Shredded Wheat Cereal30 per pack,£3.49,11.6p each,,food-cupboard
Nestle Shredded Wheat Honey Nut Cereal,Nestle Shredded Wheat Honey Nut Cereal500g,£2.50,50p per 100g,"Offer price £2.50, was £3.49",food-cupboard
Nestle Shredded Wheat Red Berries and Vanilla Cereal,Nestle Shredded Wheat Red Ber...450g,£3.99,88.7p per 100g,,food-cupboard
Nestle Shreddies Original Cereal,Nestle Shreddies Original Cereal460g,£2.50,54.3p per 100g,"Offer price £2.50, was £3.19",food-cupboard
Nestle Shreddies Simple,Nestle Shreddies Simple460g,£2,43.5p per 100g,,food-cupboard
Nestle Shreddies The Original ,Nestle Shreddies The Original 630g,£3,47.6p per 100g,"Offer price £3, was £3.99",food-cupboard
Nestle Shreddies The Original,Nestle Shreddies The Original390g,£1.50,38.5p per 100g,,food-cupboard
Newman's Own Dressing & Dip Ranch,Newman's Own Dressing & Dip Ranch250ml,£1.99,79.6p per 100ml,,food-cupboard
Nexba Elder Lemon Kombucha ,Nexba Elder Lemon Kombucha 1L,£2.75,£2.75 per litre,,food-cupboard
Nickelodeon Pinkfong Baby Shark Cupcake Kit,Nickelodeon Pinkfong Baby Shark Cupcake Kit131g,£1.50,£1.15 per 100g,"Offer price £1.50, was £2",food-cupboard
Nielsen Massey Vanilla Bean Paste,Nielsen Massey Vanilla Bean Paste60ml,£5.75,£9.58 per 100ml,,food-cupboard
Nielsen Massey Vanilla Extract,Nielsen Massey Vanilla Extract60ml,£5.75,95.8p per 10ml,,food-cupboard
Nik Naks Nice 'N' Spicy Multipack Crisps 6 Pack,Nik Naks Nice 'N' Spicy Multipack Crisps 6 Pack6 x 25g,£1.49,99.3p per 100g,,food-cupboard
Nissin Cup Noodle Beef Five Spice,Nissin Cup Noodle Beef Five Spice64g,£1.50,£2.34 per 100g,"Offer price £1.50, was £1.89",food-cupboard
Nissin Cup Noodle Hot Chilli ,Nissin Cup Noodle Hot Chilli 66g,£1.50,£2.27 per 100g,"Offer price £1.50, was £1.89",food-cupboard
Nissin Soba Chilli Noodles,Nissin Soba Chilli Noodles92g,£1.89,£20.54 per kg,Buy 2 for £3,food-cupboard
Nissin Soba Classic Noodles With Yakisoba Sauce,Nissin Soba Classic Noodl...90g,£1.89,£21.00 per kg,Buy 2 for £3,food-cupboard
Nissin Soba Cup Chili,Nissin Soba Cup Chili115g,£2.29,£19.91 per kg,,food-cupboard
Nissin Soba Cup Classic,Nissin Soba Cup Classic113g,£2.29,£20.27 per kg,,food-cupboard
Nissin Soba Cup Teriyaki,Nissin Soba Cup Teriyaki90g,£1.89,£21.00 per kg,Buy 2 for £3,food-cupboard
Nissin Soba Cup Teriyaki,Nissin Soba Cup Teriyaki113g,£2.29,£20.27 per kg,,food-cupboard
Nissin Soba Peking Duck,Nissin Soba Peking Duck87g,£1.89,£2.17 per 100g,Buy 2 for £3,food-cupboard
Nissin Soba Sukiy Noodles,Nissin Soba Sukiy Noodles75g,£1.89,£2.52 per 100g,Buy 2 for £3,food-cupboard
Nissin Soba Yakitori Noodles,Nissin Soba Yakitori Noodles92g,£1.89,£20.54 per kg,Buy 2 for £3,food-cupboard
Nissin Teriyaki Chicken Cup Noodles,Nissin Teriyaki Chicken Cup Noodles70g,£1.50,£21.43 per kg,"Offer price £1.50, was £1.89",food-cupboard
Nissin Yakisoba Chili Noodles,Nissin Yakisoba Chili Noodles111g,£1.25,£11.26 per kg,"Offer price £1.25, was £1.49",food-cupboard
Nissin Yakisoba Classic Noodles,Nissin Yakisoba Classic Noodles109g,£1.25,£11.47 per kg,"Offer price £1.25, was £1.49",food-cupboard
NIVEA MEN Sensitive Post Shave Balm with 0% Alcohol,NIVEA MEN Sensitive Post Shav...100ml,£6.50,£6.50 per 100ml,,food-cupboard
Nomadic Oat Clusters Strawberry ,Nomadic Oat Clusters Strawberry 169g,£1.50,88.8p per 100g,Food To Go Meal Deal for £3.50,food-cupboard
Nomadic Oat Crunch Chocolate & Yogurt,Nomadic Oat Crunch Chocolate & Yogurt169g,£1.50,88.8p per 100g,Food To Go Meal Deal for £3.50,food-cupboard
Nong Shim Big Bowl Spicy Shin Noodle Soup,Nong Shim Big Bowl Spicy Shin Noodle Soup114g,£1.75,£15.35 per kg,,food-cupboard
Nong Shim Champong Ramyun ,Nong Shim Champong Ramyun 124g,99p,£7.98 per kg,,food-cupboard
Nongshim Kimchi Ramyun ,Nongshim Kimchi Ramyun 120g,£1,£8.33 per kg,,food-cupboard
Nongshim Shin Ramyun Noodle Soup,Nongshim Shin Ramyun Noodle Soup120g,£1,£8.33 per kg,,food-cupboard
Nong Shim Spicy Shin Cup Noodle Soup,Nong Shim Spicy Shin Cup Noodle Soup68g,£1.19,£1.75 per 100g,,food-cupboard
Nudie Cheese & Onion Cauliflower Crisps,Nudie Cheese & Onion Cauliflower Crisps22g,£1,£4.55 per 100g,,food-cupboard
Nudie Cheese & Onion Cauliflower Crisps,Nudie Cheese & Onion Cauliflower Crisps,£2,,,food-cupboard
Nudie Katsu Cauliflower Crisps,Nudie Katsu Cauliflower Crisps22g,£1,£4.55 per 100g,,food-cupboard
Nutella B-ready Chocolate & Hazelnut Wafer Biscuit Snack Bars Multipack,Nutella B-ready Chocolate & Hazelnut Wafe...132g,£1.50,£1.13 per 100g,"Offer price £1.50, was £2.30",food-cupboard
Nutella Biscuits,Nutella Biscuits276g,£3.40,£1.23 per 100g,,food-cupboard
Nutella Hazelnut Chocolate Spread,Nutella Hazelnut Chocolate Spread200g,£2.19,£1.10 per 100g,,food-cupboard
Nutella Hazelnut Chocolate Spread,Nutella Hazelnut Chocolate Spread750g,£5.75,76.7p per 100g,,food-cupboard
Nutella Hazelnut Chocolate Spread,Nutella Hazelnut Chocolate Spread350g,£3.59,£1.03 per 100g,,food-cupboard
Nutella Hazelnut Chocolate Spread,Nutella Hazelnut Chocolate Spread950g,£6.99,73.6p per 100g,,food-cupboard
Ocean Crown Gluten Free Cooked & Pickled Cockles,Ocean Crown Gluten Free Cooked & Pickled Cockles200g,£2.49,£1.25 per 100g,,food-cupboard
Ocean Crown Gluten Free Cooked & Pickled Mussels,Ocean Crown Gluten Free Cooked & Pickled Mussels200g,£2.49,£1.25 per 100g,,food-cupboard
Ocean's Halo Sea Salt Seaweed Snack,Ocean's Halo Sea Salt Seaweed Snack4g,80p,£20.00 per 100g,,food-cupboard
Ocean Spray Smooth Cranberry Sauce,Ocean Spray Smooth Cranberry Sauce250g,£1.20,48p per 100g,"Offer price £1.20, was £1.55",food-cupboard
Ocean Spray Whole Cranberry Sauce,Ocean Spray Whole Cranberry Sauce250g,£1.20,48p per 100g,"Offer price £1.20, was £1.59",food-cupboard
Old Bay Seasoning,Old Bay Seasoning75g,£2.85,£3.80 per 100g,,food-cupboard
Old El Paso 10 Street Market White Corn Tortillas ,Old El Paso 10 Street Marke...208g,£1.99,95.7p per 100g,Buy 2 for £3,food-cupboard
Old El Paso 8 Super Soft Whole Wheat Tortillas,Old El Paso 8 Super Soft Whole Wheat Tortillas326g,£2.09,64.1p per 100g,Buy 2 for £3,food-cupboard
Old El Paso 8 Tortilla Pockets,Old El Paso 8 Tortilla Pockets223g,£2.69,£1.21 per 100g,,food-cupboard
Old El Paso Black Beans,Old El Paso Black Beans425g,£1.65,38.8p per 100g,Buy 2 for £3,food-cupboard
Old El Paso Cheesy Baked Enchilada Dinner Kit,Old El Paso Cheesy Baked Enchilada Dinner Kit663g,£3.49,52.6p per 100g,,food-cupboard
Old El Paso Cheesy Baked Enchilada Kit ,Old El Paso Cheesy Baked Enchilada Kit 995g,£3,30.2p per 100g,,food-cupboard
Old El Paso Chili & Garlic One Pan Rice Meal Kit 355g,Old El Paso Chili & Garlic On...355g,£3.49,98.3p per 100g,,food-cupboard
Old El Paso Chilli Con Carne Seasoning Mix,Old El Paso Chilli Con Carne Seasoning Mix39g,£1.15,29.5p per 10g,,food-cupboard
Old El Paso Crispy Chicken Fajita Kit,Old El Paso Crispy Chicken Fajita Kit555g,£3.49,62.9p per 100g,,food-cupboard
Old El Paso Crunchy Original Tortilla Nachips ,Old El Paso Crunchy Original Tortilla Nachips 185g,£1.89,£1.02 per 100g,Buy 2 for £3,food-cupboard
Old El Paso Crunchy Taco Shells x12,Old El Paso Crunchy Taco Shells x12156g,£1.89,£1.21 per 100g,Buy 2 for £3,food-cupboard
Old El Paso Extra Mild Super Tasty Fajita Kit,Old El Paso Extra Mild Super Tasty Fajita Kit476g,£3.49,73.3p per 100g,,food-cupboard
Old El Paso Flour Tortillas,Old El Paso Flour Tortillas326g,£1.79,54.9p per 100g,Buy 2 for £3,food-cupboard
Old El Paso Garlic & Paprika Taco Seasoning Mix,Old El Paso Garlic & Papr...35g,£1.15,32.9p per 10g,,food-cupboard
Old El Paso Gluten Free Smoky BBQ Fajita Kit,Old El Paso Gluten Free Smoky BBQ Fajita Kit,£4.50,,,food-cupboard
Old El Paso Mild Salsa,Old El Paso Mild Salsa226g,£1.75,77.4p per 100g,Buy 2 for £3,food-cupboard
Old El Paso Nacho Kit Original Cheesy Bake,Old El Paso Nacho Kit Original Cheesy Bake505g,£3.49,69.1p per 100g,,food-cupboard
Old El Paso Original Smoky BBQ Sizzling Fajita Dinner Kit,Old El Paso Original Smoky BBQ Si...500g,£3.49,69.8p per 100g,,food-cupboard
Old El Paso Original Smoky BBQ Sizzling Fajita Kit 750g,Old El Paso Original Smoky BBQ...750g,£3,40p per 100g,,food-cupboard
Old El Paso Refried Beans,Old El Paso Refried Beans435g,£1.95,44.8p per 100g,Buy 2 for £3,food-cupboard
Old El Paso Roasted Tomato & Pepper Fajita Kit,Old El Paso Roasted Tomato & Pepper Fajita Kit500g,£3.49,69.8p per 100g,,food-cupboard
Old El Paso Slice Green Jalapenos,Old El Paso Slice Green Jalapenos215g,£1.65,76.7p per 100g,Buy 2 for £3,food-cupboard
Old El Paso Smoky BBQ Fajita Seasoning Mix,Old El Paso Smoky BBQ Fajita Seasoning Mix35g,£1.15,32.9p per 10g,,food-cupboard
Old El Paso Smoky Bbq Tortilla Pocket Kit,Old El Paso Smoky Bbq Tortilla Pocket Kit380g,£3.99,£1.05 per 100g,,food-cupboard
Old El Paso Squeezy Chunky Salsa,Old El Paso Squeezy Chunky Salsa238g,£2.25,94.5p per 100g,Buy 2 for £3,food-cupboard
Old El Paso Squeezy Guacamole,Old El Paso Squeezy Guacamole240g,£2.25,93.8p per 100g,Buy 2 for £3,food-cupboard
Old El Paso Squeezy Sour Cream,Old El Paso Squeezy Sour Cream230g,£2.25,97.8p per 100g,Buy 2 for £3,food-cupboard
Old El Paso Stand & Stuff Soft Tortilla Extra Mild Kit ,Old El Paso Stand & Stuff Soft Tortilla Extra Mild Kit ,£4,,,food-cupboard
Old El Paso Stand 'N' Stuff Smoky BBQ Soft Taco Kit,Old El Paso Stand 'N' Stuff Smoky BBQ Soft Taco Kit350g,£4,£1.14 per 100g,,food-cupboard
Old El Paso Stand N Stuff Tortilla Wrap Boats,Old El Paso Stand N Stuff Tortilla Wrap Boats198g,£2.35,£1.19 per 100g,Buy 2 for £3,food-cupboard
     Old El Paso Sweet Paprika & Garlic Taco Kit 308g,     Old El Paso Sweet Paprika & Garlic Taco Kit 308g307g,£3.49,£1.14 per 100g,,food-cupboard
Old El Paso Tortilla Bowl ,Old El Paso Tortilla Bowl 150g,£1.65,£1.10 per 100g,Buy 2 for £3,food-cupboard
Old El Paso Tortilla Pockets Kit,Old El Paso Tortilla Pockets Kit375g,£3.99,£1.06 per 100g,,food-cupboard
Old Time Thin Cut Irish Marmelade,Old Time Thin Cut Irish Marmelade454g,£2,44.1p per 100g,,food-cupboard
Opies Capers In Vinegar (180g),Opies Capers In Vinegar (180g)100g,£2.35,£2.35 per 100g,,food-cupboard
Opies Cocktail Cherries (225g),Opies Cocktail Cherries (225g)125g,£2.19,£1.75 per 100g,,food-cupboard
Opies Cornichons & Onions With Mustard Seeds,Opies Cornichons & Onio...350g,£1.40,40p per 100g,,food-cupboard
Opies Lemon Slices in Lemon Juice (350g),Opies Lemon Slices in Lemon Juice (350g)180g,£1.95,£1.08 per 100g,,food-cupboard
Opies Mini Gherkins (227g),Opies Mini Gherkins (227g)125g,£1.35,£1.08 per 100g,,food-cupboard
Opies Mini Silverskin Onions (227g),Opies Mini Silverskin Onions (227g)120g,£1.25,£1.04 per 100g,,food-cupboard
Opies Pickled Walnuts In Malt Vinegar (390g),Opies Pickled Walnuts In Malt Vinegar (390g)170g,£3.75,£2.21 per 100g,,food-cupboard
Options Belgian Choc Mint,Options Belgian Choc Mint220g,£4.49,£2.04 per 100g,,food-cupboard
Options Belgian Chocolate,Options Belgian Chocolate220g,£4.49,£2.04 per 100g,,food-cupboard
Options Belgian Chocolate Salted Caramel,Options Belgian Chocolate Salted Caramel220g,£4.49,£2.04 per 100g,,food-cupboard
Options White Chocolate  ,Options White Chocolate  220g,£4.49,£2.04 per 100g,,food-cupboard
Oreo Original Sandwich Biscuits,Oreo Original Sandwich Biscuits154g,89p,57.8p per 100g,"Offer price 89p, was £1",food-cupboard
Oreo Original Twin Pack 28 Biscuits,Oreo Original Twin Pack 28 Biscuits2 x 154g,£1.75,56.8p per 100g,,food-cupboard
Oreo O'S Cereal,Oreo O'S Cereal350g,£4,£1.14 per 100g,,food-cupboard
Oreo Sandwich Biscuits Birthday Party,Oreo Sandwich Biscuits Birthday Party154g,89p,57.8p per 100g,"Offer price 89p, was £1",food-cupboard
Oreo Sandwich Biscuits Choc'o Brownie,Oreo Sandwich Biscuits Choc'o Brownie154g,89p,57.8p per 100g,"Offer price 89p, was £1",food-cupboard
Oreo Sandwich Biscuits Double Stuff,Oreo Sandwich Biscuits Double Stuff157g,89p,56.7p per 100g,"Offer price 89p, was £1",food-cupboard
Oreo Sandwich Biscuits Vanilla 6 Snack Packs,Oreo Sandwich Biscuits Vanilla 6 Snack Packs6 x 22g,£1,75.8p per 100g,,food-cupboard
Oreo Twists Vanilla Caramel Flavour ,Oreo Twists Vanilla Caramel Flavour 157g,89p,56.7p per 100g,"Offer price 89p, was £1",food-cupboard
Oreo Twists Vanilla Raspberry Flavour ,Oreo Twists Vanilla Raspberry Flavour 157g,89p,56.7p per 100g,"Offer price 89p, was £1",food-cupboard
Original Chip-Shop Batter Mix,Original Chip-Shop Batter Mix170g,75p,£4.41 per kg,,food-cupboard
Original Farmhouse Style Dumplings Mix,Original Farmhouse Style Dumplings Mix142g,£1.19,£8.38 per kg,,food-cupboard
Original Yorkshire Puddings & Pancakes Mix,Original Yorkshire Puddings & Pancakes Mix142g,75p,£5.28 per kg,,food-cupboard
Osprey Tuna Flakes In Brine,Osprey Tuna Flakes In Brine160g,89p,55.6p per 100g,Buy 3 for £2,food-cupboard
Ovaltine Chocolate Light,Ovaltine Chocolate Light300g,£3.99,£1.33 per 100g,,food-cupboard
Ovaltine Original,Ovaltine Original300g,£3.99,£1.33 per 100g,,food-cupboard
Ovaltine Original Light,Ovaltine Original Light300g,£3.99,£1.33 per 100g,,food-cupboard
Oxo 12 Reduced Salt Chicken Stock Cubes,Oxo 12 Reduced Salt Chicken Stock Cubes71g,£2.39,£3.37 per 100g,,food-cupboard
Oxo 12 Reduced Salt Vegetable Stock Cubes,Oxo 12 Reduced Salt Vegetable Stock Cubes71g,£2.39,£3.37 per 100g,,food-cupboard
Oxo 25% Less Salt 24 Beef Stock Cubes ,Oxo 25% Less Salt 24 Beef Stock Cubes 142g,£3.99,£2.81 per 100g,,food-cupboard
Oxo Beef Stock 12 Cubes,Oxo Beef Stock 12 Cubes71g,£2.39,£3.37 per 100g,,food-cupboard
Oxo Beef Stock 24 Cubes,Oxo Beef Stock 24 Cubes142g,£3.99,£2.81 per 100g,,food-cupboard
Oxo Chicken Stock 12 Cubes,Oxo Chicken Stock 12 Cubes71g,£2.39,£3.37 per 100g,,food-cupboard
Oxo Chicken Stock Cubes 24s,Oxo Chicken Stock Cubes 24s142g,£3.99,£2.81 per 100g,,food-cupboard
Oxo Lamb Stock 12 Cubes,Oxo Lamb Stock 12 Cubes71g,£2.39,£3.37 per 100g,,food-cupboard
Oxo Reduced Salt Beef Stock 12 Cubes,Oxo Reduced Salt Beef Stock 12 Cubes71g,£2.39,£3.37 per 100g,,food-cupboard
Oxo Stock Cubes Chicken Reduced Salt,Oxo Stock Cubes Chicken Reduced Salt24 per pack,£3.99,16.6p each,,food-cupboard
Oxo Stock Pots Garden Vegetable,Oxo Stock Pots Garden Vegetable4 x 20g,£1.99,£2.49 per 100g,Buy 2 for £3,food-cupboard
Oxo Stock Pots Red Wine ,Oxo Stock Pots Red Wine 4 x 20g,£1.99,£2.49 per 100g,Buy 2 for £3,food-cupboard
Oxo Stock Pots Rich Beef,Oxo Stock Pots Rich Beef4 x 20g,£1.99,£2.49 per 100g,Buy 2 for £3,food-cupboard
Oxo Stock Pots Rich Beef,Oxo Stock Pots Rich Beef4 x 20g,£1.99,£2.49 per 100g,Buy 2 for £3,food-cupboard
Oxo Stock Pots Succlent Chicken ,Oxo Stock Pots Succlent Chicken 4 x 20g,£1.99,£2.49 per 100g,Buy 2 for £3,food-cupboard
Oxo Stock Pot Succulent Chicken,Oxo Stock Pot Succulent Chicken4 x 20g,£1.99,£2.49 per 100g,Buy 2 for £3,food-cupboard
Oxo Vegan Beef Stock Cube,Oxo Vegan Beef Stock Cube71g,£2.39,£3.37 per 100g,,food-cupboard
Oxo Vegetable Stock 12 Cubes,Oxo Vegetable Stock 12 Cubes71g,£2.39,£3.37 per 100g,,food-cupboard
Oxo Vegetable Stock Cubes 24s,Oxo Vegetable Stock Cubes 24s142g,£3.99,£2.81 per 100g,,food-cupboard
Pagen Wholegrain Krisp Rolls,Pagen Wholegrain Krisp Rolls225g,£1.89,84p per 100g,,food-cupboard
Panda Licorice Bar   ,Panda Licorice Bar   4 x 32g,£1.30,£1.02 per 100g,,food-cupboard
Panda Original Liquorice ,Panda Original Liquorice 170g,£1.50,88.2p per 100g,,food-cupboard
Parson's Pickled Cockles,Parson's Pickled Cockles155g,£1.75,£1.13 per 100g,,food-cupboard
Parson's Pickled Mussels,Parson's Pickled Mussels155g,£1.49,96.1p per 100g,,food-cupboard
Patak's Balti Sauce,Patak's Balti Sauce450g,£2.29,50.9p per 100g,,food-cupboard
Patak's Balti Spice Paste,Patak's Balti Spice Paste283g,£2.75,97.1p per 100g,"Offer price £2.75, was £2.89",food-cupboard
Patak's Butter Chicken Sauce,Patak's Butter Chicken Sauce450g,£2.29,50.9p per 100g,,food-cupboard
Patak's Garlic & Coriander Naans,Patak's Garlic & Coriander Naans2 per pack,£1.85,92.5p each,,food-cupboard
Patak's Garlic & Coriander Pappadums,Patak's Garlic & Coriander Pappadums8 per pack,£2.29,28.6p each,,food-cupboard
Patak's Jalfrezi Sauce,Patak's Jalfrezi Sauce450g,£2.29,50.9p per 100g,,food-cupboard
Patak's Korma Sauce,Patak's Korma Sauce450g,£2.29,50.9p per 100g,,food-cupboard
Patak's Korma Spice Paste,Patak's Korma Spice Paste290g,£2.75,94.9p per 100g,"Offer price £2.75, was £2.89",food-cupboard
Patak's Korma Spice Paste Pots,Patak's Korma Spice Paste Pots2 x 70g,£1.85,£1.32 per 100g,,food-cupboard
Patak's Madras  Paste Pots,Patak's Madras  Paste Pots2 x 70g,£1.85,£1.32 per 100g,,food-cupboard
Patak's Madras Sauce,Patak's Madras Sauce450g,£2.29,50.9p per 100g,,food-cupboard
Patak's Madras Spice Paste,Patak's Madras Spice Paste283g,£2.75,97.1p per 100g,"Offer price £2.75, was £2.89",food-cupboard
Patak's Original Mango Chutney Mild ,Patak's Original Mango Chutney Mild 210g,£1.95,92.9p per 100g,,food-cupboard
Patak's Plain Naans,Patak's Plain Naans2 per pack,£1.85,92.5p each,,food-cupboard
Pataks Plain Pappadums,Pataks Plain Pappadums8 per pack,£2.29,28.6p each,,food-cupboard
Patak's Rogan Josh Sauce,Patak's Rogan Josh Sauce450g,£2.29,50.9p per 100g,,food-cupboard
Patak's Rogan Josh Spice Paste,Patak's Rogan Josh Spice Paste283g,£2.75,97.1p per 100g,"Offer price £2.75, was £2.89",food-cupboard
Patak's Tikka Masala Paste Pots,Patak's Tikka Masala Paste Pots2 x 70g,£1.85,£1.32 per 100g,,food-cupboard
Patak's Tikka Masala Sauce,Patak's Tikka Masala Sauce450g,£2.29,50.9p per 100g,,food-cupboard
Patak's Tikka Masala Spice Paste,Patak's Tikka Masala Spice Paste283g,£2.75,97.1p per 100g,"Offer price £2.75, was £2.89",food-cupboard
Paterson's Clotted Cream Shortbread ,Paterson's Clotted Cream Shortbread 300g,£1.25,41.7p per 100g,,food-cupboard
Paterson's Scottish Shortbread Fingers,Paterson's Scottish Shortbread Fingers300g,£1.25,41.7p per 100g,,food-cupboard
Pauwels Light Mayonnaise,Pauwels Light Mayonnaise500ml,£1.69,33.8p per 100ml,,food-cupboard
Pauwels Real Mayonnaise,Pauwels Real Mayonnaise500ml,£1.69,33.8p per 100ml,,food-cupboard
Paw Patrol Cupcake Kit,Paw Patrol Cupcake Kit183g,£1.25,68.3p per 100g,"Offer price £1.25, was £2",food-cupboard
Paxo Golden Breadcrumbs   ,Paxo Golden Breadcrumbs   227g,£1.55,68.3p per 100g,,food-cupboard
Paxo Natural Breadcrumbs,Paxo Natural Breadcrumbs227g,£1.55,68.3p per 100g,,food-cupboard
Paxo Sage & Onion,Paxo Sage & Onion340g,£3.50,£1.03 per 100g,,food-cupboard
Paxo Sage & Onion,Paxo Sage & Onion170g,£2,£1.18 per 100g,"Offer price £2, was £2.39",food-cupboard
Paxo Sage & Onion Low Salt Stuffing,Paxo Sage & Onion Low Salt Stuffing170g,£2,£1.18 per 100g,"Offer price £2, was £2.39",food-cupboard
Paxo Sage & Onion Stuffing Mix,Paxo Sage & Onion Stuffing Mix85g,£1.35,£15.88 per kg,,food-cupboard
Paxo Southern Fried Breadcrumbs,Paxo Southern Fried Breadcrumbs210g,£1.99,94.8p per 100g,,food-cupboard
Pek Chopped Pork,Pek Chopped Pork170g,£1.50,88.2p per 100g,"Offer price £1.50, was £1.99",food-cupboard
Pek Chopped Pork Gold,Pek Chopped Pork Gold170g,£1.50,88.2p per 100g,"Offer price £1.50, was £1.99",food-cupboard
Pek Cured Chopped Pork in Natural Juices,Pek Cured Chopped Pork in Natural Juices300g,£2.75,91.7p per 100g,,food-cupboard
Penn State Sea Salted Sharing Pretzels ,Penn State Sea Salted Sharing Pretzels 175g,£1.50,85.7p per 100g,,food-cupboard
Penn State Sour Cream & Chive Sharing Pretzels 175g,Penn State Sour Cream & Chive...175g,£1.50,85.7p per 100g,,food-cupboard
Peppadew Mild Chopped Piquante Peppers ,Peppadew Mild Chopped Piquante Peppers 400g,£3.25,81.3p per 100g,,food-cupboard
Peppadew Mild Sweet Piquante Peppers,Peppadew Mild Sweet Piquante Peppers400g,£3.25,81.3p per 100g,,food-cupboard
Peppa Pig Cupcake Mix 175G,Peppa Pig Cupcake Mix 175G175g,£1.50,86p per 100g,"Offer price £1.50, was £2",food-cupboard
Peppa Pig Meal Time Set & Egg,Peppa Pig Meal Time Set & Egg50g,£4,£8.00 per 100g,,food-cupboard
Percol Black & Beyond Espresso Instant Coffee 6s,Percol Black & Beyond Espresso Instant Coffee 6s100g,£3.99,£3.99 per 100g,,food-cupboard
Percol Fairtrade Decaf Colombia Instant Coffee ,Percol Fairtrade Decaf Colombia Instant Coffee 100g,£3.99,£3.99 per 100g,,food-cupboard
Percol Fairtrade Smooth Colombia Instant Coffee,Percol Fairtrade Smooth Colombia Instant Coffee100g,£3.99,£3.99 per 100g,,food-cupboard
Perkier Cacao & Orange Protein Bars,Perkier Cacao & Orange Protein Bars3 x 35g,£2,£1.90 per 100g,,food-cupboard
Perkier Crunchy Peanut Protein Bars,Perkier Crunchy Peanut Protein Bars3 x 35g,£2,£1.90 per 100g,,food-cupboard
Perkier Madagascan Vanilla & Dark Chocolate Bars ,Perkier Madagascan Vanilla...3 x 37g,£2.75,£2.48 per 100g,,food-cupboard
Perkier Nutty Toffee & Dark Choc Vitamin Bars,Perkier Nutty Toffee & Dark Choc Vitamin Bars3 x 37g,£2.75,£2.48 per 100g,,food-cupboard
Perkier Salted Caramel & Dark Chocolate Vitamin Bars,Perkier Salted Caramel & Dark...3 x 37g,£2.75,£2.48 per 100g,,food-cupboard
Peter's Yard Fig & Spelt Sourdough Crackers,Peter's Yard Fig & Spelt Sourdough Crackers100g,£1.75,£1.75 per 100g,,food-cupboard
Peter's Yard Rosemary & Sea Salt Sourdough Crackers,Peter's Yard Rosemary & Sea S...90g,£1.75,£1.94 per 100g,,food-cupboard
PG tips 160 Original Tea Bags,PG tips 160 Original Tea Bags464g,£5.99,£1.29 per 100g,,food-cupboard
PG Tips Decaf 140 Tea Bags,PG Tips Decaf 140 Tea Bags406g,£5.99,£1.48 per 100g,,food-cupboard
PG tips Decaffeinated 70 Tea Bags,PG tips Decaffeinated 70 Tea Bags203g,£3.55,£1.75 per 100g,,food-cupboard
PG Tips Extra Strong 80's Tea Bags Box ,PG Tips Extra Strong 80's Tea Bags Box 232g,£4.15,£1.79 per 100g,,food-cupboard
PG Tips Gold 80's,PG Tips Gold 80's232g,£4.15,£1.79 per 100g,,food-cupboard
PG tips Original 40 Tea Bags,PG tips Original 40 Tea Bags116g,£1.99,£1.72 per 100g,,food-cupboard
PG tips Original 80 Tea Bags,PG tips Original 80 Tea Bags232g,£2.35,£1.01 per 100g,"Offer price £2.35, was £3.55",food-cupboard
PG tips Original Loose Tea 80 Cups,PG tips Original Loose Tea 80 Cups250g,£2.99,£1.20 per 100g,,food-cupboard
PG tips Original Tea Bags 240 pack,PG tips Original Tea Bags 240 pack696g,£4.59,66p per 100g,"Offer price £4.59, was £6.25",food-cupboard
Pg Tips Plus Caffeine 20 Tea Bags,Pg Tips Plus Caffeine 20 Tea Bags58g,£2.99,£5.16 per 100g,,food-cupboard
Pip & Nut Crunchy Peanut Butter,Pip & Nut Crunchy Peanut Butter300g,£3,£1.00 per 100g,,food-cupboard
Pip & Nut Smooth Almond Butter,Pip & Nut Smooth Almond Butter170g,£3.25,£1.91 per 100g,,food-cupboard
Pip & Nut Smooth Peanut Butter,Pip & Nut Smooth Peanut Butter300g,£3,£1.00 per 100g,,food-cupboard
Pizza Express Caesar Salad Dressing,Pizza Express Caesar Salad Dressing235ml,£2.30,97.9p per 100ml,,food-cupboard
Pizza Express Garlic And Herb Pizza Dipping Sauce,Pizza Express Garlic And Herb Pizza Dipping Sauce288g,£2.25,78.1p per 100g,,food-cupboard
Pizza Express House Dressing,Pizza Express House Dressing235ml,£2.29,97.4p per 100ml,,food-cupboard
Pizza Express House Light Salad Dressing,Pizza Express House Light Salad Dressing235ml,£2.30,97.9p per 100ml,,food-cupboard
Plot 9 Chipotle Bean Chilli With Long Grain Rice ,Plot 9 Chipotle Bean Chilli With Long Grain Rice 260g,£2.50,£9.62 per kg,,food-cupboard
Plot 9 Rich Lentil Bolognese With Brown Pasta ,Plot 9 Rich Lentil Bologn...260g,£2.50,£9.62 per kg,,food-cupboard
Plot 9 Thai Chickpea Curry With Aromatic Rice ,Plot 9 Thai Chickpea Curry With Aromatic Rice 260g,£2.50,£9.62 per kg,,food-cupboard
Polo Sugar Free Mints 4 Pack,Polo Sugar Free Mints 4 Pack133.6g,£1.50,£1.12 per 100g,,food-cupboard
Polo Tube Original Mints 4 Pack,Polo Tube Original Mints 4 Pack136g,£1.50,£1.10 per 100g,,food-cupboard
Pom-Bear Cheese & Onion Multipack Crisps 6 Pack,Pom-Bear Cheese & Onion Multipack Crisps 6 Pack6 x 13g,£2.25,£2.88 per 100g,Buy 2 for £3,food-cupboard
Pom-Bear Original Multipack Crisps 6 Pack,Pom-Bear Original Multipack Crisps 6 Pack6 x 13g,£2.25,£2.88 per 100g,Buy 2 for £3,food-cupboard
Popchips Barbecue,Popchips Barbecue5 x 17g,£1.75,£2.06 per 100g,"Offer price £1.75, was £2.25",food-cupboard
Popchips Barbeque Crisps 23g,Popchips Barbeque Crisps 23g23g,99p,43p per 10g,,food-cupboard
Popchips Barbeque Sharing Crisps 85g,Popchips Barbeque Sharing Crisps 85g85g,£2.25,£2.65 per 100g,,food-cupboard
Popchips Sea Salt ,Popchips Sea Salt 23g,99p,£4.30 per 100g,,food-cupboard
Popchips Seasalt & Vinegar ,Popchips Seasalt & Vinegar 23g,99p,£4.30 per 100g,,food-cupboard
Popchips Sea Salt & Vinegar Sharing Crisps 85g,Popchips Sea Salt & Vineg...85g,£2.25,£2.65 per 100g,,food-cupboard
Popchips Sour Cream & Onion,Popchips Sour Cream & Onion85g,£2.25,£2.65 per 100g,,food-cupboard
Popchips Sour Cream & Onion,Popchips Sour Cream & Onion5 x 17g,£1.75,£2.06 per 100g,"Offer price £1.75, was £2.25",food-cupboard
Popchips Sour Cream & Onion,Popchips Sour Cream & Onion23g,99p,£4.30 per 100g,,food-cupboard
Popworks Sweet & Salt Pop Crisps,Popworks Sweet & Salt Pop Crisps85g,£1.25,£1.47 per 100g,"Offer price £1.25, was £2",food-cupboard
Popworks Sweet & Salty Crisps,Popworks Sweet & Salty Crisps28g,95p,£3.39 per 100g,,food-cupboard
Popworks Sweet Chipotle Chilli,Popworks Sweet Chipotle Chilli85g,£1.25,£1.47 per 100g,"Offer price £1.25, was £2",food-cupboard
Popworks Sweet Chipotle Chilli,Popworks Sweet Chipotle Chilli28g,95p,£3.39 per 100g,,food-cupboard
Post Grape-Nuts      ,Post Grape-Nuts      580g,£3.45,59.5p per 100g,,food-cupboard
Pot Noodle BBQ Pulled Pork,Pot Noodle BBQ Pulled Pork90g,£1.19,£13.22 per kg,Buy 4 for £3.50,food-cupboard
Pot Noodle Beef & Tomato Standard,Pot Noodle Beef & Tomato Standard90g,£1.19,£13.22 per kg,Buy 4 for £3.50,food-cupboard
Pot Noodle Bombay Bad Boy Standard,Pot Noodle Bombay Bad Boy Standard90g,£1.19,£13.22 per kg,Buy 4 for £3.50,food-cupboard
Pot Noodle Chicken & Mushroom King Pot,Pot Noodle Chicken & Mushroom King Pot114g,£1.20,£10.53 per kg,,food-cupboard
Pot Noodle Chicken & Mushroom Standard,Pot Noodle Chicken & Mushroom Standard90g,£1.19,£13.22 per kg,Buy 4 for £3.50,food-cupboard
Pot Noodle Chinese Chow Mein King ,Pot Noodle Chinese Chow Mein King 114g,£1.20,£10.53 per kg,,food-cupboard
Pot Noodle Chow Mein Standard,Pot Noodle Chow Mein Standard90g,£1.19,£13.22 per kg,Buy 4 for £3.50,food-cupboard
Pot Noodle Doner Kebab,Pot Noodle Doner Kebab90g,£1.09,£1.21 per 100g,Buy 4 for £3.50,food-cupboard
Pot Noodle Fusions Chilli Chicken,Pot Noodle Fusions Chilli Chicken100g,£1.20,£12.00 per kg,,food-cupboard
Pot Noodle Fusions Katsu Curry ,Pot Noodle Fusions Katsu Curry 100g,£1.20,£12.00 per kg,,food-cupboard
Pot Noodle Fusions Malaysian Curry,Pot Noodle Fusions Malaysian Curry100g,£1.20,£1.20 per 100g,,food-cupboard
Pot Noodle Fusions Thai Green Curry ,Pot Noodle Fusions Thai Green Curry 117g,£1.20,£10.26 per kg,,food-cupboard
Pot Noodle Lost The Pot Champion Chicken,Pot Noodle Lost The Pot Champion Chicken85g,80p,94.1p per 100g,Buy 3 for £2,food-cupboard
Pot Noodle Lost The Pot Chip Shop Curry,Pot Noodle Lost The Pot Chip Shop Curry85g,80p,94.1p per 100g,Buy 3 for £2,food-cupboard
Pot Noodle Lost The Pot Smokin BBQ,Pot Noodle Lost The Pot Smokin BBQ85g,80p,94.1p per 100g,Buy 3 for £2,food-cupboard
Pot Noodle Original Curry Standard ,Pot Noodle Original Curry Standard 90g,£1.19,£13.22 per kg,Buy 4 for £3.50,food-cupboard
Pot Noodle Piri Piri,Pot Noodle Piri Piri90g,£1.19,£1.32 per 100g,Buy 4 for £3.50,food-cupboard
Potts Beef Stock Can ,Potts Beef Stock Can 500ml,£2.25,45p per 100ml,,food-cupboard
Potts Chicken Stock Can,Potts Chicken Stock Can500ml,£2.25,45p per 100ml,,food-cupboard
Potts Vegetable Stock Can ,Potts Vegetable Stock Can 500ml,£2.25,45p per 100ml,,food-cupboard
Pret Bircher Muesli,Pret Bircher Muesli450g,£3.50,77.8p per 100g,,food-cupboard
Pret Classic Granola,Pret Classic Granola450g,£3.50,77.8p per 100g,,food-cupboard
Pretzel Pete Honey Mustard & Onion Pieces ,Pretzel Pete Honey Mustard & Onion Pieces 160g,£2.15,£1.34 per 100g,,food-cupboard
Pretzel Pete Smokey Bacon Cheddar Pieces,Pretzel Pete Smokey Bacon Cheddar Pieces160g,£2.15,£1.34 per 100g,,food-cupboard
Prewetts Ground Golden Flaxseed,Prewetts Ground Golden Flaxseed175g,£2.15,£1.23 per 100g,,food-cupboard
Princes Beef Paste,Princes Beef Paste75g,89p,£1.19 per 100g,Buy 2 for £1.30,food-cupboard
Princes Beef Stew,Princes Beef Stew392g,£2.49,63.5p per 100g,Buy 2 for £4.50,food-cupboard
Princes Chicken & Ham Paste,Princes Chicken & Ham Paste75g,89p,£1.19 per 100g,Buy 2 for £1.30,food-cupboard
Princes Chicken in White Sauce,Princes Chicken in White Sauce392g,£2.49,63.5p per 100g,Buy 2 for £4.50,food-cupboard
Princes Chicken Paste,Princes Chicken Paste75g,89p,£1.19 per 100g,Buy 2 for £1.30,food-cupboard
Princes Chilli Con Carne,Princes Chilli Con Carne392g,£2.49,63.5p per 100g,Buy 2 for £4.50,food-cupboard
Princes Corned Beef,Princes Corned Beef340g,£3.50,£1.03 per 100g,,food-cupboard
Princes Corned Beef      ,Princes Corned Beef      200g,£2.99,£1.50 per 100g,,food-cupboard
Princes Cured Ham,Princes Cured Ham325g,£3.25,£1.00 per 100g,,food-cupboard
Princes Fruit Filling Apple,Princes Fruit Filling Apple395g,£1.59,40.3p per 100g,,food-cupboard
Princes Fruit Filling Black Cherry,Princes Fruit Filling Black Cherry410g,£1.59,£3.88 per kg,,food-cupboard
Princes Fruit Filling Red Cherry,Princes Fruit Filling Red Cherry410g,£1.59,£3.88 per kg,,food-cupboard
Princes Fruit Filling Summer Fruits,Princes Fruit Filling Summer Fruits400g,£1.59,£3.98 per kg,,food-cupboard
Princes Ham,Princes Ham200g,£2.25,£1.13 per 100g,,food-cupboard
Princes Katsu Chicken Curry,Princes Katsu Chicken Curry392g,£2.49,63.5p per 100g,Buy 2 for £4.50,food-cupboard
Princes Lean Corned Beef,Princes Lean Corned Beef200g,£3.59,£1.80 per 100g,,food-cupboard
Princes Mackerel Sizzle Rich Tomato And Herbs ,Princes Mackerel Sizzle Rich Tomato And Herbs 160g,£1.99,£1.24 per 100g,,food-cupboard
Princes Mackerel Sizzle Smokey Chilli And Tomato ,Princes Mackerel Sizzle Smokey Chilli And Tomato 160g,£1.99,£1.24 per 100g,,food-cupboard
Princes Mackerel Spicy Fajita & Lime,Princes Mackerel Spicy Fajita & Lime160g,£1.99,£1.24 per 100g,,food-cupboard
Princes Mild Chicken Curry ,Princes Mild Chicken Curry 392g,£2.49,63.5p per 100g,Buy 2 for £4.50,food-cupboard
Princes Minced Beef with Onions in Gravy,Princes Minced Beef with Onions in Gravy392g,£2.49,63.5p per 100g,Buy 2 for £4.50,food-cupboard
Princes Plant Based Chunky Vegetable Curry 392G,Princes Plant Based Chunk...392g,£1.69,£4.31 per kg,,food-cupboard
Princes Plant Based Lentil & Mushroom Bolognese 392G,Princes Plant Based Lentil &...392g,£1.69,£4.31 per kg,,food-cupboard
Princes Plant Based Mexican Mixed Bean Chilli 392G,Princes Plant Based Mexican...392g,£1.69,£4.31 per kg,,food-cupboard
Princes Plant Based Vegetable Green Thai Curry,Princes Plant Based Veget...392g,£1.69,£4.31 per kg,,food-cupboard
Princes Reduced Salt Corned Beef ,Princes Reduced Salt Corned Beef 340g,£3.50,£1.03 per 100g,,food-cupboard
Princes Rhubarb in Light Syrup (540g),Princes Rhubarb in Light Syrup (540g)245g,£1.39,£5.67 per kg,,food-cupboard
Princessa Intense White Coconut,Princessa Intense White Coconut30.5g,65p,£2.13 per 100g,,food-cupboard
Princes Salmon Paste,Princes Salmon Paste75g,89p,£1.19 per 100g,Buy 2 for £1.30,food-cupboard
Princes Sardine & Tomato Paste,Princes Sardine & Tomato Paste75g,89p,£1.19 per 100g,Buy 2 for £1.30,food-cupboard
Princes Stewed Steak in Gravy,Princes Stewed Steak in Gravy392g,£3.59,91.6p per 100g,,food-cupboard
Princes Strawberries (210g),Princes Strawberries (210g)76g,99p,£13.03 per kg,,food-cupboard
Princes Strawberries In Light Syrup,Princes Strawberries In Light Syrup410g,£1.39,33.9p per 100g,,food-cupboard
Princes Tuna & Mayo Paste,Princes Tuna & Mayo Paste75g,89p,£1.19 per 100g,Buy 2 for £1.30,food-cupboard
Pringles Multigrain Less Salt Sour Cream & Chilli Sharing Crisps Snacks ,Pringles Multigrain Less Salt Sour Cream &...166g,£1.65,99p per 100g,"Offer price £1.65, was £2",food-cupboard
Pringles Multigrain Roast Chicken & Rosemary Flavour Sharing Crisps Snacks,Pringles Multigrain Roast Chick...166g,£1.65,99p per 100g,"Offer price £1.65, was £2",food-cupboard
Pringles Original,Pringles Original40g,90p,£2.25 per 100g,,food-cupboard
Pringles Original Crisps,Pringles Original Crisps200g,£1.85,92.5p per 100g,"Offer price £1.85, was £2",food-cupboard
Pringles Prawn Cocktail Crisps,Pringles Prawn Cocktail Crisps200g,£1.85,92.5p per 100g,"Offer price £1.85, was £2",food-cupboard
Pringles Salt & Vinegar Crisps,Pringles Salt & Vinegar Crisps200g,£1.85,92.5p per 100g,"Offer price £1.85, was £2",food-cupboard
Pringles Sizzl'n Cheese & Chilli Crisps,Pringles Sizzl'n Cheese & Chilli Crisps180g,£2,£1.11 per 100g,,food-cupboard
Pringles Sizzl'n Kicking Sour Cream Crisps,Pringles Sizzl'n Kicking Sour Cream Crisps180g,£2,£1.11 per 100g,,food-cupboard
Pringles Smokey Bacon Flavour Crisps,Pringles Smokey Bacon Flavour Crisps200g,£1.85,92.5p per 100g,"Offer price £1.85, was £2",food-cupboard
Pringles Sour Cream & Onion ,Pringles Sour Cream & Onion 40g,90p,£2.25 per 100g,,food-cupboard
Pringles Sour Cream & Onion Crisps,Pringles Sour Cream & Onion Crisps200g,£1.85,92.5p per 100g,"Offer price £1.85, was £2",food-cupboard
Pringles Texas BBQ Sauce Crisps,Pringles Texas BBQ Sauce Crisps200g,£1.85,92.5p per 100g,"Offer price £1.85, was £2",food-cupboard
Profi Chicken Pate,Profi Chicken Pate131g,79p,60.3p per 100g,,food-cupboard
Profi Poultry Tomato Pate,Profi Poultry Tomato Pate131g,79p,60.3p per 100g,,food-cupboard
Profusion Gluten Free Chickpea Fusilli,Profusion Gluten Free Chickpea Fusilli250g,£2.80,£1.12 per 100g,,food-cupboard
Profusion Gluten Free Chickpea Penne,Profusion Gluten Free Chickpea Penne250g,£2.80,£1.12 per 100g,,food-cupboard
Profusion Lasagne Sheets,Profusion Lasagne Sheets250g,£3.80,£1.52 per 100g,,food-cupboard
Profusion Organic Protein Mince Pea & Fava,Profusion Organic Protein Mince Pea & Fava125g,£3.09,£2.47 per 100g,,food-cupboard
Profusion Spaghetti,Profusion Spaghetti250g,£2.80,£1.12 per 100g,,food-cupboard
Properchips Salt & Vinegar Lentil Chips,Properchips Salt & Vinegar Lentil Chips85g,£2,£2.35 per 100g,,food-cupboard
Properchips Sea Salt Lentil Chips ,Properchips Sea Salt Lentil Chips 85g,£2,£2.35 per 100g,,food-cupboard
Properchips Sour Cream & Chive Flavour Lentil Chips ,Properchips Sour Cream & Chive Flavour Lentil Chips 85g,£2,£2.35 per 100g,,food-cupboard
Propercorn Lightly Sea Salted Popcorn,Propercorn Lightly Sea Salted Popcorn6 x 10g,£1.79,£2.98 per 100g,,food-cupboard
Propercorn Salted Caramel Popcorn,Propercorn Salted Caramel Popcorn28g,80p,£2.86 per 100g,,food-cupboard
Propercorn Sweet & Salty,Propercorn Sweet & Salty6 x 14g,£1.79,£2.13 per 100g,,food-cupboard
Proper Nutty Peanut Butter Slightly Salted ,Proper Nutty Peanut Butter Slightly Salted 280g,£3,£1.07 per 100g,,food-cupboard
Proper Nutty Slightly Salted Smunchy Peanut Butter,Proper Nutty Slightly Salte...1kg,£7.50,75p per 100g,,food-cupboard
Pukka Chamomile Vanilla & Manuka Honey Herbal Tea 20 Sachets,Pukka Chamomile Vanilla & Manuka Ho...32g,£3.50,£10.94 per 100g,"Offer price £3.50, was £3.99",food-cupboard
"Pukka Cleanse, Organic Herbal Tea with Fennel & Peppermint, 20 Sachets","Pukka Cleanse, Organic Herbal Tea with Fe...36g",£3.50,£9.72 per 100g,"Offer price £3.50, was £3.99",food-cupboard
"Pukka Elderberry & Echinacea, Organic Herbal Fruit Tea, 20 Sachets","Pukka Elderberry & Echinacea, Organic H...40g",£3.50,£8.75 per 100g,"Offer price £3.50, was £3.99",food-cupboard
"Pukka Herbal Collection, Selection of Five Organic Herbal Teas, 20 Sachets","Pukka Herbal Collection, Selection of Five...34.4g",£3.50,£10.18 per 100g,"Offer price £3.50, was £3.99",food-cupboard
Pukka Herbal Tea Breathe In,Pukka Herbal Tea Breathe In20 x 38g,£3.50,46.1p per 100g,"Offer price £3.50, was £3.99",food-cupboard
"Pukka Lemon Ginger & Manuka Honey, Organic Herbal Tea Bags, 20 Sachets",Pukka Lemon Ginger & Manuka H...40g,£3.50,£8.75 per 100g,"Offer price £3.50, was £3.99",food-cupboard
Pukka Menopause Serenity Organic Food Supplements,Pukka Menopause Serenity Or...30 per pack,£10.35,34.5p each,,food-cupboard
"Pukka Night Time, Organic Herbal Tea with Valerian, 20 Sachets","Pukka Night Time, Organic Herbal Te...20g",£3.50,£17.50 per 100g,"Offer price £3.50, was £3.99",food-cupboard
Pukka Night Time Berry Organic 20 Tea Sachets,Pukka Night Time Berry Organic 20 Tea Sachets36g,£3.50,£9.72 per 100g,"Offer price £3.50, was £3.99",food-cupboard
Pukka Organic Aloe Vera Juice ,Pukka Organic Aloe Vera Juice 1L,£14.99,£1.50 per 100ml,,food-cupboard
Pukka Original Chai Tea 20 Sachets,Pukka Original Chai Tea 20 Sachets40g,£3.50,£8.75 per 100g,"Offer price £3.50, was £3.99",food-cupboard
Pukka Peace 20 Herbal Tea Sachets,Pukka Peace 20 Herbal Tea Sachets30g,£3.50,£11.67 per 100g,"Offer price £3.50, was £3.99",food-cupboard
"Pukka Peppermint & Licorice, Organic Herbal Tea, 20 Sachets","Pukka Peppermint & Licorice, Orga...30g",£3.50,£11.67 per 100g,"Offer price £3.50, was £3.99",food-cupboard
Pukka Relax Organic Herbal Tea Bags,Pukka Relax Organic Herbal Tea Bags20 x 40g,£3.50,43.8p per 100g,"Offer price £3.50, was £3.99",food-cupboard
Pukka Supreme Matcha Green Organic Herbal Tea 20 Sachets,Pukka Supreme Matcha Green Orga...30g,£3.50,£11.67 per 100g,"Offer price £3.50, was £3.99",food-cupboard
Pukka Three Chamomile Organic Herbal Tea Bags,Pukka Three Chamomile Organic Herbal Tea Bags30g,£3.99,£1.33 per 10g,,food-cupboard
"Pukka Three Ginger, Organic Herbal Tea with Galangal & Turmeric, 20 Sachets","Pukka Three Ginger, Organic Her...36g",£3.50,£9.72 per 100g,"Offer price £3.50, was £3.99",food-cupboard
"Pukka Three Mint, Organic Herbal Tea with Peppermint, Spearmint, 20 Sachets","Pukka Three Mint, Organic Herba...32g",£3.50,£10.94 per 100g,"Offer price £3.50, was £3.99",food-cupboard
Pukka Turmeric Gold Organic Herbal Tea with Lemon 20 sachets,Pukka Turmeric Gold Organic Herbal...36g,£3.50,£9.72 per 100g,"Offer price £3.50, was £3.99",food-cupboard
Pukka Winter Warmer Organic Herbal Tea,Pukka Winter Warmer Organic Herbal Tea20 x 38g,£3.50,46.1p per 100g,"Offer price £3.50, was £3.99",food-cupboard
Pura Sunflower Oil,Pura Sunflower Oil5L,£8.50,£1.70 per litre,"Offer price £8.50, was £10.49",food-cupboard
Pura Vegetable Oil,Pura Vegetable Oil5L,£8.50,£1.70 per litre,"Offer price £8.50, was £9.99",food-cupboard
Pure Via 100% Erythritol Nature Sweet,Pure Via 100% Erythritol Nature Sweet250g,£3.35,13.4p per 10g,,food-cupboard
Pure Via 100% Xylitol ,Pure Via 100% Xylitol 225g,£3,£1.33 per 100g,,food-cupboard
Pure Via Stevia Value Pack,Pure Via Stevia Value Pack370g,£5.29,£1.43 per 100g,,food-cupboard
Purition Wholefood Nutrition Vanilla 500G,Purition Wholefood Nutrition Vanilla 500G500g,£11.80,£2.36 per 100g,,food-cupboard
Quaker Heavenly Oats Caramel Fudge Pot,Quaker Heavenly Oats Caramel Fudge Pot58g,£1.49,£2.57 per 100g,Buy Any 4 Porridge Pots For £4,food-cupboard
 Quaker Heavenly Oats Chocolate Orange Pot, Quaker Heavenly Oats Chocolate Orange Pot59g,£1.49,£2.53 per 100g,Buy Any 4 Porridge Pots For £4,food-cupboard
Quaker Oat Granola Golden Crunch,Quaker Oat Granola Golden Crunch500g,£3,60p per 100g,Buy 2 for £5,food-cupboard
Quaker Oats Apple Simply No Added Sugar Sachets,Quaker Oats Apple Simply No Added Sugar Sachets271g,£3.49,£1.29 per 100g,Buy 2 for £5,food-cupboard
Quaker Oats Oat Granola Raisin,Quaker Oats Oat Granola Raisin500g,£3,60p per 100g,Buy 2 for £5,food-cupboard
Quaker Oats Oat So Simple Heaps Of Fruit Summer Berries,Quaker Oats Oat So Simple Heaps...58g,£1.49,£2.57 per 100g,Buy Any 4 Porridge Pots For £4,food-cupboard
Quaker Oat So Simple Apple & Blueberry Porridge Pot,Quaker Oat So Simple Apple &...57g,£1.29,£2.26 per 100g,Buy 4 for £4,food-cupboard
Quaker Oat So Simple Apple & Blueberry Porridge Sachets,Quaker Oat So Simple Apple & Bl...10 x 36g,£3.49,96.9p per 100g,Buy 2 for £5,food-cupboard
Quaker Oat So Simple Banana & Strawberry Porridge Pot ,Quaker Oat So Simple Banana & S...58g,£1.49,£2.57 per 100g,Buy Any 4 Porridge Pots For £4,food-cupboard
Quaker Oat So Simple Banana Porridge 10 Sachets,Quaker Oat So Simple Bana...348g,£3.49,£1.00 per 100g,Buy 2 for £5,food-cupboard
Quaker Oat So Simple Big Bowl Golden Syrup,Quaker Oat So Simple Big Bowl Golden Syrup6 x 49.6g,£2.49,83.7p per 100g,,food-cupboard
Quaker Oat So Simple Big Bowl Original ,Quaker Oat So Simple Big Bowl Original 6 x 38.5g,£2.49,£1.08 per 100g,,food-cupboard
Quaker Oat So Simple Big Pot Original ,Quaker Oat So Simple Big Pot Original 60g,£1.49,£2.48 per 100g,,food-cupboard
Quaker Oat So Simple Family Pack Golden Syrup 20 Sachets,Quaker Oat So Simple Family Pac...720g,£4.99,69.3p per 100g,,food-cupboard
Quaker Oat So Simple Gluten Free Porridge Sachets ,Quaker Oat So Simple Gluten...10 x 35g,£4.50,£1.29 per 100g,,food-cupboard
Quaker Oat So Simple Golden Syrup Big Pot,Quaker Oat So Simple Golden Syrup Big Pot76g,£1.49,£1.96 per 100g,,food-cupboard
Quaker Oat So Simple Golden Syrup Porridge,Quaker Oat So Simple Golden Syrup Porridge360g,£3.49,96.9p per 100g,Buy 2 for £5,food-cupboard
Quaker Oat So Simple Golden Syrup Porridge Pot,Quaker Oat So Simple Golden Syrup Porridge Pot57g,£1.29,£2.26 per 100g,Buy 4 for £4,food-cupboard
Quaker Oat So Simple Original 10 Sachets,Quaker Oat So Simple Original 10 Sachets270g,£3.49,£1.29 per 100g,Buy 2 for £5,food-cupboard
Quaker Oat So Simple Original Porridge Pot ,Quaker Oat So Simple Original Porridge Pot 45g,£1.29,£2.87 per 100g,Buy 4 for £4,food-cupboard
Quaker Oat So Simple Protein Golden Syrup Porridge Sachets ,Quaker Oat So Simple Protein Gold...344g,£3.49,£1.01 per 100g,Buy 2 for £5,food-cupboard
Quaker Oat So Simple Protein Original Porridge Sachets ,Quaker Oat So Simple Protein Or...8 x 37.73g,£3.49,£1.16 per 100g,Buy 2 for £5,food-cupboard
"Quaker Oat So Simple Strawberry, Raspberry & Cranberry Porridge Sachets ",Quaker Oat So Simple Strawberry...339g,£2.99,88.2p per 100g,Buy 2 for £5,food-cupboard
Quaker Oat So Simple Sultanas & Raisins Porridge ,Quaker Oat So Simple Sultan...385g,£3.49,90.6p per 100g,Buy 2 for £5,food-cupboard
Quaker Oat So Simple Sweet Cinnamon Porridge,Quaker Oat So Simple Sweet Cinnamon Porridge10 x 33g,£3.49,£1.06 per 100g,Buy 2 for £5,food-cupboard
Quaker Oat So Simple Sweet Cinnamon Porridge Pot,Quaker Oat So Simple Sweet...57g,£1.29,£2.26 per 100g,Buy 4 for £4,food-cupboard
Quaker Oat So Simple Variety Porridge Sachets,Quaker Oat So Simple Variety Porridge Sachets9 x 33g,£3.49,£1.18 per 100g,Buy 2 for £5,food-cupboard
Quaker Oat So Simple Velvety Chocolate 10 Sachets,Quaker Oat So Simple Velvet...365g,£3.49,95.6p per 100g,Buy 2 for £5,food-cupboard
Quaker Oats Porridge to Go Squares Golden Syrup,Quaker Oats Porridge to Go Squares Golden Syrup2 x 55g,£1.59,£1.45 per 100g,Buy 4 for £4,food-cupboard
Quaker Oats Porridge to Go Squares Strawberry Raspberry & Cranberry,Quaker Oats Porridge to Go Squares Stra...2 x 55g,£1.59,£1.45 per 100g,Buy 4 for £4,food-cupboard
Quaker Oats Strawberry Simply No Added Sugar Sachets,Quaker Oats Strawberry Simply...260g,£3.49,£1.34 per 100g,Buy 2 for £5,food-cupboard
Quaker Rolled Porridge Oats,Quaker Rolled Porridge Oats1kg,£2.75,27.5p per 100g,Buy 2 for £4,food-cupboard
Quaker Rolled Porridge Oats ,Quaker Rolled Porridge Oats 1kg,£2.95,29.5p per 100g,Buy 2 for £4,food-cupboard
Quaker Ultimate Hearty & Rich Ultra - Thick Oats,Quaker Ultimate Hearty & Rich Ultra - Thick Oats750g,£2.59,34.5p per 100g,,food-cupboard
Quaker Vibrant Oats Forest Fruits,Quaker Vibrant Oats Forest Fruits228g,£2.89,£1.27 per 100g,Buy 2 for £5,food-cupboard
Quaker Vibrant Oats Summer Fruits,Quaker Vibrant Oats Summer Fruits228g,£2.89,£1.27 per 100g,Buy 2 for £5,food-cupboard
Quality Street Chocolate Box,Quality Street Chocolate Box220g,£3.75,£1.70 per 100g,,food-cupboard
Quality Street Giant Egg ,Quality Street Giant Egg 250g,£5,£2.00 per 100g,,food-cupboard
Rajah All Purpose Seasoning,Rajah All Purpose Seasoning400g,£1.75,4.4p per 10g,"Offer price £1.75, was £1.99",food-cupboard
Rajah All Purpose Seasoning,Rajah All Purpose Seasoning100g,50p,5p per 10g,,food-cupboard
Rajah Bay Leaves,Rajah Bay Leaves10g,99p,99p per 10g,,food-cupboard
Rajah Cassia Bark,Rajah Cassia Bark50g,64p,12.8p per 10g,,food-cupboard
Rajah Chilli Powder,Rajah Chilli Powder100g,99p,9.9p per 10g,,food-cupboard
Rajah Coarse Black Pepper,Rajah Coarse Black Pepper100g,£1.49,14.9p per 10g,,food-cupboard
Rajah Crushed Red Chilli,Rajah Crushed Red Chilli200g,£1.49,7.5p per 10g,,food-cupboard
Rajah Dhaniya Ground Coriander,Rajah Dhaniya Ground Coriander100g,99p,9.9p per 10g,,food-cupboard
Rajah Extra Hot Chilli Powder,Rajah Extra Hot Chilli Powder100g,99p,9.9p per 10g,,food-cupboard
Rajah Garam Masala,Rajah Garam Masala400g,£2.50,6.3p per 10g,,food-cupboard
Rajah Garlic & Coriander Seasoning,Rajah Garlic & Coriander Seasoning100g,99p,9.9p per 10g,,food-cupboard
Rajah Garlic Powder,Rajah Garlic Powder100g,£1,10p per 10g,"Offer price £1, was £1.25",food-cupboard
Rajah Ground Ginger,Rajah Ground Ginger85g,99p,11.6p per 10g,,food-cupboard
Rajah Hot Madras Curry Powder,Rajah Hot Madras Curry Powder400g,£1.75,4.4p per 10g,"Offer price £1.75, was £1.99",food-cupboard
Rajah Hot Madras Curry Powder,Rajah Hot Madras Curry Powder100g,99p,9.9p per 10g,,food-cupboard
Rajah Jeera Ground Cumin,Rajah Jeera Ground Cumin100g,99p,9.9p per 10g,,food-cupboard
Rajah Jeera Whole Cumin Seeds,Rajah Jeera Whole Cumin Seeds400g,£2,5p per 10g,"Offer price £2, was £2.35",food-cupboard
Rajah Mild Madras Curry Powder,Rajah Mild Madras Curry Powder100g,99p,9.9p per 10g,,food-cupboard
Rajah Paprika,Rajah Paprika400g,£1.99,5p per 10g,,food-cupboard
Rajah Paprika Powder,Rajah Paprika Powder100g,99p,9.9p per 10g,,food-cupboard
Rajah Tandoori Masala,Rajah Tandoori Masala400g,£2,5p per 10g,"Offer price £2, was £2.35",food-cupboard
Rajah Tandoori Masala,Rajah Tandoori Masala100g,99p,9.9p per 10g,,food-cupboard
Rajah Whole Black Pepper,Rajah Whole Black Pepper100g,£1.49,14.9p per 10g,,food-cupboard
Rajah Whole Fenugreek Seeds,Rajah Whole Fenugreek Seeds100g,99p,9.9p per 10g,,food-cupboard
Rathbones Plain Flour,Rathbones Plain Flour1kg,£1.25,£1.25 per kg,,food-cupboard
Raw Halo Artisan Raw Chocolate Pure Dark,Raw Halo Artisan Raw Chocolate Pure Dark70g,£3,£4.29 per 100g,,food-cupboard
Ready Brek Chocolate Smooth Porridge Oats Chocolate,Ready Brek Chocolate Smooth P...450g,£2.19,48.7p per 100g,,food-cupboard
Ready Brek Smooth Porridge Oats Original,Ready Brek Smooth Porridge Oats Original750g,£3.29,43.9p per 100g,,food-cupboard
Ready Brek Smooth Porridge Oats Original Sachets,Ready Brek Smooth Porridge...8 x 30g,£2.19,91.3p per 100g,,food-cupboard
Ready to Eat Red & White Quinoa  ,Ready to Eat Red & White Quinoa  250g,£2,£8.00 per kg,,food-cupboard
Rea Valley Ox Tongue With Gelatine,Rea Valley Ox Tongue With Gelatine184g,£3,£1.63 per 100g,,food-cupboard
Red Lion Corned Beef,Red Lion Corned Beef340g,£4.25,£1.25 per 100g,,food-cupboard
Red's Kansas City BBQ Sauce Mild,Red's Kansas City BBQ Sauce Mild320g,£2.25,70.3p per 100g,,food-cupboard
Red's Unholy Barbecue Sauce Mild ,Red's Unholy Barbecue Sauce Mild 320g,£2.25,70.3p per 100g,,food-cupboard
Reese's Milk Chocolate Peanut Butter Egg,Reese's Milk Chocolate Peanut Butter Egg34g,70p,£2.06 per 100g,Buy 2 for £1.20,food-cupboard
Reese's Peanut Butter Chips,Reese's Peanut Butter Chips100g,£1.50,£1.50 per 100g,,food-cupboard
Reese's Peanut Butter Creme Mini Eggs ,Reese's Peanut Butter Creme Mini Eggs 70g,£1.25,£1.79 per 100g,,food-cupboard
Reese's Peanut Butter Cups 5 Snack Size,Reese's Peanut Butter Cups 5 Snack Size77g,£1.35,£1.75 per 100g,,food-cupboard
Reese's Peanut Butter Cups Miniatures,Reese's Peanut Butter Cups Miniatures90g,£1,£1.11 per 100g,"Offer price £1, was £1.50",food-cupboard
Reese's Reester Bunny,Reese's Reester Bunny141g,£3.25,£2.30 per 100g,,food-cupboard
Reese's Sticks Wafer Bar,Reese's Sticks Wafer Bar42g,80p,£1.91 per 100g,"Offer price 80p, was £1.10",food-cupboard
"Revels Milk Chocolate with Raisins, Coffee or Orange Bites Pouch Bag","Revels Milk Chocolate with Raisins, Cof...112g",£1.50,£1.34 per 100g,,food-cupboard
Rice Krispies Squares Mint Chocolate Chip Shake Snack Bars ,Rice Krispies Squares Mint Chocol...4 x 34g,£1.50,£1.10 per 100g,"Offer price £1.50, was £2",food-cupboard
Riesen Dark Chocolate Chewy Toffee,Riesen Dark Chocolate Chewy Toffee135g,£1.50,£1.11 per 100g,,food-cupboard
Ringtons Tea Bags 80's,Ringtons Tea Bags 80's250g,£3.15,£1.26 per 100g,,food-cupboard
Ritter Sport Honey Salted Almonds,Ritter Sport Honey Salted Almonds100g,£1.69,£1.69 per 100g,,food-cupboard
Ritter Sport Marzipan,Ritter Sport Marzipan100g,£1.25,£1.25 per 100g,,food-cupboard
Ritter Sport Nut Selection Dark Whole Hazelnuts,Ritter Sport Nut Selection Dark Whole Hazelnuts100g,£1.69,£1.69 per 100g,,food-cupboard
Ritter Sport Rum Raisins & Hazelnuts,Ritter Sport Rum Raisins & Hazelnuts100g,£1.25,£1.25 per 100g,,food-cupboard
Ritter Sport Salted Caramel ,Ritter Sport Salted Caramel 100g,£1.25,£1.25 per 100g,,food-cupboard
Ritter Sport Whole Hazelnuts ,Ritter Sport Whole Hazelnuts 100g,£1.69,£1.69 per 100g,,food-cupboard
Ritz Breaks Crackers Original,Ritz Breaks Crackers Original190g,£1.25,65.8p per 100g,,food-cupboard
Ritz Crackers Cheese Box,Ritz Crackers Cheese Box200g,£1.25,62.5p per 100g,"Offer price £1.25, was £1.40",food-cupboard
Ritz Crackers Original Box,Ritz Crackers Original Box200g,£1.25,62.5p per 100g,"Offer price £1.25, was £1.40",food-cupboard
Robertson's Golden Shredless Marmalade,Robertson's Golden Shredless Marmalade454g,£1.99,43.8p per 100g,,food-cupboard
Robertson's Golden Shred Marmalade,Robertson's Golden Shred Marmalade454g,£1.99,43.8p per 100g,,food-cupboard
Robertson's Silver Shred,Robertson's Silver Shred454g,£1.99,43.8p per 100g,,food-cupboard
Robinsons Orange & Pineapple Freeze Pops ,Robinsons Orange & Pineapple Freeze Pops 620ml,99p,16p per 100ml,,food-cupboard
Rocky Mountain Mega Marshmallow,Rocky Mountain Mega Marshmallow340g,£2.25,66.2p per 100g,,food-cupboard
Rolo Large Egg,Rolo Large Egg254g,£3.25,£1.28 per 100g,,food-cupboard
Rolo Milk Chocolate & Caramel Medium Easter Egg,Rolo Milk Chocolate & Car...128g,£1.50,£1.17 per 100g,Save 50p Off Your Next Shop,food-cupboard
Rolo Milk Chocolate & Caramel Multipack 4 Pack,Rolo Milk Chocolate & Caramel Multipack 4 Pack166.4g,£1.50,90.1p per 100g,,food-cupboard
Rombouts Coffee Filter Papers No.2,Rombouts Coffee Filter Papers No.240 per pack,£1.49,3.7p each,,food-cupboard
Rombouts Coffee Filter Papers No.4,Rombouts Coffee Filter Papers No.440 per pack,£1.49,3.7p each,,food-cupboard
Rombouts Original Compostable One Cup Filter Coffee,Rombouts Original Compostable...70g,£3.25,£4.65 per 100g,"Offer price £3.25, was £3.75",food-cupboard
Rose's Lemon & Lime Fine Cut Marmalade,Rose's Lemon & Lime Fine Cut Marmalade454g,£2.19,48.2p per 100g,,food-cupboard
Rose's Lime Marmalade,Rose's Lime Marmalade454g,£2.19,48.2p per 100g,,food-cupboard
Rowntree's Berry Hearts Sweets Sharing Bag,Rowntree's Berry Hearts Sweets Sharing Bag115g,£1.25,£1.09 per 100g,,food-cupboard
Rowntree's Fruit Pastilles Strawberry & Blackcurrant,Rowntree's Fruit Pastilles Strawberry & Blackcurrant143g,£1.25,87.4p per 100g,,food-cupboard
Rowntree's Fruit Pastilles Vegan ,Rowntree's Fruit Pastilles Vegan 143g,£1.25,87.4p per 100g,,food-cupboard
Rowntree's Gummy Bears Sweets Sharing Bag,Rowntree's Gummy Bears Sweets Sharing Bag115g,£1.25,£1.09 per 100g,,food-cupboard
Rowntree's Jelly Tots Sweets Sharing Pouch Vegan,Rowntree's Jelly Tots Sweet...150g,£1.25,83.4p per 100g,"Offer price £1.25, was £1.30",food-cupboard
Rowntree's Randoms Juicers Sweets Sharing Pouch,Rowntree's Randoms Juicer...140g,£1.25,89.3p per 100g,,food-cupboard
Rowntree's Randoms Sweets Sharing Pouch,Rowntree's Randoms Sweets Sharing Pouch150g,£1.25,83.4p per 100g,"Offer price £1.25, was £1.30",food-cupboard
Rowntree's Safari Mix Sweets Sharing Bag ,Rowntree's Safari Mix Sweets Sharing Bag 115g,£1.25,£1.09 per 100g,,food-cupboard
Rowntrees Tropical Tots,Rowntrees Tropical Tots140g,£1.25,89.3p per 100g,,food-cupboard
Rowse Acacia Honey     ,Rowse Acacia Honey     250g,£3.50,£1.40 per 100g,,food-cupboard
Rowse Dark & Rich Honey ,Rowse Dark & Rich Honey 340g,£2.99,87.9p per 100g,,food-cupboard
Rowse Honey Manuka 100+ MGO,Rowse Honey Manuka 100+ MGO255g,£9.50,£3.73 per 100g,,food-cupboard
Rowse Light & Mild Honey ,Rowse Light & Mild Honey 340g,£2.99,87.9p per 100g,,food-cupboard
Rowse Manuka 10+ Npa 250+ Mgo ,Rowse Manuka 10+ Npa 250+ Mgo 225g,£14,£6.22 per 100g,,food-cupboard
Rowse Manuka Honey Mgo500 15+,Rowse Manuka Honey Mgo500 15+225g,£20,£8.89 per 100g,,food-cupboard
Rowse Organic Honey ,Rowse Organic Honey 340g,£3.50,£1.03 per 100g,,food-cupboard
Rowse Organic Honey ,Rowse Organic Honey 340g,£3.50,£1.03 per 100g,,food-cupboard
Rowse Pure & Natural Runny Honey,Rowse Pure & Natural Runny Honey340g,£2.99,87.9p per 100g,,food-cupboard
Rowse Pure & Natural Spreadable Honey,Rowse Pure & Natural Spreadable Honey340g,£2.99,87.9p per 100g,,food-cupboard
Rowse Pure & Natural Squeezy Runny Honey,Rowse Pure & Natural Squeezy Runny Honey340g,£2.99,87.9p per 100g,,food-cupboard
Rowse Squeezy Greek Honey,Rowse Squeezy Greek Honey250g,£3.75,£1.50 per 100g,,food-cupboard
Rowse Squeezy Honey Clear,Rowse Squeezy Honey Clear680g,£4.50,66.2p per 100g,,food-cupboard
Rowse Squeezy Organic,Rowse Squeezy Organic680g,£5.75,84.6p per 100g,,food-cupboard
Rowse Squeezy Pure & Natural Honey ,Rowse Squeezy Pure & Natural Honey 250g,£2,80p per 100g,"Offer price £2, was £2.49",food-cupboard
Rowse Supahoney ,Rowse Supahoney 250g,£6.10,£2.44 per 100g,,food-cupboard
Roysters T-Bone Steak Multipack Crisps,Roysters T-Bone Steak Multipack Crisps5 x 21g,£1.25,£1.19 per 100g,,food-cupboard
Roysters T-Bone Steak Multipack Crisps,Roysters T-Bone Steak Multipack Crisps6 x 21g,£1.50,£1.19 per 100g,,food-cupboard
Rubies In The Rubble Chilli Mayonnaise,Rubies In The Rubble Chilli Mayonnaise240g,£2.50,£1.04 per 100g,,food-cupboard
Rubies In The Rubble Garlic Mayonnaise,Rubies In The Rubble Garlic Mayonnaise240g,£2.50,£1.04 per 100g,,food-cupboard
Rubies In The Rubble Tomato Ketchup,Rubies In The Rubble Tomato Ketchup470g,£3,63.8p per 100g,,food-cupboard
Ryvita Crackerbread,Ryvita Crackerbread200g,£1.75,87.5p per 100g,,food-cupboard
Ryvita Crispbread Dark Rye,Ryvita Crispbread Dark Rye250g,£1.59,63.6p per 100g,,food-cupboard
Ryvita Crispbread with Sesame Seed,Ryvita Crispbread with Sesame Seed250g,£1.59,63.6p per 100g,,food-cupboard
Ryvita Fruit Crunch Crispbread,Ryvita Fruit Crunch Crispbread200g,£1.99,99.5p per 100g,,food-cupboard
Ryvita Multi-Grain Crispbread,Ryvita Multi-Grain Crispbread250g,£1.59,63.6p per 100g,,food-cupboard
Ryvita Multi Seed Thins,Ryvita Multi Seed Thins125g,£2.15,£1.72 per 100g,,food-cupboard
Ryvita Original Rye Crispbread,Ryvita Original Rye Crispbread250g,£1.59,63.6p per 100g,,food-cupboard
Ryvita Sweet Chilli Thins,Ryvita Sweet Chilli Thins125g,£2.15,£1.72 per 100g,,food-cupboard
Ryvita Thins Caramelised Onion Flatbreads,Ryvita Thins Caramelised Onion Flatbreads125g,£2.15,£1.72 per 100g,,food-cupboard
Ryvita Thins Rosemary & Sea Salt Flatbreads,Ryvita Thins Rosemary & Sea Salt Flatbreads125g,£2.15,£1.72 per 100g,,food-cupboard
Ryvita Topped 3 Cheese Cracker Thins,Ryvita Topped 3 Cheese Cracker Thins250g,£2.15,86p per 100g,,food-cupboard
Ryvita Wholegrain Crackerbread,Ryvita Wholegrain Crackerbread125g,£1.59,£1.27 per 100g,,food-cupboard
Sacla Char-Grilled Aubergine & Roasted Garlic Pesto,Sacla Char-Grilled Aubergine...190g,£2.50,£1.32 per 100g,,food-cupboard
Sacla' Classic Basil Pesto,Sacla' Classic Basil Pesto190g,£2.50,£1.32 per 100g,,food-cupboard
Sacla Fiery Chilli Pesto,Sacla Fiery Chilli Pesto190g,£2.50,£1.32 per 100g,,food-cupboard
Sacla' Organic Basil Pesto,Sacla' Organic Basil Pesto190g,£2.50,£1.32 per 100g,,food-cupboard
Sacla Pesto Fresh Coriander & Red Chilli,Sacla Pesto Fresh Coriander & Red Chilli190g,£2.50,£1.32 per 100g,,food-cupboard
Sacla Spicy Chilli & Mozzarella Intenso Pasta Sauce,Sacla Spicy Chilli & Mozzarel...190g,£2.75,£1.44 per 100g,"Offer price £2.75, was £3.35",food-cupboard
Sacla Sun-Dried Tomato Pesto,Sacla Sun-Dried Tomato Pesto190g,£2.50,£1.32 per 100g,,food-cupboard
Sacla Sundried Tomato & Garlic Intenso Pasta Sauce,Sacla Sundried Tomato & Gar...190g,£2.75,£1.44 per 100g,"Offer price £2.75, was £3.35",food-cupboard
Sacla Sweet Red Onion & Gorgonzola Intenso Pasta Sauce,Sacla Sweet Red Onion & Gorgonz...190g,£2.75,£1.44 per 100g,"Offer price £2.75, was £3.35",food-cupboard
Sacla Vegan Bolognese Sauce With Pea Protein,Sacla Vegan Bolognese Sauce With Pea Protein500g,£3.25,65p per 100g,,food-cupboard
Salaam Basmati Rice  ,Salaam Basmati Rice  10kg,£17.99,£1.80 per kg,,food-cupboard
Salaam Basmati Rice,Salaam Basmati Rice5kg,£8.99,£1.80 per kg,,food-cupboard
Saladitos Lupini Flour,Saladitos Lupini Flour400g,£2.60,£6.50 per kg,,food-cupboard
Sambucol Childrens Gummies,Sambucol Childrens Gummies30 per pack,£10.30,34.3p each,,food-cupboard
Sambucol Immuno Forte Gummies,Sambucol Immuno Forte Gummies30 per pack,£11.45,38.2p each,,food-cupboard
Santa Maria 6 Large Plain Flour Tortilla,Santa Maria 6 Large Plain Flour Tortilla312g,£1.65,52.9p per 100g,,food-cupboard
Santa Maria 8 Plain Flour Soft Tortillla,Santa Maria 8 Plain Flour Soft Tortillla320g,£1.65,51.6p per 100g,,food-cupboard
Santa Maria Chipotle Paste,Santa Maria Chipotle Paste100g,£1.65,£1.65 per 100g,,food-cupboard
Santa Maria Chunky Salsa Medium,Santa Maria Chunky Salsa Medium230g,£1.65,71.7p per 100g,,food-cupboard
Santa Maria Chunky Salsa Mild,Santa Maria Chunky Salsa Mild230g,£1.65,71.7p per 100g,,food-cupboard
Santa Maria Green Jalapenos,Santa Maria Green Jalapenos200g,£1,50p per 100g,"Offer price £1, was £1.59",food-cupboard
Santa Maria Medium Fajita Mix,Santa Maria Medium Fajita Mix28g,75p,£2.68 per 100g,"Offer price 75p, was £1.15",food-cupboard
Santa Maria Mild Fajita Mix,Santa Maria Mild Fajita Mix28g,75p,£2.68 per 100g,"Offer price 75p, was £1.15",food-cupboard
Santa Maria Red Jalapenos,Santa Maria Red Jalapenos200g,£1,50p per 100g,"Offer price £1, was £1.59",food-cupboard
Sarson's Brown Malt Vinegar ,Sarson's Brown Malt Vinegar 568ml,£1.25,22p per 100ml,,food-cupboard
Sarson's Distilled Vinegar,Sarson's Distilled Vinegar568ml,£1.25,22p per 100ml,,food-cupboard
Sarson's Gravy Browning,Sarson's Gravy Browning150g,£1,66.7p per 100g,,food-cupboard
Sarson's Malt Pickling Vinegar,Sarson's Malt Pickling Vinegar950ml,£2,21.1p per 100ml,,food-cupboard
Sarson's Malt Vinegar,Sarson's Malt Vinegar400ml,£1.45,36.3p per 100ml,,food-cupboard
Sarson's Original Malt Vinegar,Sarson's Original Malt Vinegar250ml,£1,40p per 100ml,,food-cupboard
Sauce Shop Brown Sauce ,Sauce Shop Brown Sauce 260g,£2.75,£1.06 per 100g,,food-cupboard
Sauce Shop Buffalo Hot Sauce,Sauce Shop Buffalo Hot Sauce,£2.75,,,food-cupboard
Sauce Shop Honey Chipotle Bbq,Sauce Shop Honey Chipotle Bbq,£2.75,,,food-cupboard
Sauce Shop Original BBQ Sauce,Sauce Shop Original BBQ Sauce,£2.75,,,food-cupboard
Sauce Shop Original Hot Sauce,Sauce Shop Original Hot Sauce,£2.75,,,food-cupboard
Sauce Shop Tomato Ketchup ,Sauce Shop Tomato Ketchup 260g,£2.75,£1.06 per 100g,,food-cupboard
Saxa Coarse Sea Salt,Saxa Coarse Sea Salt350g,£1.65,£4.71 per kg,,food-cupboard
Saxa Fine Sea Salt,Saxa Fine Sea Salt350g,£1.49,£4.26 per kg,,food-cupboard
Saxa Rock Salt Grinder,Saxa Rock Salt Grinder200g,£3.49,£17.45 per kg,,food-cupboard
Saxa Sea Salt Grinder,Saxa Sea Salt Grinder200g,£3.49,£17.45 per kg,,food-cupboard
Saxa So-Low Salt 50% Less Sodium,Saxa So-Low Salt 50% Less Sodium350g,£1.99,£5.69 per kg,,food-cupboard
Saxa Table Salt,Saxa Table Salt750g,£1.75,£2.33 per kg,,food-cupboard
Schar Gluten Free Crispbreads,Schar Gluten Free Crispbreads150g,£1.65,£1.10 per 100g,,food-cupboard
Schwartz Adjustable Sea Salt Grinder ,Schwartz Adjustable Sea Salt Grinder 60g,£3,£50.00 per kg,,food-cupboard
Schwartz Asafoetida,Schwartz Asafoetida52g,£2.15,£4.13 per 100g,Buy 2 for £3.30,food-cupboard
Schwartz Authentic Mix Chicken Casserole ,Schwartz Authentic Mix Chicken Casserole 36g,£1.09,£3.03 per 100g,Buy 4 for £2.50,food-cupboard
Schwartz Authentic Mix Mild Cream Peppercorn Sauce,Schwartz Authentic Mix Mild...25g,£1.09,£4.36 per 100g,Buy 4 for £2.50,food-cupboard
Schwartz Authentic Mix Moroccan Lamb Casserole,Schwartz Authentic Mix Moroccan Lamb Casserole35g,£1.09,£3.11 per 100g,Buy 4 for £2.50,food-cupboard
Schwartz Authentic Tuna Napolitana Mix,Schwartz Authentic Tuna Napolitana Mix30g,£1.09,£3.63 per 100g,Buy 4 for £2.50,food-cupboard
Schwartz Basil Jar,Schwartz Basil Jar10g,£2.15,£2.15 per 10g,Buy 2 for £3.30,food-cupboard
Schwartz Bay Leaves ,Schwartz Bay Leaves 3g,£2.15,£71.67 per 100g,Buy 2 for £3.30,food-cupboard
Schwartz Beef Casserole Recipe Mix,Schwartz Beef Casserole Recipe Mix43g,£1.09,£2.53 per 100g,Buy 4 for £2.50,food-cupboard
Schwartz Black And Red Pepper Jar,Schwartz Black And Red Pepper Jar45g,£1.85,41.1p per 10g,Buy 2 for £3.30,food-cupboard
Schwartz Black Peppercorn Grinder ,Schwartz Black Peppercorn Grinder 35g,£3,85.7p per 10g,,food-cupboard
Schwartz Black Peppercorns,Schwartz Black Peppercorns35g,£2.20,62.9p per 10g,Buy 2 for £3.30,food-cupboard
Schwartz Black Sesame Seeds ,Schwartz Black Sesame Seeds 47g,£2.15,£4.57 per 100g,Buy 2 for £3.30,food-cupboard
Schwartz Caraway Seed Jar,Schwartz Caraway Seed Jar38g,£2.15,56.6p per 10g,Buy 2 for £3.30,food-cupboard
Schwartz Cayenne Chilli Pepper Jar,Schwartz Cayenne Chilli Pepper Jar26g,£2.15,82.7p per 10g,Buy 2 for £3.30,food-cupboard
Schwartz Celery Salt Jar,Schwartz Celery Salt Jar72g,£2.15,£2.99 per 100g,Buy 2 for £3.30,food-cupboard
Schwartz Chargrill Chicken Seasoning ,Schwartz Chargrill Chicken Seasoning 51g,£1.85,36.3p per 10g,Buy 2 for £3.30,food-cupboard
Schwartz Cheddar Cheese Sauce Mix,Schwartz Cheddar Cheese Sauce Mix40g,£1.09,£2.73 per 100g,Buy 4 for £2.50,food-cupboard
Schwartz Chicken & Leek Bake Recipe Mix,Schwartz Chicken & Leek Bake Recipe Mix35g,£1.09,£3.11 per 100g,Buy 4 for £2.50,food-cupboard
Schwartz Chicken Bacon & Potato Pie ,Schwartz Chicken Bacon & Potato Pie 35g,£1.09,£3.11 per 100g,Buy 4 for £2.50,food-cupboard
Schwartz Chicken Chasseur Recipe Mix,Schwartz Chicken Chasseur Recipe Mix40g,£1.09,£2.73 per 100g,Buy 4 for £2.50,food-cupboard
Schwartz Chicken Fajita Authentic Mix,Schwartz Chicken Fajita Authentic Mix35g,£1.09,£3.11 per 100g,Buy 4 for £2.50,food-cupboard
Schwartz Chicken Seasoning Paprika & Onion,Schwartz Chicken Season...50g,£1.85,£3.70 per 100g,Buy 2 for £3.30,food-cupboard
Schwartz Chilli Chipotle Powder,Schwartz Chilli Chipotle Powder46g,£2.15,£4.67 per 100g,Buy 2 for £3.30,food-cupboard
Schwartz Chilli con Carne Recipe Mix,Schwartz Chilli con Carne Recipe Mix41g,£1.09,£2.66 per 100g,Buy 4 for £2.50,food-cupboard
Schwartz Chilli Powder Mild,Schwartz Chilli Powder Mild38g,£1.65,43.4p per 10g,,food-cupboard
Schwartz Chinese Five Spice,Schwartz Chinese Five Spice58g,£1.85,31.9p per 10g,Buy 2 for £3.30,food-cupboard
Schwartz Chives Jar,Schwartz Chives Jar1g,£2.15,£21.50 per 10g,Buy 2 for £3.30,food-cupboard
Schwartz Cinnamon Sticks Jar,Schwartz Cinnamon Sticks Jar13g,£2.15,£1.65 per 10g,Buy 2 for £3.30,food-cupboard
Schwartz Classic BBQ Seasoning,Schwartz Classic BBQ Seasoning44g,£1.85,42p per 10g,Buy 2 for £3.30,food-cupboard
Schwartz Classic Hollandaise Sauce ,Schwartz Classic Hollandaise Sauce 300g,£2.19,73p per 100g,"Offer price £2.19, was £2.20",food-cupboard
Schwartz Classic Roast Beef Gravy ,Schwartz Classic Roast Beef Gravy 27g,£1.09,£4.04 per 100g,Buy 4 for £2.50,food-cupboard
Schwartz Classic Roast Chicken Gravy ,Schwartz Classic Roast Chicken Gravy 26g,£1.09,£4.19 per 100g,Buy 4 for £2.50,food-cupboard
Schwartz Coarse Ground Black Pepper Jar,Schwartz Coarse Ground Black Pepper Jar33g,£2.40,72.7p per 10g,Buy 2 for £3.30,food-cupboard
Schwartz Coq Au Vin Authentic Mix,Schwartz Coq Au Vin Authentic Mix35g,£1.09,£3.11 per 100g,Buy 4 for £2.50,food-cupboard
Schwartz Coriander Leaf Jar,Schwartz Coriander Leaf Jar7g,£2.15,£3.07 per 10g,Buy 2 for £3.30,food-cupboard
Schwartz Coriander Seeds Jar,Schwartz Coriander Seeds Jar20g,£2.15,£1.08 per 10g,Buy 2 for £3.30,food-cupboard
Schwartz Creamy Lemon & Parsley Sauce ,Schwartz Creamy Lemon & Parsley Sauce 300g,£2.19,73p per 100g,"Offer price £2.19, was £2.20",food-cupboard
Schwartz Creamy Parsley Sauce Mix,Schwartz Creamy Parsley Sauce Mix26g,£1.09,41.9p per 10g,Buy 4 for £2.50,food-cupboard
Schwartz Creamy Peppercorn Sauce Heat & Pour,Schwartz Creamy Pepperc...170g,£1.50,88.2p per 100g,,food-cupboard
Schwartz Creamy Pepper Sauce Mix,Schwartz Creamy Pepper Sauce Mix25g,£1.09,£4.36 per 100g,Buy 4 for £2.50,food-cupboard
Schwartz Creamy Pork & Mushroom Recipe Mix,Schwartz Creamy Pork & Mushroom Recipe Mix40g,£1.09,£2.73 per 100g,Buy 4 for £2.50,food-cupboard
Schwartz Creamy White Wine With Herbs ,Schwartz Creamy White Wine With Herbs 26g,£1.09,£4.19 per 100g,Buy 4 for £2.50,food-cupboard
Schwartz Crushed Chillies Jar,Schwartz Crushed Chillies Jar29g,£2.15,74.1p per 10g,Buy 2 for £3.30,food-cupboard
Schwartz Cumin Ground,Schwartz Cumin Ground37g,£2.15,58.1p per 10g,Buy 2 for £3.30,food-cupboard
Schwartz Cumin Seeds,Schwartz Cumin Seeds35g,£2.15,£6.14 per 100g,Buy 2 for £3.30,food-cupboard
Schwartz Curry Powder Tandoori,Schwartz Curry Powder Tandoori100g,£2.25,£2.25 per 100g,Buy 2 for £3.30,food-cupboard
Schwartz Curry Sauce For Chips Mix,Schwartz Curry Sauce For Chips Mix25g,£1.09,£4.36 per 100g,Buy 4 for £2.50,food-cupboard
Schwartz Dill & Lemon Sauce ,Schwartz Dill & Lemon Sauce 300g,£2.19,73p per 100g,"Offer price £2.19, was £2.20",food-cupboard
Schwartz Dill Jar,Schwartz Dill Jar10g,£2.15,£2.15 per 10g,Buy 2 for £3.30,food-cupboard
Schwartz Extra Mature Cheddar Cheese Sauce Mix,Schwartz Extra Mature Che...30g,£1.09,£3.63 per 100g,Buy 4 for £2.50,food-cupboard
Schwartz Extra Spicy Cajun Seasoning ,Schwartz Extra Spicy Cajun Seasoning 42g,£1.85,44p per 10g,Buy 2 for £3.30,food-cupboard
Schwartz Fajita Seasoning,Schwartz Fajita Seasoning46g,£1.85,40.2p per 10g,Buy 2 for £3.30,food-cupboard
Schwartz Fennel Seed Jar,Schwartz Fennel Seed Jar28g,£2.15,76.8p per 10g,Buy 2 for £3.30,food-cupboard
Schwartz Fish Seasoning,Schwartz Fish Seasoning55g,£1.85,33.6p per 10g,Buy 2 for £3.30,food-cupboard
Schwartz Garam Masala Jar,Schwartz Garam Masala Jar30g,£2.15,71.7p per 10g,Buy 2 for £3.30,food-cupboard
Schwartz Garlic & Mushroom Sauce Mix,Schwartz Garlic & Mushroom Sauce Mix26g,£1.09,£4.19 per 100g,Buy 4 for £2.50,food-cupboard
Schwartz Garlic & Rosemary Roasties,Schwartz Garlic & Rosemary Roasties33g,£1.09,£3.30 per 100g,Buy 4 for £2.50,food-cupboard
Schwartz Garlic Pepper Jar,Schwartz Garlic Pepper Jar45g,£2.15,47.8p per 10g,Buy 2 for £3.30,food-cupboard
Schwartz Garlic Powder ,Schwartz Garlic Powder 55g,£2.15,£3.91 per 100g,Buy 2 for £3.30,food-cupboard
Schwartz Garlic Salt Jar,Schwartz Garlic Salt Jar73g,£2.15,29.5p per 10g,Buy 2 for £3.30,food-cupboard
Schwartz Ground All Spice Jar,Schwartz Ground All Spice Jar37g,£2.15,58.1p per 10g,Buy 2 for £3.30,food-cupboard
Schwartz Ground Black Pepper Jar ,Schwartz Ground Black Pepper Jar 33g,£2.29,69.4p per 10g,Buy 2 for £3.30,food-cupboard
Schwartz Ground Cinnamon Jar,Schwartz Ground Cinnamon Jar39g,£1.60,41p per 10g,,food-cupboard
Schwartz Ground Cloves,Schwartz Ground Cloves35g,£2.15,£6.14 per 100g,Buy 2 for £3.30,food-cupboard
Schwartz Ground Coriander Jar,Schwartz Ground Coriander Jar24g,£2.15,89.6p per 10g,Buy 2 for £3.30,food-cupboard
Schwartz Ground Fenugreek Jar,Schwartz Ground Fenugreek Jar35g,£2.15,61.4p per 10g,Buy 2 for £3.30,food-cupboard
Schwartz Ground Ginger Jar,Schwartz Ground Ginger Jar26g,£2.15,82.7p per 10g,Buy 2 for £3.30,food-cupboard
Schwartz Ground Nutmeg Jar,Schwartz Ground Nutmeg Jar32g,£2.15,67.2p per 10g,Buy 2 for £3.30,food-cupboard
Schwartz Ground Sumac ,Schwartz Ground Sumac 44g,£2.15,£4.89 per 100g,Buy 2 for £3.30,food-cupboard
Schwartz Ground Turmeric Jar,Schwartz Ground Turmeric Jar31g,£1.60,51.6p per 10g,,food-cupboard
Schwartz Ground White Pepper Jar,Schwartz Ground White Pepper Jar34g,£2.20,64.7p per 10g,Buy 2 for £3.30,food-cupboard
Schwartz Harissa ,Schwartz Harissa 48g,£1.85,£3.85 per 100g,Buy 2 for £3.30,food-cupboard
Schwartz Herbes De Provence,Schwartz Herbes De Provence11g,£2.15,£1.95 per 10g,Buy 2 for £3.30,food-cupboard
Schwartz Hollandaise Sauce Mix,Schwartz Hollandaise Sauce Mix25g,£1.09,£4.36 per 100g,Buy 4 for £2.50,food-cupboard
Schwartz Hot Chilli con Carne Recipe Mix,Schwartz Hot Chilli con Carne Recipe Mix41g,£1.09,£2.66 per 100g,Buy 4 for £2.50,food-cupboard
Schwartz Hot Chilli Powder,Schwartz Hot Chilli Powder38g,£2.15,56.6p per 10g,Buy 2 for £3.30,food-cupboard
Schwartz Hot Paprika Jar  ,Schwartz Hot Paprika Jar  34g,£2.15,63.2p per 10g,Buy 2 for £3.30,food-cupboard
Schwartz Italian Chicken Risotto ,Schwartz Italian Chicken Risotto 28g,£1.09,£3.89 per 100g,Buy 4 for £2.50,food-cupboard
Schwartz Italian Garlic Seasoning ,Schwartz Italian Garlic Seasoning 43g,£1.85,43p per 10g,Buy 2 for £3.30,food-cupboard
Schwartz Italian Herb Jar,Schwartz Italian Herb Jar11g,£2.15,£1.95 per 10g,Buy 2 for £3.30,food-cupboard
Schwartz Jalapeno Chilli ,Schwartz Jalapeno Chilli 46g,£2.15,£4.67 per 100g,Buy 2 for £3.30,food-cupboard
Schwartz Jamaican Jerk Seasoning,Schwartz Jamaican Jerk Seasoning51g,£1.85,36.3p per 10g,Buy 2 for £3.30,food-cupboard
Schwartz Juniper Berries Jar,Schwartz Juniper Berries Jar28g,£2.15,76.8p per 10g,Buy 2 for £3.30,food-cupboard
Schwartz Lamb Casserole Recipe Mix,Schwartz Lamb Casserole Recipe Mix35g,£1.09,£3.11 per 100g,Buy 4 for £2.50,food-cupboard
Schwartz Lasagne Recipe Mix,Schwartz Lasagne Recipe Mix36g,£1.09,£3.03 per 100g,Buy 4 for £2.50,food-cupboard
Schwartz Lemon Butter Sauce For Salmon,Schwartz Lemon Butter Sauce For Salmon38g,£1.09,£2.87 per 100g,Buy 4 for £2.50,food-cupboard
Schwartz Lemongrass ,Schwartz Lemongrass 7g,£2.15,£30.71 per 100g,Buy 2 for £3.30,food-cupboard
"Schwartz Loaded Fries Paprika, Garlic & Black Pepper",Schwartz Loaded Fries Paprika...20g,£1.09,£5.45 per 100g,Buy 4 for £2.50,food-cupboard
Schwartz Loaded Fries Southern Fried ,Schwartz Loaded Fries Southern Fried 20g,£1.09,£5.45 per 100g,Buy 4 for £2.50,food-cupboard
Schwartz Loaded Fries Texan BBQ,Schwartz Loaded Fries Texan BBQ20g,£1.09,54.5p per 10g,Buy 4 for £2.50,food-cupboard
Schwartz Luxury Bread Sauce ,Schwartz Luxury Bread Sauce 40g,£1.09,£2.73 per 100g,Buy 4 for £2.50,food-cupboard
Schwartz Macaroni Cheese ,Schwartz Macaroni Cheese 30g,£1.09,£3.63 per 100g,Buy 4 for £2.50,food-cupboard
Schwartz Make It Fresh Mushroom Stroganoff,Schwartz Make It Fresh Mushroom Stroganoff35g,£1.09,£3.11 per 100g,Buy 4 for £2.50,food-cupboard
Schwartz Meatballs in Tomato Sauce Recipe Mix,Schwartz Meatballs in Tomato Sauce Recipe Mix30g,£1.09,£3.63 per 100g,Buy 4 for £2.50,food-cupboard
Schwartz Medium Curry Powder,Schwartz Medium Curry Powder90g,£2.25,25p per 10g,Buy 2 for £3.30,food-cupboard
Schwartz Mild Curry Powder Drum,Schwartz Mild Curry Powder Drum85g,£2.25,26.5p per 10g,Buy 2 for £3.30,food-cupboard
Schwartz Minced Garlic Jar ,Schwartz Minced Garlic Jar 46g,£2.15,46.7p per 10g,Buy 2 for £3.30,food-cupboard
Schwartz Mint Jar       ,Schwartz Mint Jar       9g,£2.15,£2.39 per 10g,Buy 2 for £3.30,food-cupboard
Schwartz Mixed Herbs Jar,Schwartz Mixed Herbs Jar11g,£1.60,£1.45 per 10g,,food-cupboard
Schwartz Mixed Spice Jar,Schwartz Mixed Spice Jar28g,£2.15,76.8p per 10g,Buy 2 for £3.30,food-cupboard
Schwartz Mustard Seeds Jar,Schwartz Mustard Seeds Jar48g,£2.15,44.8p per 10g,Buy 2 for £3.30,food-cupboard
Schwartz One Pan Cajun Chicken And Rice,Schwartz One Pan Cajun Chicken And Rice32g,£1.09,£3.41 per 100g,Buy 4 for £2.50,food-cupboard
Schwartz Onion Granules ,Schwartz Onion Granules 30g,£2.15,£7.17 per 100g,Buy 2 for £3.30,food-cupboard
Schwartz Onion Salt Jar,Schwartz Onion Salt Jar65g,£2.15,33.1p per 10g,Buy 2 for £3.30,food-cupboard
Schwartz Oregano Jar,Schwartz Oregano Jar7g,£2.15,£3.07 per 10g,Buy 2 for £3.30,food-cupboard
Schwartz Paella Recipe Mix,Schwartz Paella Recipe Mix30g,£1.09,£3.63 per 100g,Buy 4 for £2.50,food-cupboard
Schwartz Paprika Jar,Schwartz Paprika Jar40g,£1.60,40p per 10g,,food-cupboard
Schwartz Parsley And Chive Sauce For Cod,Schwartz Parsley And Chive Sauce For Cod38g,£1.09,£2.87 per 100g,Buy 4 for £2.50,food-cupboard
Schwartz Parsley Jar   ,Schwartz Parsley Jar   3g,£2.15,£7.17 per 10g,Buy 2 for £3.30,food-cupboard
Schwartz Peppered Beef Casserole Authentic Mix,Schwartz Peppered Beef Casserole Authentic Mix40g,£1.09,£2.73 per 100g,Buy 4 for £2.50,food-cupboard
Schwartz Perfect Shake Chip Seasoning,Schwartz Perfect Shake Chip Seasoning55g,£1.85,£3.36 per 100g,Buy 2 for £3.30,food-cupboard
Schwartz Perfect Shake Season-All Herb & Spice Blend,Schwartz Perfect Shake Season...110g,£1.85,£1.68 per 100g,Buy 2 for £3.30,food-cupboard
Schwartz Perfect Shake Smoky Cajun Herb & Spice Blend,Schwartz Perfect Shake Smoky...45g,£1.85,£4.11 per 100g,Buy 2 for £3.30,food-cupboard
Schwartz Pilau Rice Seasoning,Schwartz Pilau Rice Seasoning65g,£2.15,33.1p per 10g,Buy 2 for £3.30,food-cupboard
Schwartz Piri Piri Seasoning,Schwartz Piri Piri Seasoning39g,£1.85,47.4p per 10g,Buy 2 for £3.30,food-cupboard
Schwartz Poppy Seeds,Schwartz Poppy Seeds43g,£2.15,£5.00 per 100g,Buy 2 for £3.30,food-cupboard
Schwartz Pork & Sage Gravy Sachet,Schwartz Pork & Sage Gravy Sachet25g,£1.09,£4.36 per 100g,Buy 4 for £2.50,food-cupboard
Schwartz Pork Casserole Recipe Mix,Schwartz Pork Casserole Recipe Mix36g,£1.09,£3.03 per 100g,Buy 4 for £2.50,food-cupboard
Schwartz Pork Seasoning,Schwartz Pork Seasoning34g,£1.85,54.4p per 10g,Buy 2 for £3.30,food-cupboard
Schwartz Potato Wedges Garlic & Herb,Schwartz Potato Wedges Garlic & Herb38g,£1.09,£2.87 per 100g,Buy 4 for £2.50,food-cupboard
Schwartz Rainbow Peppercorn,Schwartz Rainbow Peppercorn24g,£3,£1.25 per 10g,,food-cupboard
Schwartz Ras El Hanout ,Schwartz Ras El Hanout 38g,£2.15,£5.66 per 100g,Buy 2 for £3.30,food-cupboard
Schwartz Roast Chicken Seasoning with Garlic & Herbs,Schwartz Roast Chicken Season...53g,£1.65,£3.11 per 100g,,food-cupboard
Schwartz Roasted Garlic ,Schwartz Roasted Garlic 13g,£2.15,£16.54 per 100g,Buy 2 for £3.30,food-cupboard
Schwartz Roast It - Texan Bbq,Schwartz Roast It - Texan Bbq25g,£1.09,£4.36 per 100g,Buy 4 for £2.50,food-cupboard
Schwartz Roast It Chinese 5 Spice ,Schwartz Roast It Chinese 5 Spice 25g,£1.09,£4.36 per 100g,Buy 4 for £2.50,food-cupboard
Schwartz Roast Lamb Gravy Mix          ,Schwartz Roast Lamb Gravy Mix          26g,90p,£3.46 per 100g,,food-cupboard
Schwartz Roast Turkey Gravy Mix             ,Schwartz Roast Turkey Gravy Mix             25g,£1.09,£4.36 per 100g,Buy 4 for £2.50,food-cupboard
Schwartz Rosemary Jar,Schwartz Rosemary Jar18g,£2.15,£1.19 per 10g,Buy 2 for £3.30,food-cupboard
Schwartz Rubbed Sage Jar,Schwartz Rubbed Sage Jar10g,£2.15,£2.15 per 10g,Buy 2 for £3.30,food-cupboard
Schwartz Saffron Strands Jar,Schwartz Saffron Strands Jar0.4g,£4.49,£112.25 per 10g,,food-cupboard
Schwartz Sauce For Fish Pie ,Schwartz Sauce For Fish Pie 300g,£2.19,73p per 100g,"Offer price £2.19, was £2.20",food-cupboard
Schwartz Sausage Casserole Mix,Schwartz Sausage Casserole Mix35g,£1.09,31.1p per 10g,Buy 4 for £2.50,food-cupboard
Schwartz Savoury Mince    ,Schwartz Savoury Mince    35g,£1.09,£3.11 per 100g,Buy 4 for £2.50,food-cupboard
Schwartz Sesame Seed      ,Schwartz Sesame Seed      43g,£2.15,50p per 10g,Buy 2 for £3.30,food-cupboard
Schwartz Shepherd's Pie Recipe Mix,Schwartz Shepherd's Pie Recipe Mix38g,£1.09,£2.87 per 100g,Buy 4 for £2.50,food-cupboard
Schwartz Slow Cookers Beef & Ale Stew Recipe Mix,Schwartz Slow Cookers Beef...43g,£1.09,£2.53 per 100g,Buy 4 for £2.50,food-cupboard
Schwartz Slow Cookers Chicken Curry Recipe Mix,Schwartz Slow Cookers Chicken Curry Recipe Mix33g,£1.09,£3.30 per 100g,Buy 4 for £2.50,food-cupboard
Schwartz Slow Cookers Chicken Provencal,Schwartz Slow Cookers Chicken Provencal35g,£1.09,£3.11 per 100g,Buy 4 for £2.50,food-cupboard
Schwartz Slow Cook Sticky American Bbq Brisket ,Schwartz Slow Cook Sticky...35g,£1.09,£3.11 per 100g,Buy 4 for £2.50,food-cupboard
Schwartz Slow Cook Tikka Masala,Schwartz Slow Cook Tikka Masala35g,£1.09,£3.11 per 100g,Buy 4 for £2.50,food-cupboard
Schwartz Smoked Paprika Chicken Recipe Mix,Schwartz Smoked Paprika Chicken Recipe Mix28g,£1.09,£3.89 per 100g,Buy 4 for £2.50,food-cupboard
Schwartz Smoked Paprika Jar,Schwartz Smoked Paprika Jar40g,£2.15,53.8p per 10g,Buy 2 for £3.30,food-cupboard
Schwartz Soy Ginger & Sesame Sauce,Schwartz Soy Ginger & Sesame Sauce300g,£2.19,73p per 100g,"Offer price £2.19, was £2.20",food-cupboard
Schwartz Spaghetti Bolognese Recipe Mix,Schwartz Spaghetti Bolognese Recipe Mix40g,£1.09,£2.73 per 100g,Buy 4 for £2.50,food-cupboard
Schwartz Spaghetti Carbonara Recipe Mix,Schwartz Spaghetti Carbonara Recipe Mix32g,£1.09,£3.41 per 100g,Buy 4 for £2.50,food-cupboard
Schwartz Spanish Chicken & Rice,Schwartz Spanish Chicken & Rice30g,£1.09,£3.63 per 100g,Buy 4 for £2.50,food-cupboard
Schwartz Spicy Italian Seasoning ,Schwartz Spicy Italian Seasoning 42g,£1.85,44p per 10g,Buy 2 for £3.30,food-cupboard
Schwartz Spicy Seasoning  ,Schwartz Spicy Seasoning  47g,£1.85,39.4p per 10g,Buy 2 for £3.30,food-cupboard
Schwartz Steak Seasoning,Schwartz Steak Seasoning46g,£1.85,40.2p per 10g,Buy 2 for £3.30,food-cupboard
Schwartz Sweet Smoked Paprika ,Schwartz Sweet Smoked Paprika 40g,£2.15,53.8p per 10g,Buy 2 for £3.30,food-cupboard
Schwartz Tarragon Jar ,Schwartz Tarragon Jar 5g,£2.15,£4.30 per 10g,Buy 2 for £3.30,food-cupboard
Schwartz Thai 7 Spice Seasoning,Schwartz Thai 7 Spice Seasoning52g,£1.85,35.6p per 10g,Buy 2 for £3.30,food-cupboard
Schwartz Thai Green Chicken Curry Recipe Mix,Schwartz Thai Green Chicken Curry Recipe Mix41g,£1.09,£2.66 per 100g,Buy 4 for £2.50,food-cupboard
Schwartz Thyme Jar,Schwartz Thyme Jar11g,£2.15,£1.95 per 10g,Buy 2 for £3.30,food-cupboard
Schwartz Tikka Curry Spice ,Schwartz Tikka Curry Spice 85g,£2.25,26.5p per 10g,Buy 2 for £3.30,food-cupboard
Schwartz Vanilla Pod,Schwartz Vanilla Pod,£3,,,food-cupboard
Schwartz White Sauce ,Schwartz White Sauce 25g,£1.09,£4.36 per 100g,Buy 4 for £2.50,food-cupboard
Schwartz Whole Cardamom Pods,Schwartz Whole Cardamom Pods26g,£2.15,£8.27 per 100g,Buy 2 for £3.30,food-cupboard
Schwartz Whole Cloves Jar,Schwartz Whole Cloves Jar22g,£2.15,97.7p per 10g,Buy 2 for £3.30,food-cupboard
Schwartz Whole Nutmeg Jar,Schwartz Whole Nutmeg Jar25g,£2.15,£8.60 per 100g,Buy 2 for £3.30,food-cupboard
Schwartz Whole Star Anise,Schwartz Whole Star Anise10g,£2.15,£21.50 per 100g,Buy 2 for £3.30,food-cupboard
Schwartz Wild Mushroom Sauce ,Schwartz Wild Mushroom Sauce 30g,£1.09,£3.63 per 100g,Buy 4 for £2.50,food-cupboard
Schwartz Wok It American Bbq Chicken Sizzler,Schwartz Wok It America...35g,£1.09,£3.11 per 100g,Buy 4 for £2.50,food-cupboard
Schwartz Wok It Caribbean Chicken ,Schwartz Wok It Caribbean Chicken 35g,£1.09,£3.11 per 100g,Buy 4 for £2.50,food-cupboard
Schwartz Wok It Zesty Garlic And Chilli Prawns,Schwartz Wok It Zesty Garlic And Chilli Prawns35g,£1.09,£3.11 per 100g,Buy 4 for £2.50,food-cupboard
Schwartz Wrap It Jamaican Jerk,Schwartz Wrap It Jamaican Jerk30g,£1.09,36.3p per 10g,Buy 4 for £2.50,food-cupboard
Schwartz Wrap It Sizzling Tikka,Schwartz Wrap It Sizzling Tikka30g,£1.09,36.3p per 10g,Buy 4 for £2.50,food-cupboard
Schwartz Wrap It Smokehouse BBQ,Schwartz Wrap It Smokehouse BBQ30g,£1.09,36.3p per 10g,Buy 4 for £2.50,food-cupboard
Schwartz Wrap It Takeaway Kebab,Schwartz Wrap It Takeaway Kebab35g,£1.09,£3.11 per 100g,Buy 4 for £2.50,food-cupboard
Schwartz Zaatar ,Schwartz Zaatar 35g,£1.85,£5.29 per 100g,Buy 2 for £3.30,food-cupboard
Scott's Old Fashioned Porage Oats,Scott's Old Fashioned Porage Oats1kg,£2.49,24.9p per 100g,Buy 2 for £4,food-cupboard
Scott's Porage Original Scottish Porridge Oats,Scott's Porage Original Scottish Porridge Oats1kg,£2.29,22.9p per 100g,Buy 2 for £4,food-cupboard
 Scrapples Apple & Mango Crisps Multi-Box , Scrapples Apple & Mango Crisps Multi-Box 60g,£2.65,£4.42 per 100g,,food-cupboard
Scrapples Wonky Apple & Mango Crisps ,Scrapples Wonky Apple & Mango Crisps 12g,70p,£5.83 per 100g,,food-cupboard
Scrapples Wonky Apple Crisps,Scrapples Wonky Apple Crisps12g,70p,£5.83 per 100g,,food-cupboard
Scrapples Wonky Apple Crisps Multi-Box ,Scrapples Wonky Apple Crisps Multi-Box 60g,£2.65,£4.42 per 100g,,food-cupboard
Seabrook Beefy Crisps 6 Pack,Seabrook Beefy Crisps 6 Pack150g,£1.35,90p per 100g,,food-cupboard
Seabrook Cheese & Onion Crisps 6 Pack,Seabrook Cheese & Onion Crisps 6 Pack150g,£1.35,90p per 100g,,food-cupboard
Seabrook Salt & Vinegar Crisps 6 Pack,Seabrook Salt & Vinegar Crisps 6 Pack150g,£1.35,90p per 100g,,food-cupboard
Seabrook Sea Salt Crisps 6 Pack,Seabrook Sea Salt Crisps 6 Pack150g,£1.35,90p per 100g,,food-cupboard
Seabrooks Prawn Cocktail Crisps 6 Pack,Seabrooks Prawn Cocktail Crisps 6 Pack150g,£1.35,90p per 100g,,food-cupboard
Seabrook Variety,Seabrook Variety18 x 25g,£3,66.7p per 100g,,food-cupboard
Seabrook Variety Crisps 6 Pack,Seabrook Variety Crisps 6 Pack150g,£1.35,90p per 100g,,food-cupboard
Sea Isle Blackeye Beans In Salted Water,Sea Isle Blackeye Beans In Salted Water240g,69p,£2.88 per kg,,food-cupboard
Sea Isle Gunga Peas In Salted Water ,Sea Isle Gunga Peas In Salted Water 240g,69p,£2.88 per kg,,food-cupboard
Sea Isle Red Kidney Beans In Salted Water ,Sea Isle Red Kidney Beans In Salted Water 240g,69p,£2.88 per kg,,food-cupboard
Seeds of Change Organic Spinach Trottole Pasta 500g,Seeds of Change Organic Spina...500g,£2.49,49.8p per 100g,,food-cupboard
Seeds Of Change Tomato & Basil Organic Pasta Sauce,Seeds Of Change Tomato & Ba...500g,£2.49,49.8p per 100g,,food-cupboard
Sensations Balsamic Vinegar & Caramelised Onion Sharing Crisps ,Sensations Balsamic Vinegar & Caramel...150g,£2.25,£1.50 per 100g,,food-cupboard
Sensations Roast Chicken & Thyme Sharing Crisps ,Sensations Roast Chicken & Thyme Sharing Crisps 150g,£2.25,£1.50 per 100g,,food-cupboard
Sensations Thai Sweet Chilli Sharing Crisps,Sensations Thai Sweet Chilli Sharing Crisps150g,£2.25,£1.50 per 100g,,food-cupboard
Shahzada Basmati Rice,Shahzada Basmati Rice10kg,£16,£1.60 per kg,,food-cupboard
Shangri-La Chicken Flavour Noodles ,Shangri-La Chicken Flavour Noodles 60g,49p,£8.17 per kg,,food-cupboard
Sharwood's 2 Peshwari Naans,Sharwood's 2 Peshwari Naans2 per pack,£1.75,87.5p each,,food-cupboard
Sharwood's 4 Garlic & Coriander Mini Naans,Sharwood's 4 Garlic & Coriander Mini Naans260g,£1.75,67.3p per 100g,,food-cupboard
Sharwood's 4 Peshwari Mini Naans,Sharwood's 4 Peshwari Mini Naans260g,£1.75,67.3p per 100g,,food-cupboard
Sharwood's 4 Plain Mini Naans,Sharwood's 4 Plain Mini Naans260g,£1.75,67.3p per 100g,,food-cupboard
Sharwood's 8 Plain Poppadoms Low Fat,Sharwood's 8 Plain Poppadoms Low Fat94g,£1.75,£1.86 per 100g,,food-cupboard
Sharwood's Balti Medium Curry Sauce,Sharwood's Balti Medium Curry Sauce420g,£1.75,41.7p per 100g,,food-cupboard
Sharwood's Balti Paste ,Sharwood's Balti Paste 290g,£2.99,£1.03 per 100g,,food-cupboard
Sharwood's Bhuna Medium Curry Sauce,Sharwood's Bhuna Medium Curry Sauce420g,£1.75,41.7p per 100g,,food-cupboard
Sharwood's Black Bean & Red Pepper Chinese Cooking Sauce,Sharwood's Black Bean & Red Pep...425g,£1.75,41.2p per 100g,,food-cupboard
Sharwood's Butter Chicken 30% Less Fat ,Sharwood's Butter Chicken 30% Less Fat 420g,£1.75,41.7p per 100g,,food-cupboard
Sharwood's Butter Chicken Mild Curry Sauce,Sharwood's Butter Chicken Mild Curry Sauce420g,£1.75,41.7p per 100g,,food-cupboard
Sharwood's Chinese Curry Sauce,Sharwood's Chinese Curry Sauce425g,£1.75,41.2p per 100g,,food-cupboard
Sharwood's Cooking Sauce Balti,Sharwood's Cooking Sauce Balti720g,£3.49,48.5p per 100g,,food-cupboard
Sharwood's Cooking Sauce Korma,Sharwood's Cooking Sauce Korma720g,£3.49,48.5p per 100g,,food-cupboard
Sharwood's Cooking Sauce Korma 30% Less Fat,Sharwood's Cooking Sauc...420g,£1.75,41.7p per 100g,,food-cupboard
Sharwood's Cooking Sauce Madras ,Sharwood's Cooking Sauce Madras 420g,£1.75,41.7p per 100g,,food-cupboard
Sharwood's Cooking Sauce Sweet & Sour 30% Less Sugar,Sharwood's Cooking Sauce Swee...425g,£1.75,41.2p per 100g,,food-cupboard
Sharwood's Cooking Sauce Tikka Masala,Sharwood's Cooking Sauce Tikka Masala720g,£3.49,48.5p per 100g,,food-cupboard
Sharwood's Cooking Sauce Tikka Masala 30% Less Fat,Sharwood's Cooking Sauce Ti...420g,£1.75,41.7p per 100g,,food-cupboard
Sharwood's Cooking Sauce Vindaloo,Sharwood's Cooking Sauce Vindaloo420g,£1.75,41.7p per 100g,,food-cupboard
Sharwood's Fine Egg Noodles,Sharwood's Fine Egg Noodles340g,£1.75,£5.15 per kg,,food-cupboard
Sharwood's Garlic & Coriander Naans,Sharwood's Garlic & Coriander Naans2 per pack,£1.75,87.5p each,,food-cupboard
Sharwood's Garlic & Coriander Poppadoms,Sharwood's Garlic & Coriander Poppadoms8 per pack,£1.75,21.9p each,,food-cupboard
Sharwood's Green Label Mango Chutney,Sharwood's Green Label Mango Chutney227g,£1.75,77.1p per 100g,,food-cupboard
Sharwood's Hoisin Marinade ,Sharwood's Hoisin Marinade 290g,£1.75,60.3p per 100g,,food-cupboard
Sharwood's Jalfrezi Hot Curry Sauce,Sharwood's Jalfrezi Hot Curry Sauce420g,£1.75,41.7p per 100g,,food-cupboard
Sharwood's Japanese Teriyaki Sauce ,Sharwood's Japanese Teriyaki Sauce 420g,£1.75,41.7p per 100g,,food-cupboard
Sharwood's Katsu Curry Sauce ,Sharwood's Katsu Curry Sauce 415g,£1.75,42.2p per 100g,,food-cupboard
Sharwood's Korma Mild Curry Sauce,Sharwood's Korma Mild Curry Sauce420g,£1.75,41.7p per 100g,,food-cupboard
Sharwood's Kung Po Chinese Cooking Sauce,Sharwood's Kung Po Chinese Cooking Sauce425g,£1.75,41.2p per 100g,,food-cupboard
Sharwood's Lime Pickle,Sharwood's Lime Pickle300g,£1.75,58.3p per 100g,"Offer price £1.75, was £3.69",food-cupboard
Sharwood's Massaman Curry Sauce ,Sharwood's Massaman Curry Sauce 420g,£1.75,41.7p per 100g,,food-cupboard
Sharwood's Medium Egg Noodles,Sharwood's Medium Egg Noodles340g,£1.75,£5.15 per kg,,food-cupboard
Sharwood's Onion Bhaji Mix ,Sharwood's Onion Bhaji Mix 110g,£2.15,£1.95 per 100g,,food-cupboard
Sharwoods Oyster & Spring Onion Stir Fry Sauce,Sharwoods Oyster & Spring...120g,£1.19,99.2p per 100g,,food-cupboard
Sharwoods Plain Low Salt Poppadoms Ready To Eat,Sharwoods Plain Low Salt Poppadoms Ready To Eat8 per pack,£1.75,21.9p each,,food-cupboard
Sharwood's Plain Mini Poppadoms ,Sharwood's Plain Mini Poppadoms 55g,£1.75,£3.18 per 100g,,food-cupboard
Sharwood's Plain Poppadoms,Sharwood's Plain Poppadoms8 per pack,£1.75,21.9p each,,food-cupboard
Sharwood's Plum Sauce ,Sharwood's Plum Sauce 300g,£1.75,58.2p per 100g,"Offer price £1.75, was £3.49",food-cupboard
Sharwood's Prawn Crackers,Sharwood's Prawn Crackers60g,£1.75,£2.92 per 100g,,food-cupboard
Sharwood's Raita Sauce ,Sharwood's Raita Sauce 190g,£1.75,92.1p per 100g,,food-cupboard
Sharwood's Rogan Josh Medium Curry Sauce,Sharwood's Rogan Josh Medium Curry Sauce420g,£1.75,41.7p per 100g,,food-cupboard
Sharwood's Rogan Josh Paste ,Sharwood's Rogan Josh Paste 280g,£2.99,£1.07 per 100g,,food-cupboard
Sharwood's Stir Fry Hoisin Sauce,Sharwood's Stir Fry Hoisin Sauce120g,£1.19,99.2p per 100g,,food-cupboard
Sharwood's Stir Fry Sauce 30% Less Sugar Chow Mein,Sharwood's Stir Fry Sauce 3...120g,90p,75p per 100g,,food-cupboard
Sharwood's Stir Fry Sauce 30% Less Sugar Sweet Chilli & Garlic,Sharwood's Stir Fry Sauce 30% Less...120g,£1.19,99.2p per 100g,,food-cupboard
Sharwoods Stir Fry Teriyaki,Sharwoods Stir Fry Teriyaki120g,£1.19,99.2p per 100g,,food-cupboard
Sharwood's Sweet & Sour Chinese Cooking Sauce,Sharwood's Sweet & Sour Chinese Cooking Sauce425g,£1.75,41.2p per 100g,,food-cupboard
Sharwood's Sweet & Sour Stir Fry Sauce,Sharwood's Sweet & Sour Stir Fry Sauce120g,£1.19,99.2p per 100g,,food-cupboard
Sharwood's Sweet Chilli & Red Pepper Chinese Cooking Sauce,Sharwood's Sweet Chilli & Red Pep...425g,£1.75,41.2p per 100g,,food-cupboard
Sharwood's Thai Crackers,Sharwood's Thai Crackers60g,£1.75,£2.92 per 100g,,food-cupboard
Sharwood's Thai Green Curry Sauce ,Sharwood's Thai Green Curry Sauce 415g,£1.75,42.2p per 100g,,food-cupboard
Sharwood's Thai Jungle Curry Sauce,Sharwood's Thai Jungle Curry Sauce420g,£1.75,41.7p per 100g,,food-cupboard
Sharwood's Thai Red Curry Sauce ,Sharwood's Thai Red Curry Sauce 415g,£1.75,42.2p per 100g,,food-cupboard
Sharwood's Thai Rendang Curry Sauce,Sharwood's Thai Rendang Curry Sauce415g,£1.75,42.2p per 100g,,food-cupboard
Sharwood's Tikka Creamy Cooking Sauce,Sharwood's Tikka Creamy Cooking Sauce425g,£1.75,41.2p per 100g,,food-cupboard
Sharwood's Tikka Masala Mild Curry Sauce,Sharwood's Tikka Masala Mild Curry Sauce420g,£1.75,41.7p per 100g,,food-cupboard
Sharwood's Tikka Paste ,Sharwood's Tikka Paste 275g,£2.99,£1.09 per 100g,,food-cupboard
Sharwood's Whole Wheat Noodles,Sharwood's Whole Wheat Noodles375g,£1.75,£4.67 per kg,,food-cupboard
Shaws Caramelised Red Onion Chutney,Shaws Caramelised Red Onion Chutney310g,£1.45,46.8p per 100g,"Offer price £1.45, was £1.75",food-cupboard
Shaws Devilish Tomato & Chilli Relish,Shaws Devilish Tomato & Chilli Relish300g,£1.75,58.3p per 100g,,food-cupboard
Shaws Habanero & Red Pepper Chutney,Shaws Habanero & Red Pepper Chutney300g,£1.45,48.3p per 100g,"Offer price £1.45, was £1.75",food-cupboard
Shaws Mighty American Style Relish,Shaws Mighty American Style Relish300g,£1.75,58.3p per 100g,,food-cupboard
Shaws Yorkshire Chunky Mango Chutney,Shaws Yorkshire Chunky Mango Chutney300g,£1.45,48.3p per 100g,"Offer price £1.45, was £1.75",food-cupboard
Silver Spoon Caster Sugar     ,Silver Spoon Caster Sugar     500g,£1.49,£2.98 per kg,,food-cupboard
Silver Spoon Caster Sugar     ,Silver Spoon Caster Sugar     1kg,£2.59,£2.59 per kg,,food-cupboard
Silver Spoon Dark Brown Soft Sugar ,Silver Spoon Dark Brown Soft Sugar 500g,£1.55,31p per 100g,,food-cupboard
Silver Spoon Demerara Sugar,Silver Spoon Demerara Sugar500g,£1.55,31p per 100g,,food-cupboard
Silver Spoon Granulated Sugar ,Silver Spoon Granulated Sugar 1kg,99p,99p per kg,,food-cupboard
Silver Spoon Granulated Sugar ,Silver Spoon Granulated Sugar 2kg,£2.09,£1.05 per kg,,food-cupboard
Silver Spoon Granulated Sweetener,Silver Spoon Granulated Sweetener75g,£1.95,£26.00 per kg,,food-cupboard
Silver Spoon Half Spoon Granulated Sugar,Silver Spoon Half Spoon Granulated Sugar1kg,£3.25,£3.25 per kg,,food-cupboard
Silverspoon Halfspoon Sugar,Silverspoon Halfspoon Sugar500g,£1.85,£3.70 per kg,,food-cupboard
Silver Spoon Icing Sugar      ,Silver Spoon Icing Sugar      1kg,£2.39,£2.39 per kg,,food-cupboard
Silver Spoon Icing Sugar      ,Silver Spoon Icing Sugar      500g,£1.49,£2.98 per kg,,food-cupboard
Silver Spoon Jam Sugar        ,Silver Spoon Jam Sugar        1kg,£2.79,£2.79 per kg,,food-cupboard
Silver Spoon Light Brown Soft Sugar ,Silver Spoon Light Brown Soft Sugar 500g,£1.55,31p per 100g,,food-cupboard
Silver Spoon Preserving Sugar ,Silver Spoon Preserving Sugar 1kg,£2.39,£2.39 per kg,,food-cupboard
Silver Spoon Sweetener,Silver Spoon Sweetener400 per pack,£2.25,0.6p each,,food-cupboard
Silver Spoon White Sugar Cubes,Silver Spoon White Sugar Cubes500g,£1.45,£2.90 per kg,,food-cupboard
Simplycook Cajun Jambalaya Recipe Kit ,Simplycook Cajun Jambalaya Recipe Kit ,£2.50,,,food-cupboard
Simplycook Chicken Makhani Recipe Kit,Simplycook Chicken Makhani Recipe Kit,£2.50,,,food-cupboard
Simplycook Chorizo Penne Recipe Kit ,Simplycook Chorizo Penne Recipe Kit ,£2.50,,,food-cupboard
Simplycook Jerk Chicken Recipe Kit,Simplycook Jerk Chicken Recipe Kit,£2.50,,,food-cupboard
Simplycook Nasi Goreng Recipe Kit ,Simplycook Nasi Goreng Recipe Kit ,£2.50,,,food-cupboard
Simplycook Vietnamese Pork Recipe Kit ,Simplycook Vietnamese Pork Recipe Kit ,£2.50,,,food-cupboard
Sizzola Rapeseed Oil Spray,Sizzola Rapeseed Oil Spray200ml,£2.09,£1.05 per 100ml,,food-cupboard
Skinny Whip Chocolate Orange ,Skinny Whip Chocolate Orange 5 x 100g,£1,20p per 100g,,food-cupboard
Skinny Whip Mint & Dark Chocolate,Skinny Whip Mint & Dark Chocolate5 x 100g,£1,20p per 100g,,food-cupboard
Skinny Whip Toffee Chocolate Bars,Skinny Whip Toffee Chocolate Bars100g,£1,£1.00 per 100g,,food-cupboard
Skippy Chocolate Chip Swirl Peanut Butter,Skippy Chocolate Chip Swirl Peanut Butter340g,£2.65,77.9p per 100g,,food-cupboard
Skippy Chunky Peanut Butter,Skippy Chunky Peanut Butter454g,£3,66.1p per 100g,,food-cupboard
Skippy Smooth Peanut Butter,Skippy Smooth Peanut Butter340g,£2.49,73.2p per 100g,,food-cupboard
Skippy Smooth Peanut Butter,Skippy Smooth Peanut Butter454g,£3,66.1p per 100g,,food-cupboard
Skippy Super Crunch Extra Crunchy Peanut Butter,Skippy Super Crunch Extra Crunchy Peanut Butter340g,£2.49,73.2p per 100g,,food-cupboard
Skips Prawn Cocktail Mulitpack Crisps ,Skips Prawn Cocktail Mulitpack Crisps 6 x 13.1g,£1.49,£1.90 per 100g,,food-cupboard
Skittles Chewies Vegan Sweets Fruit Flavoured Pouch Bag ,Skittles Chewies Vegan Sweets F...137g,£1,73p per 100g,,food-cupboard
Skittles Giants Vegan Chewy Sour Sweets Fruit Flavoured Pouch Bag,Skittles Giants Vegan Chewy Sour Swee...141g,£1,70.9p per 100g,,food-cupboard
Skittles Giants Vegan Chewy Sweets Fruit Flavoured Pouch Bag ,Skittles Giants Vegan Chewy Sweets...141g,£1,70.9p per 100g,,food-cupboard
Skittles Squishy Cloudz Chewy Sweets Fruit Flavoured Sweets Pouch Bag,Skittles Squishy Cloudz Chewy...94g,£1,£1.06 per 100g,,food-cupboard
Skittles Squishy Cloudz Sour Sweets Fruit Flavoured  Sweets Pouch Bag,Skittles Squishy Cloudz Sour...94g,£1,£1.06 per 100g,,food-cupboard
Skittles Vegan Chewy Crazy Sour Sweets Fruit Flavoured Pouch Bag ,Skittles Vegan Chewy Crazy Sour Sweet...152g,£1,65.8p per 100g,,food-cupboard
Skittles Vegan Chewy Sweets Fruit Flavoured Pouch Bag,Skittles Vegan Chewy Sweets F...152g,£1,65.8p per 100g,,food-cupboard
Slim-Fast Milkshake Strawberry,Slim-Fast Milkshake Strawberry6 x 325ml,£10,51.3p per 100ml,"Offer price £10, was £10.99",food-cupboard
Slimmers Calorie Free Sweeteners,Slimmers Calorie Free Sweeteners1000 per pack,£1,0.1p each,,food-cupboard
Slush Puppie Ice Pops Multipack,Slush Puppie Ice Pops Multipack600ml,£1.50,25p per 100ml,,food-cupboard
Smarties ,Smarties 105g,£1.35,£1.29 per 100g,,food-cupboard
Smarties Buttons Milk Chocolate Sharing Pouch,Smarties Buttons Milk Chocolate Sharing Pouch90g,£1.35,£1.50 per 100g,,food-cupboard
Smarties Giant Egg Dinosaur,Smarties Giant Egg Dinosaur264g,£5,£1.89 per 100g,,food-cupboard
Smarties Large Egg,Smarties Large Egg226g,£3.25,£1.44 per 100g,,food-cupboard
Smarties Milk Chocolate Egg Hunt Pack,Smarties Milk Chocolate Egg Hunt Pack140g,£3,£2.14 per 100g,,food-cupboard
Smarties Milk Chocolate Large Easter Bunny,Smarties Milk Chocolate Large Easter Bunny94g,£2,£2.13 per 100g,,food-cupboard
Smarties Milk Chocolate Medium Easter Egg ,Smarties Milk Chocolate Medium Easter Egg 119g,£1.50,£1.26 per 100g,Save 50p Off Your Next Shop,food-cupboard
Smarties Milk Chocolate Small Easter Bunny,Smarties Milk Chocolate Small Easter Bunny18.5g,70p,£3.78 per 100g,Buy 2 for £1.20,food-cupboard
Smarties White Chocolate Hexatube,Smarties White Chocolate Hexatube36g,75p,£2.08 per 100g,Buy 2 for £1.20,food-cupboard
Smint Mint Sugar Free Mints Dispenser,Smint Mint Sugar Free Mints Dispenser8g,£1.10,£1.38 per 10g,,food-cupboard
Smint XXL Peppermint Sugar Free Tin 50 Mints,Smint XXL Peppermint Sugar Free Tin 50 Mints35g,£1.50,£4.29 per 100g,,food-cupboard
Smiths Chipsticks Salt & Vinegar Flavour,Smiths Chipsticks Salt & Vinegar Flavour6 x 17g,£1.35,£1.32 per 100g,,food-cupboard
Smiths Frazzles Crispy Bacon Flavour,Smiths Frazzles Crispy Bacon Flavour6 x 18g,£1.35,£1.25 per 100g,,food-cupboard
Snack a Jacks Caramel Sharing Rice Cakes ,Snack a Jacks Caramel Sharing Rice Cakes 159g,£2.25,£1.42 per 100g,,food-cupboard
Snack a Jacks Chocolate Chip Sharing Rice Cakes ,Snack a Jacks Chocolate Chip Sharing Rice Cakes 180g,£2.25,£1.25 per 100g,,food-cupboard
Snack A Jacks Crispy Salt & Vinegar,Snack A Jacks Crispy Salt & Vinegar5 x 19g,£1.75,£1.84 per 100g,Buy 2 for £3,food-cupboard
Snack A Jacks Crispy Sour Cream & Chive,Snack A Jacks Crispy Sour Cream & Chive5 x 19g,£1.75,£1.84 per 100g,Buy 2 for £3,food-cupboard
Snack A Jacks Crispy Sweet Chilli,Snack A Jacks Crispy Sweet Chilli5 x 19g,£1.75,£1.84 per 100g,Buy 2 for £3,food-cupboard
Snack a Jacks Salt & Vinegar Sharing Rice Cakes ,Snack a Jacks Salt & Vinega...126g,£2.25,£1.79 per 100g,,food-cupboard
"Snickers Caramel, Nougat, Peanuts & Milk Chocolate Snack Bars Multipack","Snickers Caramel, Nougat, Peanuts & Milk...4 x 41.7g",£1.65,99p per 100g,"Offer price £1.65, was £1.95",food-cupboard
"Snickers Caramel, Nougat, Peanuts & Milk Chocolate Snack Bars Multipack ","Snickers Caramel, Nougat, Peanuts & Milk Ch...8 x 35.5g",£2.50,88p per 100g,,food-cupboard
Snickers Creamy Peanut Butter & Milk Chocolate Snack Bars Multipack,Snickers Creamy Peanut Butter & Milk Ch...182g,£2.50,£1.37 per 100g,,food-cupboard
"Snickers Triple Treat Fruit, Nut & Chocolate Snack Bar ","Snickers Triple Treat Fruit, Nu...40g",65p,£1.63 per 100g,,food-cupboard
"Snickers Triple Treat Fruit, Nut & Chocolate Snack Bars 4pk ","Snickers Triple Treat Fruit, Nut &...128g",£1.75,£1.37 per 100g,,food-cupboard
Sour Patch Kids Cola Sweet Bag,Sour Patch Kids Cola Sweet Bag140g,£1.25,89.3p per 100g,,food-cupboard
Sour Patch Kids Fruit Mix Sweet Bag,Sour Patch Kids Fruit Mix Sweet Bag140g,£1.25,89.3p per 100g,,food-cupboard
Sour Patch Kids Original Sweet Bag,Sour Patch Kids Original Sweet Bag140g,£1.25,89.3p per 100g,,food-cupboard
Sour Patch Kids Watermelon Flavour Sweets Bag,Sour Patch Kids Watermelo...140g,£1.25,89.3p per 100g,,food-cupboard
Sour Punch Mini Bites Assorted Flavours ,Sour Punch Mini Bites Assorted Flavours 57g,£1.25,£2.19 per 100g,,food-cupboard
Space Raiders Beef Multipack Crisps,Space Raiders Beef Multipack Crisps6 x 13g,£1.50,£1.92 per 100g,,food-cupboard
Spam Chopped Pork & Ham,Spam Chopped Pork & Ham340g,£3,88.2p per 100g,,food-cupboard
Spam Chopped Pork & Ham,Spam Chopped Pork & Ham200g,£2.49,£1.25 per 100g,,food-cupboard
Spam Chopped Pork And Ham,Spam Chopped Pork And Ham200g,£2.45,£1.23 per 100g,,food-cupboard
Spam Chopped Pork and Ham with Real Bacon,Spam Chopped Pork and Ham with Real Bacon200g,£2.49,£1.25 per 100g,,food-cupboard
Spam Lite,Spam Lite200g,£2.49,£1.25 per 100g,,food-cupboard
Special K Dark Chocolate Granola,Special K Dark Chocolate Granola350g,£3,85.7p per 100g,,food-cupboard
Splenda Granulated Low Calorie Sweetener,Splenda Granulated Low Calorie Sweetener125g,£3,£24.00 per kg,,food-cupboard
Stagg Classic Chilli Con Carne,Stagg Classic Chilli Con Carne400g,£2.50,62.5p per 100g,,food-cupboard
Stagg Dynamite Hot Chili Con Carne,Stagg Dynamite Hot Chili Con Carne400g,£2.50,62.5p per 100g,,food-cupboard
Stagg Low Fat Vegetable Chilli,Stagg Low Fat Vegetable Chilli400g,£2.50,62.5p per 100g,,food-cupboard
Starbucks Blonde Espresso Roast by Nespresso Coffee Pods x 10,Starbucks Blonde Espresso...10 per pack,£4.25,42.5p each,,food-cupboard
Starbucks By Nespresso Blonde Breakfast Blend,Starbucks By Nespresso Blonde Breakfast Blend57g,£4.25,£7.46 per 100g,,food-cupboard
Starbucks Cappuccino by Nescafe Dolce Gusto Coffee Pods x 6,Starbucks Cappuccino by Nescafe D...120g,£4.99,£4.16 per 100g,Buy 2 for £8,food-cupboard
Starbucks Caramel Macchiato by Nescafe Dolce Gusto Coffee Pods x 12,Starbucks Caramel Macchiato...127.8g,£4.99,£3.90 per 100g,Buy 2 for £8,food-cupboard
Starbucks Columbia Medium Roast Ground Coffee ,Starbucks Columbia Medium...200g,£3.85,£1.93 per 100g,,food-cupboard
Starbucks Decaf Espresso Roast by Nespresso Coffee Pods x 10,Starbucks Decaf Espresso Roast by N...10 per pack,£4.25,42.5p each,,food-cupboard
Starbucks Discoveries Caramel Macchiato,Starbucks Discoveries Caramel Macchiato220ml,£1.25,£5.68 per litre,"Offer price £1.25, was £2.25",food-cupboard
Starbucks Discoveries Seattle Latte,Starbucks Discoveries Seattle Latte220ml,£1.25,£5.68 per litre,"Offer price £1.25, was £2.25",food-cupboard
Starbucks Dolce Gusto Caffe Latte 12 Pods ,Starbucks Dolce Gusto Caffe Latte 12 Pods 121.2g,£4.99,£4.12 per 100g,,food-cupboard
Starbucks Dolce Gusto Madagascar Vanilla Macchiato Coffee Pods x 12 ,Starbucks Dolce Gusto Madagas...132g,£4.99,£3.78 per 100g,Buy 2 for £8,food-cupboard
Starbucks Doubleshot Espresso,Starbucks Doubleshot Espresso200ml,£1.25,£6.25 per litre,"Offer price £1.25, was £2.25",food-cupboard
Starbucks Espresso Roast by Nespresso Coffee Pods x 40,Starbucks Espresso Roast by Nes...228g,£11.75,£5.15 per 100g,"Offer price £11.75, was £14.99",food-cupboard
Starbucks Espresso Roast Dark Roast Whole Bean Coffee,Starbucks Espresso Roast Dark...200g,£3.85,£1.93 per 100g,,food-cupboard
Starbucks Frappuccino Coffee Drink Caramel Flavour,Starbucks Frappuccino Coffe...250ml,£1.25,£5.00 per litre,"Offer price £1.25, was £2.25",food-cupboard
Starbucks House Blend Ground Coffee ,Starbucks House Blend Ground Coffee 200g,£3.85,£1.93 per 100g,,food-cupboard
Starbucks Nespresso Colombia Espresso Pods ,Starbucks Nespresso Colombia Espresso Pods 10 per pack,£4.25,42.5p each,,food-cupboard
Starbucks Nespresso Medium House Blend ,Starbucks Nespresso Medium House Blend 10 per pack,£4.25,42.5p each,,food-cupboard
Starbucks Premium Instant Caramel Latte,Starbucks Premium Instant Caramel Latte5 x 23g,£2,£1.74 per 100g,"Offer price £2, was £3.59",food-cupboard
Starbucks Premium Instant Cinnamon Dolce Latte,Starbucks Premium Instant...5 x 23.5g,£2,£1.70 per 100g,"Offer price £2, was £3.59",food-cupboard
Starbucks Signature Hot Chocolate,Starbucks Signature Hot Chocolate330g,£5,£1.52 per 100g,,food-cupboard
Starbucks Single Origin Sumatra Dark Roast 10 Coffee Pods ,Starbucks Single Origin Sumatra D...55g,£4.25,£7.73 per 100g,,food-cupboard
Starbucks White Mocha,Starbucks White Mocha5 x 120g,£2,33.3p per 100g,"Offer price £2, was £3.59",food-cupboard
Starburst Fruit Squares Fruit Mix,Starburst Fruit Squares Fruit Mix25g,£1,£4.00 per 100g,,food-cupboard
Starburst Fruit Squares Tropical Mix,Starburst Fruit Squares Tropical Mix25g,£1,£4.00 per 100g,,food-cupboard
Starburst Vegan Chewy Sweets Fruit Flavoured Pouch Bag,Starburst Vegan Chewy Sweets Fr...152g,£1,65.8p per 100g,,food-cupboard
St. Dalfour Apple & Cinnamon,St. Dalfour Apple & Cinnamon284g,£2.69,94.7p per 100g,,food-cupboard
St. Dalfour Orange & Ginger Jam,St. Dalfour Orange & Ginger Jam284g,£2.69,94.7p per 100g,,food-cupboard
St. Dalfour Strawberry Jam,St. Dalfour Strawberry Jam284g,£2.69,94.7p per 100g,,food-cupboard
Streamline Low Sugar Blackcurrant Jam ,Streamline Low Sugar Blackcurrant Jam 340g,£2.49,73.2p per 100g,,food-cupboard
Streamline Low Sugar Strawberry Jam ,Streamline Low Sugar Strawberry Jam 340g,£2.09,61.5p per 100g,,food-cupboard
Street Kitchen Japanese Teriyaki Chicken,Street Kitchen Japanese Teriyaki Chicken255g,£2,78.7p per 100g,"Offer price £2, was £3.15",food-cupboard
Street Kitchen Malayasian Peanut Satay ,Street Kitchen Malayasian Peanut Satay 255g,£2,78.7p per 100g,"Offer price £2, was £3.15",food-cupboard
Stute Diabetic Fine Cut Marmalade,Stute Diabetic Fine Cut Marmalade430g,£2.79,64.9p per 100g,,food-cupboard
Stute Diabetic Strawberry Extra Jam,Stute Diabetic Strawberry Extra Jam430g,£2.79,64.9p per 100g,,food-cupboard
Summer Pride Tofu Chunks In Chilli & Garlic,Summer Pride Tofu Chunks In Chilli & Garlic225g,£1.50,£6.67 per kg,,food-cupboard
Summer Pride Tofu Chunks In Soy & Spring Onion,Summer Pride Tofu Chunks...225g,£1.50,£6.67 per kg,,food-cupboard
Summer Pride Tofu Chunks In Water,Summer Pride Tofu Chunks In Water225g,£1.50,£6.67 per kg,,food-cupboard
Sun-Pat Crunchy Peanut Butter,Sun-Pat Crunchy Peanut Butter400g,£3,75p per 100g,,food-cupboard
Sun-Pat Crunchy Peanut Butter,Sun-Pat Crunchy Peanut Butter570g,£3.50,61.4p per 100g,,food-cupboard
Sun-Pat No Added Sugar Crunchy,Sun-Pat No Added Sugar Crunchy400g,£3,75p per 100g,,food-cupboard
Sun-Pat No Added Sugar Smooth,Sun-Pat No Added Sugar Smooth400g,£3,75p per 100g,,food-cupboard
Sun-Pat Smooth Peanut Butter,Sun-Pat Smooth Peanut Butter400g,£3,75p per 100g,,food-cupboard
Sun-Pat Smooth Peanut Butter,Sun-Pat Smooth Peanut Butter570g,£3.50,61.4p per 100g,,food-cupboard
Sunbites Sour Cream Multipack Snacks ,Sunbites Sour Cream Multipack Snacks 6 x 25g,£1.75,£1.17 per 100g,Buy 2 for £3,food-cupboard
Sunbites Sweet Chilli Multipack Snacks ,Sunbites Sweet Chilli Multipack Snacks 6 x 25g,£1.75,£1.17 per 100g,Buy 2 for £3,food-cupboard
Sunny Yogurt Coated Raisins,Sunny Yogurt Coated Raisins5 x 25g,£2,£1.60 per 100g,Buy 2 for £3.50,food-cupboard
Surya Laila Basmati Rice,Surya Laila Basmati Rice2kg,£4,£2.00 per kg,,food-cupboard
Surya Select Basmati Rice,Surya Select Basmati Rice10kg,£13,£1.30 per kg,,food-cupboard
Sweet Baby Ray's Barbecue Sauce ,Sweet Baby Ray's Barbecue Sauce 510g,£3.99,78.2p per 100g,,food-cupboard
Sweet Baby Ray's Honey Barbecue Sauce ,Sweet Baby Ray's Honey Barbecue Sauce 510g,£3.99,78.2p per 100g,,food-cupboard
Sweetex 800 Sweetener Tablets,Sweetex 800 Sweetener Tablets,£2.25,,,food-cupboard
Sweet Freedom Choc Pot Chocolate Spread,Sweet Freedom Choc Pot Chocolate Spread250g,£3,£1.20 per 100g,,food-cupboard
Sweet Freedom Choc Shot,Sweet Freedom Choc Shot320g,£3.50,£1.09 per 100g,,food-cupboard
Swizzels Big Party Mix Bag,Swizzels Big Party Mix Bag1.1kg,£5.50,50p per 100g,,food-cupboard
Swizzels Curious Chews,Swizzels Curious Chews171g,£1.15,67.3p per 100g,,food-cupboard
Swizzels Drumstick Squashies,Swizzels Drumstick Squashies160g,£1.15,71.9p per 100g,,food-cupboard
Swizzels Drumstick Squashies Bubblegum Flavour,Swizzels Drumstick Squash...160g,£1.15,71.9p per 100g,,food-cupboard
Swizzels Drumstick Squashies Rhubarb & Custard ,Swizzels Drumstick Squash...160g,£1.15,71.9p per 100g,,food-cupboard
Swizzels Luscious Lollies,Swizzels Luscious Lollies176g,£1.15,65.3p per 100g,,food-cupboard
Swizzels Marvellous Mallows Drumstick Raspberry & Milk ,Swizzels Marvellous Mallows Dru...125g,£1.15,92p per 100g,,food-cupboard
Swizzels Scrumptious Sweets,Swizzels Scrumptious Sweets173g,£1.15,66.5p per 100g,,food-cupboard
Tabasco Original Red Pepper Sauce,Tabasco Original Red Pepper Sauce57ml,£2,£3.51 per 100ml,"Offer price £2, was £2.49",food-cupboard
Tassimo Cadbury Hot Chocolate Pods 8s,Tassimo Cadbury Hot Chocolate Pods 8s240g,£4.75,£1.98 per 100g,Buy 2 for £8.50,food-cupboard
Tassimo Costa Americano Coffee Pods x12,Tassimo Costa Americano Coffee Pods x12108g,£4.75,£4.40 per 100g,Buy 2 for £8.50,food-cupboard
Tassimo Costa Cappuccino Coffee Pods,Tassimo Costa Cappuccino Coffee Pods210g,£4.75,£2.26 per 100g,Buy 2 for £8.50,food-cupboard
Tassimo Costa Caramel Latte Coffee Pods x6,Tassimo Costa Caramel Latte Coffee Pods x6203g,£4.75,£2.34 per 100g,Buy 2 for £8.50,food-cupboard
Tassimo Costa Latte Coffee Pods x6,Tassimo Costa Latte Coffee Pods x6167g,£4.75,£2.84 per 100g,Buy 2 for £8.50,food-cupboard
Tassimo Creamer From Milk Pods 16s,Tassimo Creamer From Milk Pods 16s344g,£4.75,£1.38 per 100g,Buy 2 for £8.50,food-cupboard
Tassimo Hot Chocolate Salted Caramel 8 Pack,Tassimo Hot Chocolate Salted Caramel 8 Pack240g,£4.75,£1.98 per 100g,Buy 2 for £8.50,food-cupboard
Tassimo Kenco 100% Colombian Coffee Pods 16s,Tassimo Kenco 100% Colo...136g,£4.75,£3.49 per 100g,Buy 2 for £8.50,food-cupboard
Tassimo Kenco Americano Decaff Coffee Pods 16s,Tassimo Kenco Americano Decaff Coffee Pods 16s104g,£4.75,£4.57 per 100g,Buy 2 for £8.50,food-cupboard
Tassimo Kenco Americano Grande XL Coffee Pods 16's,Tassimo Kenco Americano Gra...144g,£4.75,£3.30 per 100g,Buy 2 for £8.50,food-cupboard
Tassimo Kenco Americano Smooth Coffee Pods 16s,Tassimo Kenco Americano Smooth Coffee Pods 16s128g,£4.75,£3.71 per 100g,Buy 2 for £8.50,food-cupboard
Tassimo Kenco Cappuccino Coffee Pods 8s,Tassimo Kenco Cappucc...260g,£4.75,£1.83 per 100g,Buy 2 for £8.50,food-cupboard
Tassimo Kenco Flat White Coffee 8X Pods,Tassimo Kenco Flat White Coffee 8X Pods220g,£4.75,£2.16 per 100g,Buy 2 for £8.50,food-cupboard
Tassimo Kenco Mocha Coffee Pods 8s ,Tassimo Kenco Mocha Coffee Pods 8s 208g,£4.75,£2.28 per 100g,Buy 2 for £8.50,food-cupboard
Tassimo L'OR Americano Classique Coffee Pods x14,Tassimo L'OR Americano Classique Coffee Pods x14116.2g,£4.75,£4.09 per 100g,Buy 2 for £8.50,food-cupboard
Tassimo L'OR Caramel Latte Macchiato Coffee Pods x7,Tassimo L'OR Caramel Latte Ma...237g,£4.75,£2.00 per 100g,Buy 2 for £8.50,food-cupboard
Tassimo L'OR Latte Macchiato Coffee Pods x7,Tassimo L'OR Latte Macchiato Coffee Pods x7195g,£4.75,£2.44 per 100g,Buy 2 for £8.50,food-cupboard
Tassimo Morning Cafe Coffee Pods x16,Tassimo Morning Cafe Coffee Pods x16124.8g,£4.75,£3.81 per 100g,Buy 2 for £8.50,food-cupboard
Tate & Lyle 50% Unrefined Demerara Sugar With Stevia,Tate & Lyle 50% Unrefined Dem...500g,£1.79,35.8p per 100g,,food-cupboard
Tate & Lyle 50% White Granulate Cane Sugar With Stevia,Tate & Lyle 50% White Granulate...500g,£1.39,27.8p per 100g,,food-cupboard
Tate & Lyle Barista Caramel Syrup,Tate & Lyle Barista Caramel Syrup250ml,£2,80.3p per 100ml,"Offer price £2, was £2.79",food-cupboard
Tate & Lyle Barista Hazelnut Syrup,Tate & Lyle Barista Hazelnut Syrup250ml,£2,80.3p per 100ml,"Offer price £2, was £2.79",food-cupboard
Tate & Lyle Barista Vanilla Syrup,Tate & Lyle Barista Vanilla Syrup250ml,£2,80.3p per 100ml,"Offer price £2, was £2.79",food-cupboard
Taylor & Colledge Fairtrade Organic Vanilla Bean Extract,Taylor & Colledge Fairtrade Org...100ml,£5,50p per 10ml,"Offer price £5, was £6.49",food-cupboard
Taylor & Colledge Organic Vanilla Bean Paste 65G,Taylor & Colledge Organic Vanilla Bean Paste 65G65g,£4,£6.15 per 100g,"Offer price £4, was £4.89",food-cupboard
Taylor & Colledge Organic Vanilla Pods,Taylor & Colledge Organic Vanilla Pods2 per pack,£5,£2.50 each,"Offer price £5, was £6.49",food-cupboard
Taylors of Harrogate After Dark Ground Coffee,Taylors of Harrogate After Dark Ground Coffee227g,£4.49,£1.98 per 100g,Buy 2 for £7,food-cupboard
Taylors of Harrogate Cafe Brasilia Ground Coffee,Taylors of Harrogate Cafe Brasilia Ground Coffee227g,£4.49,£1.98 per 100g,Buy 2 for £7,food-cupboard
Taylors Of Harrogate Cafetiere Ground Coffee,Taylors Of Harrogate Cafetiere Ground Coffee227g,£4.49,£1.98 per 100g,Buy 2 for £7,food-cupboard
Taylors of Harrogate Decaff Coffee Bags 10s,Taylors of Harrogate Decaff Coffee Bags 10s75g,£3.25,£4.33 per 100g,Buy 2 for £5,food-cupboard
Taylors of Harrogate DecaffÃ© Ground Coffee,Taylors of Harrogate DecaffÃ© Ground Coffee227g,£4.49,£1.98 per 100g,Buy 2 for £7,food-cupboard
Taylors Of Harrogate Espresso Coffee Beans,Taylors Of Harrogate Espresso Coffee Beans227g,£4.49,£1.98 per 100g,Buy 2 for £7,food-cupboard
Taylors Of Harrogate Espresso Ground Coffee ,Taylors Of Harrogate Espresso Ground Coffee 227g,£4.49,£1.98 per 100g,Buy 2 for £7,food-cupboard
Taylors Of Harrogate Flying Start Coffee Bags,Taylors Of Harrogate Flying Start Coffee Bags75g,£3.25,£4.33 per 100g,Buy 2 for £5,food-cupboard
Taylors of Harrogate Hot Lava Java Coffee Bags 10s,Taylors of Harrogate Hot La...75g,£3.25,£4.33 per 100g,Buy 2 for £5,food-cupboard
Taylors of Harrogate Hot Lava Java Coffee Beans,Taylors of Harrogate Hot Lava Java Coffee Beans227g,£4.49,£1.98 per 100g,Buy 2 for £7,food-cupboard
Taylors of Harrogate Hot Lava Java Ground Coffee,Taylors of Harrogate Hot Lava Java Ground Coffee227g,£4.49,£1.98 per 100g,Buy 2 for £7,food-cupboard
Taylors Of Harrogate Latte Coffee Beans,Taylors Of Harrogate Latte Coffee Beans227g,£4.49,£1.98 per 100g,Buy 2 for £7,food-cupboard
Taylors Of Harrogate Latte Ground Coffee,Taylors Of Harrogate Latte Ground Coffee227g,£4.49,£1.98 per 100g,Buy 2 for £7,food-cupboard
Taylors of Harrogate Lazy Sunday Beans,Taylors of Harrogate Lazy Sunday Beans227g,£4.49,£1.98 per 100g,Buy 2 for £7,food-cupboard
Taylors of Harrogate Lazy Sunday Ground Coffee,Taylors of Harrogate Lazy Sunday Ground Coffee227g,£4.49,£1.98 per 100g,Buy 2 for £7,food-cupboard
Taylors of Harrogate Rich Italian Coffee Bags 10s,Taylors of Harrogate Rich Italian Coffee Bags 10s75g,£3.25,£4.33 per 100g,Buy 2 for £5,food-cupboard
Taylors of Harrogate Rich Italian Coffee Beans,Taylors of Harrogate Rich Italian Coffee Beans227g,£4.49,£1.98 per 100g,Buy 2 for £7,food-cupboard
Taylors Of Harrogate Rich Italian Coffee Beans ,Taylors Of Harrogate Rich Italian Coffee Beans 454g,£6.75,£1.49 per 100g,,food-cupboard
Taylors of Harrogate Rich Italian Ground Coffee,Taylors of Harrogate Rich Italian Ground Coffee227g,£4.49,£1.98 per 100g,Buy 2 for £7,food-cupboard
Taylors of Harrogate Special Edition Sipi Falls Ground Coffee,Taylors of Harrogate Special Editio...227g,£4.49,£1.98 per 100g,Buy 2 for £7,food-cupboard
Taylors of Harrogate Yorkshire Tea 160 Tea Bags,Taylors of Harrogate York...500g,£4,80.1p per 100g,"Offer price £4, was £5.99",food-cupboard
Taylors of Harrogate Yorkshire Tea 240 Tea Bags,Taylors of Harrogate York...750g,£8.25,£1.10 per 100g,,food-cupboard
Taylors of Harrogate Yorkshire Tea Bags,Taylors of Harrogate Yorkshire Tea Bags125g,£1.99,£1.59 per 100g,,food-cupboard
Taylors Of Harrogate Yorkshire Tea For Hard Water 80 Tea Bags,Taylors Of Harrogate Yorkshire Tea...250g,£3.29,£1.32 per 100g,,food-cupboard
Tea + Blackcurrant & Cherry ,Tea + Blackcurrant & Cherry 14 per pack,£3.50,25p each,,food-cupboard
Tea + Mango & Pineapple ,Tea + Mango & Pineapple 14 per pack,£3.50,25p each,,food-cupboard
Tea + Orange & Blackberry,Tea + Orange & Blackberry14 per pack,£3.50,25p each,,food-cupboard
Tea + Raspberry & Pomegranate,Tea + Raspberry & Pomegranate14 per pack,£3.50,25p each,,food-cupboard
Terra Delyssa Extra Virgin Olive Oil,Terra Delyssa Extra Virgin Olive Oil500ml,£6,£1.20 per 100ml,,food-cupboard
Terra Delyssa Extra Virgin Olive Oil ,Terra Delyssa Extra Virgin Olive Oil 1L,£9.80,98p per 100ml,,food-cupboard
Terra Delyssa Olive  Oil Spray ,Terra Delyssa Olive  Oil Spray 200ml,£4.60,£2.30 per 100ml,,food-cupboard
Terra Delyssa Organic Extra Virgin Olive Oil,Terra Delyssa Organic Extra Virgin Olive Oil500ml,£3.95,79p per 100ml,"Offer price £3.95, was £4.99",food-cupboard
Terry's Chocolate Orange Easter Egg With Mini Eggs,Terry's Chocolate Orange Easter Egg With Mini Eggs230g,£3.25,£1.41 per 100g,,food-cupboard
Terry's Chocolate Orange Mini Eggs Bag,Terry's Chocolate Orange Mini Eggs Bag80g,£1,£1.25 per 100g,,food-cupboard
Terry's Chocolate Orange Mini Eggs White,Terry's Chocolate Orange Mini Eggs White80g,£1,£1.25 per 100g,,food-cupboard
Terry's Chocolate Orange Minis Chocolate Bag,Terry's Chocolate Orange Minis Chocolate Bag125g,£1.25,£1.00 per 100g,"Offer price £1.25, was £1.50",food-cupboard
Terry's Chocolate Orange Truffles Easter Egg,Terry's Chocolate Orange Truffles Easter Egg260g,£7,£2.69 per 100g,,food-cupboard
Terry's Chocolate Orange With Crushed Mini Eggs,Terry's Chocolate Orange With Crushed Mini Eggs152g,£1.50,98.7p per 100g,,food-cupboard
Terry's Dark Chocolate Orange ,Terry's Dark Chocolate Orange 157g,£2,£1.27 per 100g,,food-cupboard
Terry's Milk Chocolate Orange,Terry's Milk Chocolate Orange157g,£2,£1.27 per 100g,,food-cupboard
Tetley Cold Infusions Summer Punch Infusers,Tetley Cold Infusions Summer Punch Infusers12 per pack,£1.50,12.5p each,"Offer price £1.50, was £2.75",food-cupboard
Tetley Decaf Green Tea Bags,Tetley Decaf Green Tea Bags50 per pack,£2.69,5.4p each,,food-cupboard
Tetley Decaf Tea Bags ,Tetley Decaf Tea Bags 160 per pack,£5.75,3.6p each,,food-cupboard
Tetley Decaf Tea Bags 80s,Tetley Decaf Tea Bags 80s250g,£3.45,£1.38 per 100g,,food-cupboard
Tetley Discovery Black Tea Spiced Apple And Vanilla,Tetley Discovery Black Tea Spiced Apple And Vanilla20 x 46g,£1.75,19p per 100g,,food-cupboard
Tetley Discovery Black Tea With Lemon And Ginger,Tetley Discovery Black Tea With Lemon And Ginger20 x 46g,£1.75,19p per 100g,,food-cupboard
Tetley Discovery Black Tea With Red Berries,Tetley Discovery Black Tea With Red Berries20 x 46g,£1.75,19p per 100g,,food-cupboard
Tetley Fresh Mint Tea Bags,Tetley Fresh Mint Tea Bags20 per pack,£1.75,8.8p each,,food-cupboard
Tetley Gold Brew,Tetley Gold Brew80 x 250g,£3.75,1.9p per 100g,,food-cupboard
Tetley Green & Lemon Tea Bags 50s,Tetley Green & Lemon Tea Bags 50s100g,£2.69,£2.69 per 100g,,food-cupboard
Tetley Green Pure Matcha,Tetley Green Pure Matcha50 per pack,£2.69,5.4p each,,food-cupboard
Tetley Herbal Pure Camomile,Tetley Herbal Pure Camomile20 x 30g,£1.75,29.2p per 100g,,food-cupboard
Tetley Lemon & Ginger Tea Bags,Tetley Lemon & Ginger Tea Bags20 per pack,£1.75,8.8p each,,food-cupboard
Tetley Original Earl Grey,Tetley Original Earl Grey125g,£2.59,£2.07 per 100g,,food-cupboard
Tetley Original Tea Bags 400s,Tetley Original Tea Bags 400s1.25kg,£6,48p per 100g,,food-cupboard
Tetley Original Tea Bags 600's,Tetley Original Tea Bags 600's1.875kg,£11.49,61.3p per 100g,,food-cupboard
Tetley Original Tea Bags x240,Tetley Original Tea Bags x240750g,£5.35,71.3p per 100g,,food-cupboard
Tetley Pure Green Tea Bags 50s,Tetley Pure Green Tea Bags 50s100g,£2.69,£2.69 per 100g,,food-cupboard
Tetley Redbush Tea Bags 40s,Tetley Redbush Tea Bags 40s100g,£2,£2.00 per 100g,"Offer price £2, was £2.69",food-cupboard
Tetley Redbush With Orange,Tetley Redbush With Orange40 per pack,£2,5p each,"Offer price £2, was £2.69",food-cupboard
Tetley Super Fruit Herbal Radiance Honeybush & Orange,Tetley Super Fruit Herbal Rad...18 x 32.4g,£2.29,39.3p per 100g,Buy 2 for £3,food-cupboard
Tetley Super Fruits Multivitamin Summer Berry 20 Tea Bags,Tetley Super Fruits Multivitamin...40g,£2.29,£5.73 per 100g,Buy 2 for £3,food-cupboard
Tetley Super Fruit Vitamin B Blueberry and Raspeberry Tea 20's,Tetley Super Fruit Vitamin B Bluebe...40g,£2.29,£5.73 per 100g,Buy 2 for £3,food-cupboard
Tetley Super Fruit Vitamin C Peach and Orange Tea 20's,Tetley Super Fruit Vitamin C Pe...40g,£2.29,£5.73 per 100g,Buy 2 for £3,food-cupboard
Tetley Super Green Vitamin B Berry Tea 20s ,Tetley Super Green Vitamin B Berry Tea 20s 40g,£2.29,£5.73 per 100g,Buy 2 for £3,food-cupboard
Tetley Super Herbal Digestion Mint & Fennel,Tetley Super Herbal Digestion Mint & Fennel18 x 32.4g,£2.29,39.3p per 100g,Buy 2 for £3,food-cupboard
Tetley Super Herbal Sleep Camomile & Vanilla,Tetley Super Herbal Sleep Camomile & Vanilla18 x 27g,£2.29,47.1p per 100g,Buy 2 for £3,food-cupboard
Tetley Super Herbal Tropical Turmeric,Tetley Super Herbal Tropical Turmeric18 x 32.4g,£2.29,39.3p per 100g,Buy 2 for £3,food-cupboard
Tetley Tea Bags 160s,Tetley Tea Bags 160s500g,£3,60p per 100g,,food-cupboard
Tetley Tea Bags 40s,Tetley Tea Bags 40s125g,£1.75,£1.40 per 100g,,food-cupboard
Tetley Tea Bags 80s,Tetley Tea Bags 80s250g,£2.59,£1.04 per 100g,,food-cupboard
Thai Dragon Sriracha Mayonnaise ,Thai Dragon Sriracha Mayonnaise 200ml,£1.90,95p per 100ml,,food-cupboard
Thai Dragon Sweet Chilli Sauce ,Thai Dragon Sweet Chilli Sauce 455ml,£2.50,54.9p per 100ml,,food-cupboard
Thai Taste Pad Thai Kit 235G,Thai Taste Pad Thai Kit 235G235g,£2,85.1p per 100g,,food-cupboard
Thai Taste Thai Green Curry Kit,Thai Taste Thai Green Curry Kit224g,£2,89.3p per 100g,,food-cupboard
Thai Taste Thai Red Curry Kit,Thai Taste Thai Red Curry Kit224g,£2,89.3p per 100g,,food-cupboard
The Cornish Seaweed Company Organic Mixed Seaweed Flakes,The Cornish Seaweed Company Org...40g,£3.75,£9.38 per 100g,,food-cupboard
The Crouton Co.  Cheesy Oven Baked Croutons,The Crouton Co.  Cheesy Oven Baked Croutons95g,£1,£1.05 per 100g,,food-cupboard
The Curators Original Beef Biltong ,The Curators Original Beef Biltong 26g,£2,£7.69 per 100g,,food-cupboard
The Curators Original Salted Pork Puffs ,The Curators Original Salted Pork Puffs 75g,£1.69,£2.25 per 100g,"Offer price £1.69, was £2.19",food-cupboard
The Curators Smoky Bacon Pork Puffs,The Curators Smoky Bacon Pork Puffs75g,£1.69,£2.25 per 100g,"Offer price £1.69, was £2.19",food-cupboard
The Fruit Factory Mixed Fruit Twists,The Fruit Factory Mixed Fruit Twists5 x 90g,£1.75,38.9p per 100g,,food-cupboard
"The Fruit Factory Strawberry, Apple & Orange Fruit Strings","The Fruit Factory Strawberry, App...5 x 18g",£1.75,£1.94 per 100g,,food-cupboard
The Fruit Factory Strawberry Fruit Strings,The Fruit Factory Strawberry Fruit Strings5 x 20g,£1.75,£1.75 per 100g,,food-cupboard
The Groovy Food Company Organic Agave Nectar Strawberry Flavour,The Groovy Food Company Organic Agave...250ml,£2.50,£1.00 per 100ml,,food-cupboard
The Groovy Food Company Organic Agave Nectar Toffee Flavour,The Groovy Food Company Organic A...250ml,£2.50,£1.00 per 100ml,,food-cupboard
The Groovy Food Company Organic Creamed Coconut,The Groovy Food Company O...500g,£5,£1.00 per 100g,,food-cupboard
The Natural Confectionery Co. Jelly Snakes,The Natural Confectionery Co. Jelly Snakes130g,£1.25,96.2p per 100g,,food-cupboard
The Natural Confectionery Co. Jelly Squirms,The Natural Confectionery Co. Jelly Squirms130g,£1.25,96.2p per 100g,,food-cupboard
The Protein Ball Co Blueberry Oat Muffin Breakfast To Go ,The Protein Ball Co Blueberry Oat...45g,£1.99,£4.42 per 100g,,food-cupboard
The Protein Ball Co. Cacao+Orange 6 Balls ,The Protein Ball Co. Cacao+Orange 6 Balls 45g,£1.99,£4.42 per 100g,,food-cupboard
The Protein Ball Co. Coffee Oat Muffin Breakfast To Go ,The Protein Ball Co. Coffee Oat...45g,£1.99,£4.42 per 100g,,food-cupboard
The Protein Ball Co. Lemon & Pistachio 6 Balls,The Protein Ball Co. Lemon & Pistachio 6 Balls45g,£1.99,£4.42 per 100g,,food-cupboard
The Protein Ball Co. Peanut Butter 6 Balls ,The Protein Ball Co. Peanut Butter 6 Balls 45g,£1.99,£4.42 per 100g,,food-cupboard
The Protein Ball Co. Raspberry Brownie 6 Vegan Balls,The Protein Ball Co. Raspberr...45g,£1.99,£4.42 per 100g,,food-cupboard
The Snack Organisation Presents.. Sweet Chilli Rice Crackers,The Snack Organisation Presents.. S...100g,£1.15,£1.15 per 100g,,food-cupboard
The Spice Tailor Classic Butter Chicken ,The Spice Tailor Classic Butter Chicken 300g,£3.75,£1.25 per 100g,,food-cupboard
The Spice Tailor Delhi Biryani ,The Spice Tailor Delhi Biryani 360g,£3.75,£1.04 per 100g,,food-cupboard
The Spice Tailor Fiery Goan Curry ,The Spice Tailor Fiery Goan Curry 300g,£3.75,£1.25 per 100g,,food-cupboard
The Spice Tailor Indonesian Rendang,The Spice Tailor Indonesian Rendang275g,£3.75,£1.36 per 100g,,food-cupboard
The Spice Tailor Keralan Coconut Curry,The Spice Tailor Keralan Coconut Curry225g,£3.75,£1.67 per 100g,,food-cupboard
The Spice Tailor Original Tikka Masala,The Spice Tailor Original Tikka Masala300g,£3.75,£1.25 per 100g,,food-cupboard
The Spice Tailor Southern Pepper Curry,The Spice Tailor Southern Pepper Curry300g,£3.75,£1.25 per 100g,,food-cupboard
Thompson's Everyday Tea 80 Tea Bags,Thompson's Everyday Tea 80 Tea Bags250g,£2.69,£1.08 per 100g,,food-cupboard
Thompsons Signature Blend 80 Tea Bags ,Thompsons Signature Blend 80 Tea Bags 250g,£2,80p per 100g,"Offer price £2, was £3",food-cupboard
Thorntons Classic Egg,Thorntons Classic Egg150g,£3.25,£2.17 per 100g,,food-cupboard
"Thorntons Classic Milk, Dark, White Chocolate Gift Box","Thorntons Classic Milk, Dark, W...262g",£7.50,£2.86 per 100g,,food-cupboard
"Thorntons Classic Milk, Dark, White Chocolate Gift Box","Thorntons Classic Milk, Dark, W...449g",£11.99,£2.67 per 100g,,food-cupboard
Thorntons Continental Gift Easter Egg ,Thorntons Continental Gift Easter Egg 257g,£10,£3.89 per 100g,,food-cupboard
"Thorntons Continental Milk, Dark, White Chocolate Gift Box","Thorntons Continental Milk, Dark...264g",£9.99,£3.78 per 100g,,food-cupboard
Thorntons Milk Chocolate Bunny Model,Thorntons Milk Chocolate Bunny Model90g,£2,£2.22 per 100g,,food-cupboard
Thorntons Original Toffee,Thorntons Original Toffee100g,£1.65,£1.65 per 100g,,food-cupboard
Thorntons Unicorn Easter Egg,Thorntons Unicorn Easter Egg151g,£3.25,£2.15 per 100g,,food-cupboard
Thorntons Vanilla Fudge,Thorntons Vanilla Fudge100g,£1.65,£1.65 per 100g,,food-cupboard
Thorntons White Chocolate Bunny Egg ,Thorntons White Chocolate Bunny Egg 151g,£3.25,£2.15 per 100g,,food-cupboard
Thorntons White Chocolate Bunny Model,Thorntons White Chocolate Bunny Model90g,£2,£2.22 per 100g,,food-cupboard
Tick Tock Bedtime 20 Tea Bags,Tick Tock Bedtime 20 Tea Bags36g,£2.25,£6.25 per 100g,,food-cupboard
Tick Tock Rooibos Tea Original 40 Bags,Tick Tock Rooibos Tea Original 40 Bags90g,£1.70,£1.89 per 100g,"Offer price £1.70, was £2.25",food-cupboard
Tic Tac Fresh Cherry Menthol Sugar Free,Tic Tac Fresh Cherry Menthol Sugar Free16.4g,£1,£6.10 per 100g,,food-cupboard
Tic Tac Fresh Grapefruit ,Tic Tac Fresh Grapefruit 16.4g,£1,£6.10 per 100g,,food-cupboard
Tic Tac Fresh Mint Large Pack 200 Pieces,Tic Tac Fresh Mint Large Pack 200 Pieces96.6g,£2.75,£2.85 per 100g,,food-cupboard
Tic Tac Fresh Strong Mint Sugar Free ,Tic Tac Fresh Strong Mint Sugar Free 16.4g,£1,£6.10 per 100g,,food-cupboard
Tidman's Natural Rock Salt,Tidman's Natural Rock Salt500g,£1.69,£3.38 per kg,,food-cupboard
Tilda Boil in Bag Pure Basmati,Tilda Boil in Bag Pure Basmati250g,£1.90,£7.60 per kg,,food-cupboard
Tilda Fragrant Jasmine Rice,Tilda Fragrant Jasmine Rice500g,£2.50,£5.00 per kg,"Offer price £2.50, was £2.99",food-cupboard
Tilda Kids Cheese and Tomato Rice,Tilda Kids Cheese and Tomato Rice125g,£1.15,£9.20 per kg,,food-cupboard
Tilda Kids Mild Curry Rice,Tilda Kids Mild Curry Rice125g,£1.15,£9.20 per kg,,food-cupboard
Tilda Microwave Brown Basmati Rice ,Tilda Microwave Brown Basmati Rice 250g,£1,£4.00 per kg,,food-cupboard
Tilda Microwave Limited Edition Rice,Tilda Microwave Limited Edition Rice250g,£1.25,£5.00 per kg,,food-cupboard
Tilda Microwave Mushroom Basmati Rice,Tilda Microwave Mushroom Basmati Rice250g,£1.25,£5.00 per kg,,food-cupboard
Tilda Microwave Pure Basmati Rice,Tilda Microwave Pure Basmati Rice250g,£1,£4.00 per kg,,food-cupboard
Tilda Pure Basmati Rice,Tilda Pure Basmati Rice500g,£2.50,£5.00 per kg,"Offer price £2.50, was £2.99",food-cupboard
Tilda Pure Basmati Rice,Tilda Pure Basmati Rice5kg,£12,£2.40 per kg,"Offer price £12, was £14.99",food-cupboard
Tilda Pure Basmati Rice,Tilda Pure Basmati Rice1kg,£4.99,£4.99 per kg,,food-cupboard
Tilda Pure Basmati Rice,Tilda Pure Basmati Rice2kg,£9.99,£5.00 per kg,,food-cupboard
Tilda Pure Basmati Rice,Tilda Pure Basmati Rice10kg,£25.99,£2.60 per kg,,food-cupboard
Tilda Wholegrain Basmati Rice,Tilda Wholegrain Basmati Rice500g,£2.50,£5.00 per kg,"Offer price £2.50, was £2.99",food-cupboard
Tiptree Manuka Honey 10+,Tiptree Manuka Honey 10+340g,£16,£4.71 per 100g,,food-cupboard
Tiptree Raspberry Seedless Conserve,Tiptree Raspberry Seedless Conserve340g,£3.49,£10.26 per kg,,food-cupboard
Tiptree Strawberry Conserve ,Tiptree Strawberry Conserve 340g,£2.99,87.9p per 100g,,food-cupboard
Toblerone Milk Chocolate Bar,Toblerone Milk Chocolate Bar360g,£5,£1.39 per 100g,,food-cupboard
Toffee Crisp Milk Chocolate Bar Multipack 4 Pack,Toffee Crisp Milk Chocolate...52g,£1.50,£2.88 per 100g,,food-cupboard
Toffee Crisp Milk Chocolate Biscuit Bar Multipack 7 Pack,Toffee Crisp Milk Chocolate Bis...7 x 18g,£1.25,99.2p per 100g,,food-cupboard
Toffifee,Toffifee15 x 125g,£1.50,8p per 100g,"Offer price £1.50, was £1.80",food-cupboard
Tony's Chocolonely Easter Eggs Assortment Box,Tony's Chocolonely Easter Eggs Assortment Box150g,£3.75,£2.50 per 100g,,food-cupboard
Tony's Chocolonely Fairtrade Milk Creamy Hazelnut Crunch,Tony's Chocolonely Fairtrade Mi...180g,£2.99,£1.66 per 100g,,food-cupboard
Tony's Chocolonely Milk Chocolate,Tony's Chocolonely Milk Chocolate180g,£2.99,£1.66 per 100g,,food-cupboard
Tony's Milk Chocolate Salted Caramel,Tony's Milk Chocolate Salted Caramel180g,£2.99,£1.66 per 100g,,food-cupboard
Trebor Extra Strong Mints Multipack 7 Pack,Trebor Extra Strong Mints Multipack 7 Pack289.1g,£2,69.2p per 100g,,food-cupboard
Trebor Extra Strong Mints Peppermint Multipack 4 Pack,Trebor Extra Strong Mints Pep...165.2g,£1.35,81.7p per 100g,,food-cupboard
Trebor Softmints Mints Peppermint Multipack,Trebor Softmints Mints Peppermint Multipack7 x 41g,£2,69.7p per 100g,,food-cupboard
Trebor Softmints Mints Peppermint  Multipack 4 Pack,Trebor Softmints Mints Pepper...179.6g,£1.30,72.4p per 100g,,food-cupboard
Trek Cocoa Oat Protein Flapjacks,Trek Cocoa Oat Protein Flapjacks3 x 50g,£2.25,£1.50 per 100g,"Offer price £2.25, was £3",food-cupboard
Tropical Sun Jamaica Ackee In Salted Water ,Tropical Sun Jamaica Ackee In Salted Water 340g,£7,£2.06 per 100g,,food-cupboard
Truvia For Baking Caster,Truvia For Baking Caster360g,£4,£11.11 per kg,,food-cupboard
Truvia For Baking Icing ,Truvia For Baking Icing 280g,£4,£14.29 per kg,,food-cupboard
Truvia Sweetener        ,Truvia Sweetener        270g,£5.49,£20.33 per kg,,food-cupboard
Truvia Sweetener Tablets,Truvia Sweetener Tablets100 per pack,£2.59,2.6p each,,food-cupboard
Tuc Snack Cracker,Tuc Snack Cracker150g,£1.25,83.3p per 100g,,food-cupboard
Tunnock's Milk Chocolate Tea Cakes Multipack,Tunnock's Milk Chocolate Tea Cakes Multipack10 x 24g,£1.80,75p per 100g,,food-cupboard
Tunnock's Real Milk Chocolate Caramel Wafer Biscuits Multipack,Tunnock's Real Milk Chocolate Caram...8 x 30g,£1.65,68.8p per 100g,,food-cupboard
Twinings Assam Tea Bags 80s,Twinings Assam Tea Bags 80s200g,£5.99,£3.00 per 100g,,food-cupboard
"Twinings Bioblends Camomile, Lemon & Mint Of Citrus 18 Tea Bags","Twinings Bioblends Camomile, Lemon &...27g",£4,£14.81 per 100g,,food-cupboard
"Twinings Bioblends Lemon, Ginger & Turmeric 18 Tea Bags","Twinings Bioblends Lemon, Ginge...27g",£4,£14.81 per 100g,,food-cupboard
"Twinings Bioblends Peppermint,Fennel & Spearmint 18 Tea Bags","Twinings Bioblends Peppermint,Fenne...36g",£4,£11.11 per 100g,,food-cupboard
Twinings Blueberry Apple & Blackcurrant Cold Infuse 12s,Twinings Blueberry Apple & Blac...30g,£3.80,£12.67 per 100g,,food-cupboard
Twinings Calm Camomile Tea Bags 20s,Twinings Calm Camomile Tea Bags 20s30g,£2.49,£8.30 per 100g,,food-cupboard
Twinings Camomile Tea 80s,Twinings Camomile Tea 80s120g,£4.99,£4.16 per 100g,,food-cupboard
Twinings Cranberry & Raspberry Tea Bags 20s,Twinings Cranberry & Raspberry Tea Bags 20s40g,£2.49,£6.23 per 100g,,food-cupboard
Twinings Darjeeling 40 Tea Bags ,Twinings Darjeeling 40 Tea Bags 100g,£3.49,£3.49 per 100g,,food-cupboard
Twinings Darjeeling Tea Bags 50 Pack,Twinings Darjeeling Tea Bags 50 Pack125g,£3.50,£2.80 per 100g,,food-cupboard
Twinings Decaffeinated Green Tea Bags 20s,Twinings Decaffeinated Green Tea Bags 20s35g,£2.49,£7.11 per 100g,,food-cupboard
Twinings Detox Lemon & Ginger With Burdock Root & Fennel 20 Bags,Twinings Detox Lemon & Ginger With Bu...40g,£3.49,£8.73 per 100g,,food-cupboard
Twinings Distinctively Smoky 40 Tea Bag,Twinings Distinctively Smoky 40 Tea Bag100g,£3.49,£3.49 per 100g,,food-cupboard
Twinings Earl Grey 80 Tea Bags,Twinings Earl Grey 80 Tea Bags200g,£5.99,£3.00 per 100g,,food-cupboard
Twinings Earl Grey Decaf 40 Tea Bags,Twinings Earl Grey Decaf 40 Tea Bags100g,£3.49,£3.49 per 100g,,food-cupboard
Twinings English Breakfast Tea Bags 100s,Twinings English Breakfast Tea Bags 100s250g,£5.99,£2.40 per 100g,,food-cupboard
"Twinings English Strong Breakfast Tea, 80 Tea Bags",Twinings English Strong Bre...250g,£5.99,£2.40 per 100g,,food-cupboard
Twinings Everyday Decaffeinated 80 Tea Bags,Twinings Everyday Decaf...250g,£5.99,£2.40 per 100g,,food-cupboard
Twinings Everyday Tea 100s,Twinings Everyday Tea 100s290g,£5.99,£2.07 per 100g,,food-cupboard
Twinings Fennel Tea Bags 20s,Twinings Fennel Tea Bags 20s40g,£2.49,£6.23 per 100g,,food-cupboard
"Twinings Green Tea, 80 Tea Bags","Twinings Green Tea, 80 Tea Bags200g",£4.99,£2.50 per 100g,,food-cupboard
Twinings Herbal Peppermint Tea Bags 20s,Twinings Herbal Peppermint Tea Bags 20s40g,£2.49,£6.23 per 100g,,food-cupboard
Twinings Lady Grey 80 Tea Bags,Twinings Lady Grey 80 Tea Bags200g,£5.99,£3.00 per 100g,,food-cupboard
Twinings Lemon & Ginger Tea Bags 80s,Twinings Lemon & Ginger Tea Bags 80s120g,£4.99,£4.16 per 100g,,food-cupboard
Twinings Lemon Green Tea Bags 20s,Twinings Lemon Green Tea Bags 20s40g,£2.49,£6.23 per 100g,,food-cupboard
Twinings Loose Leaf Assam Tea,Twinings Loose Leaf Assam Tea125g,£2.50,£2.00 per 100g,,food-cupboard
Twinings Loose Leaf Earl Grey Tea,Twinings Loose Leaf Earl Grey Tea125g,£2.50,£2.00 per 100g,,food-cupboard
Twinings Loose Leaf English Breakfast Tea,Twinings Loose Leaf English Breakfast Tea125g,£2.50,£2.00 per 100g,,food-cupboard
Twinings Passion Fruit Mango & Orange Cold Infuse 12s,Twinings Passion Fruit Mango...30g,£3.80,£12.67 per 100g,,food-cupboard
Twinings Peach & Orange 20 Tea Bags,Twinings Peach & Orange 20 Tea Bags40g,£2.79,£6.98 per 100g,,food-cupboard
"Twinings Peppermint Tea, 80 Tea Bags","Twinings Peppermint Tea, 80 Tea Bags160g",£4.99,£3.12 per 100g,,food-cupboard
Twinings Pure Green Tea Bags 20s,Twinings Pure Green Tea Bags 20s50g,£2.49,£4.98 per 100g,,food-cupboard
Twinings Raspberry & Lemon 20 Tea Bags,Twinings Raspberry & Lemon 20 Tea Bags40g,£2.79,£6.98 per 100g,,food-cupboard
Twinings Revitalise Lemon & Ginger Herbal Tea Bags 20s,Twinings Revitalise Lemon & Gin...30g,£2.49,£8.30 per 100g,,food-cupboard
Twinings Rooibos & Honey 20 Tea Bags,Twinings Rooibos & Honey 20 Tea Bags36g,£2.79,£7.75 per 100g,,food-cupboard
Twinings Simply Mint Green Tea Bags 20s,Twinings Simply Mint Green Tea Bags 20s40g,£2.49,£6.23 per 100g,,food-cupboard
Twinings Soothing Camomile & Honey Tea Bags 20s,Twinings Soothing Camomil...30g,£2.49,£8.30 per 100g,,food-cupboard
Twinings Strawberry & Elderflower 20 Tea Bags ,Twinings Strawberry & Elderflower 20 Tea Bags 40g,£2.79,£6.98 per 100g,,food-cupboard
Twinings Strawberry & Raspberry Tea Bags  20s,Twinings Strawberry & Raspberry Tea Bags  20s40g,£2.49,£6.23 per 100g,,food-cupboard
Twinings Superblends Defense 20 Tea Bags,Twinings Superblends Defense 20 Tea Bags40g,£3.49,£8.73 per 100g,,food-cupboard
Twinings Superblends Glow 20 Single Tea Bags,Twinings Superblends Glow 20 Single Tea Bags40g,£3.49,£8.73 per 100g,,food-cupboard
Twinings Superblends Heartea 20 Bags,Twinings Superblends Heartea 20 Bags40g,£3.49,£8.73 per 100g,,food-cupboard
Twinings Superblends Moment Of Calm 20 Tea Bags,Twinings Superblends Mome...30g,£3.49,£11.63 per 100g,,food-cupboard
Twinings Superblends Sleep 20 Single Tea Bags,Twinings Superblends Sleep 20 Single Tea Bags30g,£3.49,£11.63 per 100g,,food-cupboard
Twinings Superblends Turmeric 20 Single Tea Bags,Twinings Superblends Turmer...40g,£3.49,£8.73 per 100g,,food-cupboard
Twinings Superblends Vitality 20 Bags,Twinings Superblends Vitality 20 Bags40g,£3.49,£8.73 per 100g,,food-cupboard
Twinings Swiss Chocolate Drink ,Twinings Swiss Chocolate Drink 350g,£4.49,£1.28 per 100g,,food-cupboard
Twinings Watermelon Strawberry & Mint Cold Infuse 12s,Twinings Watermelon Strawberr...30g,£3.80,£12.67 per 100g,,food-cupboard
Twix Caramel & Milk Chocolate Fingers Twin Biscuit Snack Bars Multipack ,Twix Caramel & Milk Chocolate F...4 x 40g,£1.65,£1.03 per 100g,"Offer price £1.65, was £1.95",food-cupboard
Twix Caramel & White Chocolate Fingers Biscuit Snack Bars Multipack,Twix Caramel & White Chocolate Fingers...9 x 20g,£2.20,£1.22 per 100g,,food-cupboard
Typhoo Foil Fresh Tea Bags 240s,Typhoo Foil Fresh Tea Bags 240s696g,£3.75,53.9p per 100g,,food-cupboard
Typhoo One Cup Special Blend 100 Foil Fresh Teabags,Typhoo One Cup Special Blend...200g,£1,50p per 100g,,food-cupboard
Tyrrells Lightly Sea Salted  Sharing Crisps ,Tyrrells Lightly Sea Salted  Sharing Crisps 150g,£2,£1.33 per 100g,"Offer price £2, was £2.49",food-cupboard
Tyrrells Mature Cheddar & Chive Sharing Crisps ,Tyrrells Mature Cheddar & Chive Sharing Crisps 150g,£2,£1.33 per 100g,"Offer price £2, was £2.49",food-cupboard
Tyrrells Mediterranean Herb,Tyrrells Mediterranean Herb150g,£2,£1.33 per 100g,"Offer price £2, was £2.49",food-cupboard
Tyrrells Sea Salt & Cider Vinegar Sharing Crisps 150g,Tyrrells Sea Salt & Cider Vin...150g,£2,£1.33 per 100g,"Offer price £2, was £2.49",food-cupboard
Tyrrells Sea Salted Crisps ,Tyrrells Sea Salted Crisps 40g,£1.10,£2.75 per 100g,,food-cupboard
Tyrrells Sweet Chilli & Red Pepper Sharing Crisps ,Tyrrells Sweet Chilli & Red Pepper Sharing Crisps 150g,£2,£1.33 per 100g,"Offer price £2, was £2.49",food-cupboard
Uncle Joe'S Mint Balls Sugar Free,Uncle Joe'S Mint Balls Sugar Free60g,£1,£1.67 per 100g,,food-cupboard
Unrooted POM Passion After Dark,Unrooted POM Passion After Dark,£2,,,food-cupboard
Up & Go Breakfast Drink Banana & Honey,Up & Go Breakfast Drink Banana & Honey300ml,£1.25,41.7p per 100ml,,food-cupboard
Up & Go Breakfast Drink Chocolate,Up & Go Breakfast Drink Chocolate300ml,£1.25,41.7p per 100ml,,food-cupboard
Up & Go Breakfast Drink Strawberry,Up & Go Breakfast Drink Strawberry300ml,£1.25,41.7p per 100ml,,food-cupboard
Up & Go Energize Breakfast Shake Honeycomb,Up & Go Energize Breakf...400ml,£1.50,37.5p per 100ml,,food-cupboard
Urban Frtuit Baked Pineapple,Urban Frtuit Baked Pineapple100g,£2.59,£2.59 per 100g,,food-cupboard
Urban Fruit Gently Baked Mango,Urban Fruit Gently Baked Mango100g,£2.59,£2.59 per 100g,,food-cupboard
Urban Fruit Gently Baked Pineapple Snack Pack ,Urban Fruit Gently Baked Pineapple Snack Pack 35g,85p,£2.43 per 100g,"Offer price 85p, was £1",food-cupboard
Urban Fruit Gently Baked Strawberries,Urban Fruit Gently Baked Strawberries90g,£2.59,£2.88 per 100g,,food-cupboard
Urban Fruit Gently Baked Strawberries Snack Pack,Urban Fruit Gently Baked Strawberries Snack Pack35g,£1,£2.86 per 100g,,food-cupboard
Vedrenne Gingerbread Syrup,Vedrenne Gingerbread Syrup250ml,£3,£1.20 per 100ml,,food-cupboard
Veetee Heat & Eat Basmati Rice Pots,Veetee Heat & Eat Basmati Rice Pots2 x 125g,£1.15,£4.60 per kg,,food-cupboard
Veetee Heat & Eat Long Grain Rice Pots ,Veetee Heat & Eat Long Grain Rice Pots 2 x 130g,£1.15,£4.42 per kg,,food-cupboard
Veetee Heat & Eat Pilau Rice Pots ,Veetee Heat & Eat Pilau Rice Pots 2 x 125g,£1.15,£4.60 per kg,,food-cupboard
Veetee Mega Extra Long Basmati Rice,Veetee Mega Extra Long Basmati Rice2kg,£3.99,£2.00 per kg,,food-cupboard
Veetee Plants & Rice Rich Beetroot Risotto,Veetee Plants & Rice Rich Beetroot Risotto280g,£1.50,£5.36 per kg,"Offer price £1.50, was £2",food-cupboard
Veetee Plants & Rice Smokey Chipotle Chilli Non-Carne,Veetee Plants & Rice Smokey C...280g,£1.50,£5.36 per kg,"Offer price £1.50, was £2",food-cupboard
Veetee Plants & Rice Spiced Chickpea & Sweet Potato,Veetee Plants & Rice Spiced C...280g,£1.50,£5.36 per kg,"Offer price £1.50, was £2",food-cupboard
Veetee Tear & Share Sticky Rice ,Veetee Tear & Share Sticky Rice 2 x 130g,£1.15,£4.42 per kg,,food-cupboard
Veetee Thai Jasmine Duo Pots,Veetee Thai Jasmine Duo Pots2 x 140g,£1.15,41.1p per 100g,,food-cupboard
Very Lazy Chopped Garlic,Very Lazy Chopped Garlic200g,£1.89,94.5p per 100g,,food-cupboard
Vesta Chow Mein,Vesta Chow Mein161g,£2.75,£17.08 per kg,,food-cupboard
Vifon Chicken Curry Noodles,Vifon Chicken Curry Noodles70g,59p,£8.43 per kg,,food-cupboard
Vifon Zloty Chicken Instant Noodle Soup ,Vifon Zloty Chicken Instant Noodle Soup 70g,59p,£8.43 per kg,,food-cupboard
Vimto Zero Fruit Drops,Vimto Zero Fruit Drops36.5g,£1,£2.74 per 100g,,food-cupboard
Vita Coco Coconut Oil ,Vita Coco Coconut Oil 250ml,£3.99,£1.60 per 100ml,"Offer price £3.99, was £4.99",food-cupboard
Wagamama Firecracker Stir Fry Sauce,Wagamama Firecracker Stir Fry Sauce120g,£1,83.2p per 100g,"Offer price £1, was £1.25",food-cupboard
Wagamama Katsu Curry Meal Kit,Wagamama Katsu Curry Meal Kit221g,£3.39,£1.53 per 100g,,food-cupboard
Wagamama Korean Style BBQ Sauce,Wagamama Korean Style BBQ Sauce200g,£1,50p per 100g,"Offer price £1, was £1.25",food-cupboard
Wagamama Pad Thai Meal Kit ,Wagamama Pad Thai Meal Kit 273g,£3.39,£1.24 per 100g,,food-cupboard
Wagamama Pad Thai Stir Fry Sauce,Wagamama Pad Thai Stir Fry Sauce120g,£1,83.2p per 100g,"Offer price £1, was £1.25",food-cupboard
Wagamama Sweet Cherry Hoisin Sauce,Wagamama Sweet Cherry Hoisin Sauce120g,£1,83.2p per 100g,"Offer price £1, was £1.25",food-cupboard
Wagamama Teriyaki Stir Fry Sauce,Wagamama Teriyaki Stir Fry Sauce120g,£1,83.2p per 100g,"Offer price £1, was £1.25",food-cupboard
Wagon Wheels Biscuits,Wagon Wheels Biscuits6 per pack,£1.15,19.2p each,,food-cupboard
Wagon Wheels Jammie Biscuits,Wagon Wheels Jammie Biscuits6 per pack,£1.15,19.2p each,,food-cupboard
Walkers 45% Less Salt Cheese & Onion,Walkers 45% Less Salt Cheese & Onion45g,95p,£2.11 per 100g,,food-cupboard
Walkers 45% Less Salt Salted Crisps,Walkers 45% Less Salt Salted Crisps45g,95p,£2.11 per 100g,,food-cupboard
Walkers Baked Crisps Cheese & Onion,Walkers Baked Crisps Cheese & Onion6 x 22g,£1.75,£1.33 per 100g,Buy 2 for £3,food-cupboard
Walkers Baked Crisps Salt & Vinegar,Walkers Baked Crisps Salt & Vinegar6 x 22g,£1.75,£1.33 per 100g,Buy 2 for £3,food-cupboard
Walkers Baked Crisps Sea Salt,Walkers Baked Crisps Sea Salt6 x 22g,£1.75,£1.33 per 100g,Buy 2 for £3,food-cupboard
Walkers Baked Crisps Variety Pack,Walkers Baked Crisps Variety Pack6 x 22g,£1.75,£1.33 per 100g,Buy 2 for £3,food-cupboard
Walkers Baked Salt & Vinegar ,Walkers Baked Salt & Vinegar 37.5g,95p,£2.53 per 100g,,food-cupboard
Walkers Baked Wotsits Really Cheesy,Walkers Baked Wotsits Really Cheesy36g,95p,26.4p per 10g,,food-cupboard
Walkers Bugles Cheese Snacks,Walkers Bugles Cheese Snacks110g,£1.50,£1.36 per 100g,,food-cupboard
Walkers Bugles Southern Style BBQ Snacks,Walkers Bugles Southern Style BBQ Snacks110g,£1.50,£1.36 per 100g,,food-cupboard
Walkers Cheese & Onion ,Walkers Cheese & Onion 45g,95p,£2.11 per 100g,,food-cupboard
Walkers Cheese & Onion Crisps,Walkers Cheese & Onion Crisps12 x 25g,£3,£1.00 per 100g,,food-cupboard
Walkers Cheese & Onion Flavour Baked Crisps,Walkers Cheese & Onion Flavour Baked Crisps37.5g,95p,£2.53 per 100g,,food-cupboard
Walkers Cheese & Onion Multipack Crisps ,Walkers Cheese & Onion Multipack Crisps 6 x 25g,£1.95,£1.30 per 100g,Buy 2 for £3,food-cupboard
Walkers Classic Variety Multipack Crisps ,Walkers Classic Variety Multipack Crisps 12 x 25g,£3,£1.00 per 100g,,food-cupboard
Walkers Classic Variety Multipack Crisps,Walkers Classic Variety Multipack Crisps22 x 25g,£4.89,88.9p per 100g,,food-cupboard
Walkers French Fries Ready Salted,Walkers French Fries Ready Salted6 x 18g,£1.75,£1.62 per 100g,Buy 2 for £3,food-cupboard
Walkers French Fries Variety Multipack Snacks ,Walkers French Fries Variety Multipack Snacks 6 x 18g,£1.75,£1.62 per 100g,Buy 2 for £3,food-cupboard
Walkers French Fries Variety Multipack Snacks ,Walkers French Fries Variety Multipack Snacks 12 x 18g,£3,£1.39 per 100g,,food-cupboard
Walkers Less Salt Dash Of Salt & Vinegar,Walkers Less Salt Dash Of Salt & Vinegar150g,£1.75,£1.17 per 100g,Buy 2 for £3,food-cupboard
Walkers Less Salt Lightly Salted Crisps,Walkers Less Salt Lightly Salted Crisps150g,£1.75,£1.17 per 100g,Buy 2 for £3,food-cupboard
Walkers Max Fiery Prawn Crisps,Walkers Max Fiery Prawn Crisps140g,£2.25,£1.61 per 100g,,food-cupboard
Walkers Max Punchy Paprika Multipack Crisps ,Walkers Max Punchy Paprika Multipack Crisps 6 x 27g,£1.75,£1.08 per 100g,Buy 2 for £3,food-cupboard
Walkers Max Strong Fiery Prawn Cocktail,Walkers Max Strong Fiery Prawn Cocktail50g,95p,£1.90 per 100g,,food-cupboard
Walkers Max Strong Fiery Prawn Cocktail,Walkers Max Strong Fiery Prawn Cocktail6 x 27g,£1.85,£1.14 per 100g,Buy 2 for £3,food-cupboard
Walkers Max Strong Hot Chicken Wings Sharing Crisps ,Walkers Max Strong Hot Chicke...150g,£2.25,£1.50 per 100g,,food-cupboard
Walkers Max Strong Hot Sauce Blaze,Walkers Max Strong Hot Sauce Blaze50g,95p,£1.90 per 100g,,food-cupboard
Walkers Max Strong Hot Sauce Blaze,Walkers Max Strong Hot Sauce Blaze140g,£2.25,£1.61 per 100g,,food-cupboard
Walkers Max Strong Jalapeno & Cheese Sharing Crisps ,Walkers Max Strong Jalapeno &...150g,£2.25,£1.50 per 100g,,food-cupboard
Walkers Max Strong Jalapeno Cheese ,Walkers Max Strong Jalapeno Cheese 50g,95p,£1.90 per 100g,,food-cupboard
Walkers Max Strong Nuts Jalapeno & Cheese,Walkers Max Strong Nuts Jalapeno & Cheese175g,£1.25,71.7p per 100g,"Offer price £1.25, was £2.25",food-cupboard
Walkers Meaty Crisps Variety Pack,Walkers Meaty Crisps Variety Pack22 x 25g,£4.89,88.9p per 100g,,food-cupboard
Walkers Meaty Variety Multipack Crisps ,Walkers Meaty Variety Multipack Crisps 12 x 25g,£3,£1.00 per 100g,,food-cupboard
Walkers Monster Munch Giants Pickled Onion ,Walkers Monster Munch Giants Pickled Onion 85g,£1.75,£2.06 per 100g,,food-cupboard
Walkers Monster Munch Pickled Onion Multipack Snacks,Walkers Monster Munch Pickled...6 x 20g,£1.75,£1.46 per 100g,Buy 2 for £3,food-cupboard
Walkers Monster Munch Pickled Onion Snacks ,Walkers Monster Munch Pickled Onion Snacks 40g,95p,£2.38 per 100g,,food-cupboard
Walkers Monster Munch Variety Multipack Snacks ,Walkers Monster Munch Variety Multipack Snacks 12 x 20g,£3,£1.25 per 100g,,food-cupboard
Walkers Oven Baked Prawn Cocktail Snacks,Walkers Oven Baked Prawn Cocktail Snacks37.5g,95p,£2.53 per 100g,,food-cupboard
Walkers Oven Baked Sea Salt ,Walkers Oven Baked Sea Salt 37.5g,95p,£2.53 per 100g,,food-cupboard
Walkers Prawn Cocktail,Walkers Prawn Cocktail45g,95p,£2.11 per 100g,,food-cupboard
Walkers Prawn Cocktail Multipack Crisps ,Walkers Prawn Cocktail Multipack Crisps 6 x 25g,£1.95,£1.30 per 100g,Buy 2 for £3,food-cupboard
Walkers Quavers Cheese ,Walkers Quavers Cheese 34g,95p,£2.79 per 100g,,food-cupboard
Walkers Quavers Cheese,Walkers Quavers Cheese6 x 16g,£1.75,£1.82 per 100g,Buy 2 for £3,food-cupboard
Walkers Quavers Cheese Multipack Snacks ,Walkers Quavers Cheese Multipack Snacks 12 x 16g,£3,£1.56 per 100g,,food-cupboard
Walkers Quavers Prawn Cocktail Flavour Light Potato Snack,Walkers Quavers Prawn Cocktail Fl...34g,95p,£2.79 per 100g,,food-cupboard
Walkers Ready Salted,Walkers Ready Salted45g,95p,£2.11 per 100g,,food-cupboard
Walkers Ready Salted Crisps,Walkers Ready Salted Crisps12 x 25g,£3,£1.00 per 100g,,food-cupboard
Walkers Ready Salted Multipack Crisps ,Walkers Ready Salted Multipack Crisps 6 x 25g,£1.95,£1.30 per 100g,Buy 2 for £3,food-cupboard
Walkers Roast Chicken Multipack Crisps ,Walkers Roast Chicken Multipack Crisps 6 x 25g,£1.95,£1.30 per 100g,Buy 2 for £3,food-cupboard
Walkers Salt & Shake Multipack Crisps ,Walkers Salt & Shake Multipack Crisps 6 x 24g,£1.75,£1.22 per 100g,Buy 2 for £3,food-cupboard
Walkers Salt & Vinegar,Walkers Salt & Vinegar45g,95p,£2.11 per 100g,,food-cupboard
Walkers Salt & Vinegar Multipack Crisps ,Walkers Salt & Vinegar Multipack Crisps 6 x 25g,£1.95,£1.30 per 100g,Buy 2 for £3,food-cupboard
Walkers Sensations Coated Peanuts Thai Sweet Chilli,Walkers Sensations Coated Pea...150g,£1.50,£1.00 per 100g,,food-cupboard
Walkers Sensations Mango & Red Chilli Chutney Poppadoms,Walkers Sensations Mango & Red...82.5g,£1.75,£2.12 per 100g,,food-cupboard
Walkers Sensations Poppadoms Lime & Coriander Chutney,Walkers Sensations Poppadoms...82.5g,£1.75,£2.12 per 100g,,food-cupboard
Walkers Sensations Thai Sweet Chilli ,Walkers Sensations Thai Sweet Chilli 5 x 25g,£1.75,£1.40 per 100g,Buy 2 for £3,food-cupboard
Walkers Sharing Bag Cheese & Onion,Walkers Sharing Bag Cheese & Onion150g,£1.50,£1.00 per 100g,,food-cupboard
Walkers Sharing Bag Ready Salted,Walkers Sharing Bag Ready Salted150g,£1.50,£1.00 per 100g,,food-cupboard
Walkers Smoky Bacon,Walkers Smoky Bacon45g,95p,£2.11 per 100g,,food-cupboard
Walkers Smoky Bacon Multipack Crisps ,Walkers Smoky Bacon Multipack Crisps 6 x 25g,£1.95,£1.30 per 100g,Buy 2 for £3,food-cupboard
Walkers Squares Cheese & Onion Snacks,Walkers Squares Cheese & Onion Snacks6 x 22g,£1.75,£1.33 per 100g,Buy 2 for £3,food-cupboard
Walkers Squares Salt & Vinegar,Walkers Squares Salt & Vinegar40g,95p,£2.38 per 100g,,food-cupboard
Walkers Squares Salt & Vinegar Multipack Snacks ,Walkers Squares Salt & Vinegar Multipack Snacks 6 x 22g,£1.75,£1.33 per 100g,Buy 2 for £3,food-cupboard
Walkers Wotsits Flamin' Hot Multipack Snacks ,Walkers Wotsits Flamin' Hot Multipack Snacks 6 x 16g,£1.75,£1.82 per 100g,Buy 2 for £3,food-cupboard
Walkers Wotsits Giants Flamin' Hot Sharing Snacks,Walkers Wotsits Giants Flam...130g,£2.50,£1.92 per 100g,,food-cupboard
Walkers Wotsits Giants Really Cheesy ,Walkers Wotsits Giants Really Cheesy 130g,£2.50,£1.92 per 100g,,food-cupboard
Walkers Wotsits Really Cheesy Multipack Snacks,Walkers Wotsits Really Cheesy Multipack Snacks6 x 16.5g,£1.75,£1.77 per 100g,Buy 2 for £3,food-cupboard
Walkers Wotsits Really Cheesy Multipack Snacks ,Walkers Wotsits Really Cheesy Multipack Snacks 12 x 16.5g,£3,£1.52 per 100g,,food-cupboard
Walkers Wotsits Really Cheesy Multipack Snacks Crisps ,Walkers Wotsits Really Cheesy M...20 x 16.5g,£4.89,£1.48 per 100g,,food-cupboard
Warheads Extreme Sour Hard Candy,Warheads Extreme Sour Hard Candy28g,£1.25,£4.46 per 100g,,food-cupboard
Warheads Ooze Chews Theatre Box ,Warheads Ooze Chews Theatre Box 99g,£1.75,£1.77 per 100g,,food-cupboard
Weetabix Banana Cereal,Weetabix Banana Cereal24 per pack,£3.49,14.5p each,,food-cupboard
Weetabix Cereal,Weetabix Cereal48 per pack,£4.50,9.3p each,"Offer price £4.50, was £5.49",food-cupboard
Weetabix Cereal,Weetabix Cereal24 per pack,£3.49,14.5p each,,food-cupboard
Weetabix Cereal,Weetabix Cereal72 per pack,£7.99,11.1p each,,food-cupboard
Weetabix Cereal,Weetabix Cereal12 per pack,£1.99,16.6p each,,food-cupboard
Weetabix Chocolate Cereal ,Weetabix Chocolate Cereal 24 per pack,£3.49,14.5p each,,food-cupboard
Weetabix Chocolate Melts Milk Chocolate ,Weetabix Chocolate Melts Milk Chocolate 360g,£2.50,69.4p per 100g,"Offer price £2.50, was £3",food-cupboard
Weetabix Chocolate Melts White Chocolate ,Weetabix Chocolate Melts White Chocolate 360g,£2.50,69.4p per 100g,"Offer price £2.50, was £3",food-cupboard
Weetabix Chocolate Orange Weetos Cereal,Weetabix Chocolate Orange Weetos Cereal420g,£3,71.4p per 100g,,food-cupboard
Weetabix Crispy Minis Chocolate,Weetabix Crispy Minis Chocolate500g,£3.50,70p per 100g,,food-cupboard
Weetabix Crispy Minis Chocolate Chip Cereal,Weetabix Crispy Minis Chocolate Chip Cereal600g,£3.49,58.2p per 100g,,food-cupboard
Weetabix Crispy Minis Fruit & Nut Cereal,Weetabix Crispy Minis Fruit & Nut Cereal600g,£3.49,58.2p per 100g,,food-cupboard
Weetabix Crispy Minis Fruit And Nut,Weetabix Crispy Minis Fruit And Nut500g,£3.50,70p per 100g,,food-cupboard
Weetabix Crunchy Bran Cereal,Weetabix Crunchy Bran Cereal375g,£2.99,79.7p per 100g,,food-cupboard
Weetabix Oatibix Cereal,Weetabix Oatibix Cereal24 per pack,£3.49,14.5p each,,food-cupboard
Weetabix Oatibix Flakes Cereal,Weetabix Oatibix Flakes Cereal550g,£3.79,68.9p per 100g,,food-cupboard
Weetabix On the Go Breakfast Drink Banana,Weetabix On the Go Breakfast Drink Banana250ml,£1.50,60p per 100ml,Buy 4 for £4,food-cupboard
Weetabix On the Go Breakfast Drink Chocolate,Weetabix On the Go Breakfast Drink Chocolate3 x 250ml,£3.50,46.7p per 100ml,,food-cupboard
Weetabix On the Go Breakfast Drink Strawberry,Weetabix On the Go Breakf...3 x 250ml,£3.50,46.7p per 100ml,,food-cupboard
Weetabix On the Go Breakfast Drink Vanilla,Weetabix On the Go Breakfast Drink Vanilla250ml,£1.50,60p per 100ml,Buy 4 for £4,food-cupboard
Weetabix On the Go Breakfast Drink Vanilla ,Weetabix On the Go Breakfast Drink Vanilla 3 x 250ml,£3.50,46.7p per 100ml,,food-cupboard
Weetabix Organic Cereal,Weetabix Organic Cereal24 per pack,£3.99,16.6p each,,food-cupboard
Weetabix Protein Cereal,Weetabix Protein Cereal24 per pack,£3.49,14.5p each,,food-cupboard
Weetabix With Golden Syrup,Weetabix With Golden Syrup24 per pack,£3.49,14.5p each,,food-cupboard
Weetos Chocolatey Hoops Cereal,Weetos Chocolatey Hoops Cereal420g,£3.49,83.1p per 100g,,food-cupboard
Weight Watchers from Heinz Carrot & Lentil Soup,Weight Watchers from Heinz Carrot & Lentil Soup295g,£1.39,47.1p per 100g,Buy 4 for £5,food-cupboard
Weight Watchers from Heinz Chicken Soup,Weight Watchers from Heinz Chicken Soup295g,£1.39,47.1p per 100g,Buy 4 for £5,food-cupboard
Weight Watchers from Heinz Hearty Vegetable Broth Soup,Weight Watchers from Heinz Hear...295g,£1.39,47.1p per 100g,Buy 4 for £5,food-cupboard
Weight Watchers from Heinz Tomato Soup,Weight Watchers from Heinz Tomato Soup295g,£1.39,47.1p per 100g,Buy 4 for £5,food-cupboard
Welsh Brew Tea Bags 80's,Welsh Brew Tea Bags 80's80 per pack,£2.75,3.4p each,,food-cupboard
Werther's Original,Werther's Original135g,£1.50,£1.11 per 100g,,food-cupboard
Werther's Original Butter Candies Sugar Free,Werther's Original Butter Candies Sugar Free80g,£1.50,£1.88 per 100g,,food-cupboard
Werther's Original Chocolate Flavour Sugar Free,Werther's Original Chocol...42g,£1,£2.38 per 100g,,food-cupboard
Werther's Original Creamy Filling,Werther's Original Creamy Filling125g,£1.50,£1.20 per 100g,,food-cupboard
Werther's Original Creamy Toffees,Werther's Original Creamy Toffees135g,£1.50,£1.11 per 100g,,food-cupboard
Werther's Original Sugar Free Butter Candies,Werther's Original Sugar Free Butter Candies42g,£1,£2.38 per 100g,,food-cupboard
Werthers Original Sugar Free Toffees,Werthers Original Sugar Free Toffees80g,£1.35,£1.69 per 100g,,food-cupboard
Wham Original Chew Bar,Wham Original Chew Bar25g,65p,26p per 10g,,food-cupboard
Wheat Crunchies Bacon Multipack Crisps 6 pack,Wheat Crunchies Bacon Multipack Crisps 6 pack6 x 20g,£1.49,£1.24 per 100g,,food-cupboard
Whitworths Apricots,Whitworths Apricots140g,£2,£1.43 per 100g,Buy 2 for £3.50,food-cupboard
Whitworths Bake Chopped Apricots,Whitworths Bake Chopped Apricots140g,£2,£1.43 per 100g,Buy 2 for £3.50,food-cupboard
Whitworths Bake With Crystallised Fiery Ginger ,Whitworths Bake With Crystallised Fiery Ginger 175g,£2,£1.14 per 100g,Buy 2 for £3.50,food-cupboard
Whitworths Banana Chips     ,Whitworths Banana Chips     175g,£2,£1.14 per 100g,Buy 2 for £3.50,food-cupboard
Whitworths Berry & White Chocolate Shots 4X25G,Whitworths Berry & White...100g,£2,£2.00 per 100g,,food-cupboard
Whitworths Caramel Fruit & Nut Mix ,Whitworths Caramel Fruit & Nut Mix 150g,£2,£1.33 per 100g,Buy 2 for £3.50,food-cupboard
Whitworths Chopped Dates,Whitworths Chopped Dates250g,£2,80p per 100g,Buy 2 for £3.50,food-cupboard
Whitworths Cranberries ,Whitworths Cranberries 150g,£2,£1.33 per 100g,Buy 2 for £3.50,food-cupboard
Whitworths Figs,Whitworths Figs175g,£2,£1.14 per 100g,Buy 2 for £3.50,food-cupboard
Whitworths Ground Rice,Whitworths Ground Rice500g,£1.60,£3.20 per kg,,food-cupboard
Whitworths Juicy Sultanas,Whitworths Juicy Sultanas325g,£2,61.5p per 100g,Buy 2 for £3.50,food-cupboard
Whitworths Mango,Whitworths Mango60g,£2,£3.33 per 100g,Buy 2 for £3.50,food-cupboard
Whitworths Pineapple,Whitworths Pineapple60g,£2,£3.33 per 100g,Buy 2 for £3.50,food-cupboard
Whitworths Popcorn,Whitworths Popcorn500g,£2.29,45.8p per 100g,,food-cupboard
Whitworths Protein By Nature Brazilian Smoky Beans Wholefoods,Whitworths Protein By Nature Brazil...250g,£2,£8.00 per kg,,food-cupboard
Whitworths Protein By Nature Indian Lentil Dhal Wholefoods,Whitworths Protein By Nature Indi...250g,£2,£8.00 per kg,,food-cupboard
Whitworths Protein By Nature Mexican Spicy Grains Wholefoods,Whitworths Protein By Nature Mexica...250g,£2,£8.00 per kg,,food-cupboard
Whitworths Protein By Nature Moroccan Tagine Wholefoods,Whitworths Protein By Nature Mo...250g,£2,£8.00 per kg,,food-cupboard
Whitworths Prunes ,Whitworths Prunes 210g,£2,95.2p per 100g,Buy 2 for £3.50,food-cupboard
Whitworths Semolina,Whitworths Semolina500g,£1.45,£2.90 per kg,,food-cupboard
Whitworths Shots Nuts With A Pinch Of Salted Caramel,Whitworths Shots Nuts With A...3 x 25g,£1.70,£2.27 per 100g,,food-cupboard
Whitworths Snacking Raisins ,Whitworths Snacking Raisins 300g,£2,66.7p per 100g,Buy 2 for £3.50,food-cupboard
Whitworths Stoned Dates 300g,Whitworths Stoned Dates 300g300g,£2,66.7p per 100g,Buy 2 for £3.50,food-cupboard
Whitworths Summer Berry Fruit & Nut Mix,Whitworths Summer Berry Fruit & Nut Mix150g,£2,£1.33 per 100g,Buy 2 for £3.50,food-cupboard
Whitworths Sunny Fruit Mix-Ups Apricots & Mango,Whitworths Sunny Fruit Mi...4 x 18g,£1.19,£1.65 per 100g,,food-cupboard
Whitworths Sunny Fruit Mix-Ups Strawberries & Sultanas,Whitworths Sunny Fruit Mix-Ups...4 x 18g,£1.19,£1.65 per 100g,,food-cupboard
Whitworths Sunny Raisin,Whitworths Sunny Raisin14 x 14g,£2.39,£1.22 per 100g,Buy 2 for £3.50,food-cupboard
Whitworths Sunny Raisin Mini Pack,Whitworths Sunny Raisin Mini Pack6 x 42.5g,£2.39,93.7p per 100g,Buy 2 for £3.50,food-cupboard
Whitworths Toffee& Pecan Shots    4X25G,Whitworths Toffee& Pecan Shots    4X25G100g,£2,£2.00 per 100g,,food-cupboard
Whole Earth Crunchy Peanut Butter ,Whole Earth Crunchy Peanut Butter 1kg,£5.50,55p per 100g,,food-cupboard
Whole Earth Drizzler Golden Roasted Peanut Butter,Whole Earth Drizzler Golden...320g,£3.30,£1.03 per 100g,,food-cupboard
Whole Earth Drizzler Super Smooth Peanut Butter,Whole Earth Drizzler Supe...320g,£3.30,£1.03 per 100g,,food-cupboard
Whole Earth Organic Crunchy Peanut Butter,Whole Earth Organic Crunchy Peanut Butter340g,£3.69,£1.09 per 100g,,food-cupboard
Whole Earth Original Crunchy Peanut Butter,Whole Earth Original Crunchy Peanut Butter454g,£4.49,98.9p per 100g,,food-cupboard
Whole Earth Original Smooth Peanut Butter,Whole Earth Original Smooth Peanut Butter454g,£4.49,98.9p per 100g,,food-cupboard
Whole Earth Smooth Organic Peanut Butter,Whole Earth Smooth Organic Peanut Butter340g,£3.69,£1.09 per 100g,,food-cupboard
Whole Earth Smooth Peanut Butter,Whole Earth Smooth Peanut Butter1kg,£5.50,£5.50 per kg,,food-cupboard
Wikinger 5 Hot Dogs Bockwurst Style in Brine (380g),Wikinger 5 Hot Dogs Bockwurst...200g,£1.49,74.5p per 100g,,food-cupboard
Wotsits Crunchy Cheese,Wotsits Crunchy Cheese140g,£1.75,£1.25 per 100g,"Offer price £1.75, was £2.25",food-cupboard
Wotsits Crunchy Flamin' Hot,Wotsits Crunchy Flamin' Hot140g,£1.75,£1.25 per 100g,"Offer price £1.75, was £2.25",food-cupboard
Wotsits Giants Prawn Cocktail Crisps,Wotsits Giants Prawn Cocktail Crisps105g,£2.50,£2.38 per 100g,,food-cupboard
Wright Cheddar & Sun Dried Tomato Mix ,Wright Cheddar & Sun Dried Tomato Mix 500g,£1.39,£2.78 per kg,,food-cupboard
Wright's Baking Madeira Cake Mix,Wright's Baking Madeira Cake Mix500g,£2.19,43.8p per 100g,,food-cupboard
Wright's Bread Mix Premium White,Wright's Bread Mix Premium White500g,£1.09,£2.18 per kg,,food-cupboard
Wright's Chocolate Fudge Cake Mix,Wright's Chocolate Fudge Cake Mix500g,£2.49,49.8p per 100g,,food-cupboard
Wright's Ginger Cake Mix,Wright's Ginger Cake Mix500g,£2.19,43.8p per 100g,,food-cupboard
Wright's Mixed Grain Bread Mix,Wright's Mixed Grain Bread Mix500g,£1.39,£2.78 per kg,,food-cupboard
Wright's Oat & Linseed Bread Mix,Wright's Oat & Linseed Bread Mix500g,£1.39,£2.78 per kg,,food-cupboard
Ye Olde Oak 30 Party Hot Dogs (560g),Ye Olde Oak 30 Party Hot Dogs (560g)245g,£1.75,71.4p per 100g,,food-cupboard
Ye Olde Oak 6 American Style Hot Dogs in Brine (560g),Ye Olde Oak 6 American Style...300g,£1.75,58.3p per 100g,,food-cupboard
Ye Olde Oak 8 Hot Dogs in Brine (400g),Ye Olde Oak 8 Hot Dogs in Brine (400g)184g,£1.50,81.5p per 100g,,food-cupboard
Ye Olde Oak Curry Hot Dogs,Ye Olde Oak Curry Hot Dogs560g,£1.75,31.3p per 100g,,food-cupboard
Ye Olde Oak Gammon Ham,Ye Olde Oak Gammon Ham325g,£3.99,£1.23 per 100g,,food-cupboard
Ye Olde Oak Ham,Ye Olde Oak Ham300g,£2.99,99.7p per 100g,,food-cupboard
Ye Olde Oak Peri Peri Hot Dogs ,Ye Olde Oak Peri Peri Hot Dogs 560g,£1.99,35.5p per 100g,,food-cupboard
Ye Olde Oak Premium Hotdogs ,Ye Olde Oak Premium Hotdogs 400g,£2.15,53.8p per 100g,,food-cupboard
Ye Olde Oak Veggie Hot Dogs,Ye Olde Oak Veggie Hot Dogs400g,£2.15,53.8p per 100g,,food-cupboard
Yeungs Chinese Curry Mix ,Yeungs Chinese Curry Mix 220g,£1.75,79.5p per 100g,,food-cupboard
Yo! Aromatic Katsu Curry Pour Over Sauce,Yo! Aromatic Katsu Curry Pour Over Sauce100g,£1.19,£1.19 per 100g,,food-cupboard
Yo! Katsu Curry Crumb ,Yo! Katsu Curry Crumb 35g,£1.19,£3.40 per 100g,,food-cupboard
Yo! Korean Style BBQ Coat & Cook,Yo! Korean Style BBQ Coat & Cook100g,£1.19,£1.19 per 100g,,food-cupboard
Yo! Korean Style Sweet Chilli Coat & Cook,Yo! Korean Style Sweet Chilli Coat & Cook100g,£1.19,£1.19 per 100g,,food-cupboard
Yo! Soy Ginger & Garlic Yakisoba Stir Fry Sauce ,Yo! Soy Ginger & Garlic Yakisoba Stir Fry Sauce 100g,£1.19,£1.19 per 100g,,food-cupboard
Yo! Sticky BBQ Yakitori Sauce,Yo! Sticky BBQ Yakitori Sauce100g,£1.19,£1.19 per 100g,,food-cupboard
Yo! Sweet & Sticky Teriyaki,Yo! Sweet & Sticky Teriyaki100g,£1.19,£1.19 per 100g,,food-cupboard
Yogi Tea Detox Teabags ,Yogi Tea Detox Teabags 30.6g,£2.60,£8.50 per 100g,,food-cupboard
Yogi Tea Immune Supplement Teabags,Yogi Tea Immune Supplement Teabags34g,£2.60,£7.65 per 100g,,food-cupboard
Yogi Tea Organic Bedtime 17 Teabags,Yogi Tea Organic Bedtime 17 Teabags30.6g,£2.60,£8.50 per 100g,,food-cupboard
Yorkie Large Egg,Yorkie Large Egg242g,£3.25,£1.34 per 100g,,food-cupboard
Yorkie Milk Chocolate Bar Multipack 3 Pack,Yorkie Milk Chocolate Bar Multipack 3 Pack3 x 46g,£1.50,£1.09 per 100g,,food-cupboard
Yorkshire Decaffeinated Tea Bags 80s,Yorkshire Decaffeinated Tea Bags 80s250g,£3,£1.20 per 100g,"Offer price £3, was £3.85",food-cupboard
Yorkshire Gold Tea Bags 160 Pack,Yorkshire Gold Tea Bags 160 Pack500g,£7.25,£1.45 per 100g,,food-cupboard
Yorkshire Gold Tea Bags 80s,Yorkshire Gold Tea Bags 80s250g,£3,£1.20 per 100g,"Offer price £3, was £3.99",food-cupboard
Yorkshire Leaf Tea,Yorkshire Leaf Tea250g,£2.99,£1.20 per 100g,,food-cupboard
Yorkshire Provender  Pea Spinach And Mint Soup ,Yorkshire Provender  Pea Spinach And Mint Soup 600g,£2.99,49.8p per 100g,,food-cupboard
Yorkshire Tea 480 Bags,Yorkshire Tea 480 Bags1.5kg,£13.25,88.3p per 100g,,food-cupboard
Yorkshire Tea Bags 80s,Yorkshire Tea Bags 80s250g,£3.29,£1.32 per 100g,,food-cupboard
Yorkshire Tea Bedtime Brew 40s,Yorkshire Tea Bedtime Brew 40s100g,£2.39,£2.39 per 100g,Buy 2 for £4,food-cupboard
Yorkshire Tea Biscuit Brew 40 Tea Bags,Yorkshire Tea Biscuit Brew 40 Tea Bags100g,£2.39,£2.39 per 100g,Buy 2 for £4,food-cupboard
Yorkshire Tea Toast & Jam Brew 40 Tea Bags,Yorkshire Tea Toast & Jam Brew 40 Tea Bags125g,£2.39,£1.91 per 100g,Buy 2 for £4,food-cupboard
Yutaka 100% Natural Sushi Ginger ,Yutaka 100% Natural Sushi Ginger 120g,£2,£1.67 per 100g,,food-cupboard
Yutaka Japanese Rice Vinegar,Yutaka Japanese Rice Vinegar150ml,£2,£1.33 per 100ml,,food-cupboard
Yutaka Reduced Salt Gluten Free Soy Sauce,Yutaka Reduced Salt Gluten Free Soy Sauce150ml,£2.25,£1.50 per 100ml,,food-cupboard
Yutaka Roasted Black Sesame Seeds,Yutaka Roasted Black Sesame Seeds100g,£2,£2.00 per 100g,,food-cupboard
Yutaka Sushi Rice,Yutaka Sushi Rice500g,£2.10,£4.20 per kg,,food-cupboard
Yutaka Sushi Roll Kit,Yutaka Sushi Roll Kit,£4.75,,,food-cupboard
Yutaka Udon Noodles,Yutaka Udon Noodles250g,£1.40,£5.60 per kg,,food-cupboard
Zeroh Sugar Free Choc Chip Cookies ,Zeroh Sugar Free Choc Chip Cookies 150g,£1.20,80p per 100g,,food-cupboard
"Zest Tomato, Basil & Oregano Pasta Sauce","Zest Tomato, Basil & Oregano Pasta Sauce340g",£2.25,66.2p per 100g,,food-cupboard
Zest Vegan Basil Pesto ,Zest Vegan Basil Pesto 165g,£2.25,£1.36 per 100g,,food-cupboard
Zest Vegan Mushroom & Riccota Sauce,Zest Vegan Mushroom & Riccota Sauce340g,£2.50,73.5p per 100g,,food-cupboard
Zest Vegan Red Pesto ,Zest Vegan Red Pesto 165g,£2.50,£1.52 per 100g,,food-cupboard
Zest Vegan Tomato & Mascarpone Sauce,Zest Vegan Tomato & Mascarpone Sauce340g,£2.50,73.5p per 100g,,food-cupboard
