name,Price Per Unit,Price Per Measure,Promotion
Whiskas 1+ Poultry Feasts Adult Wet Cat Food Pouches in Jelly,Whiskas 1+ Poultry…40 x 85g,£13.70,40.3p per 100g,
Whiskas 1+ Chicken Adult Dry Cat Food,Whiskas 1+ Chicken…1.9kg,£6.00,31.6p per 100g,
Whiskas 1+ Lamb Adult Dry Cat Food,Whiskas 1+ Lamb A…800g,£3.30,41.3p per 100g,
Dreamies Creamy No Sugar Cat Treats With Chicken ,Dreamies Crea…40g,£1.15,£2.88 per 100g,
Pedigree Biscrok Gravy Bones Adult Dog Treats Original Biscuits,Pedigree Biscro…400g,£1.50,£3.75 per kg,"Offer price £1.50, was £2.50"
Dreamies Creamy No Sugar Cat Treats With Salmon,Dreamies Crea…40g,£1.15,£2.88 per 100g,
Chappie Adult Wet Dog Food Tins Favourites In Loaf ,Chappie Adult Wet D…6 x 412g,£8.50,£3.44 per kg,
Whiskas 1+ Chicken Adult Dry Cat Food,Whiskas 1+ Chicken…800g,£3.30,41.3p per 100g,
Whiskas 1+ Poultry Feasts Adult Wet Cat Food Pouches in Jelly,Whiskas 1+ Poultry…12 x 85g,£4.50,44.1p per 100g,
Dreamies Cat Treat Biscuits with Chicken,Dreamies Cat Treat Bi…60g,£1.95,£32.50 per kg,Buy 2 for £2.50
Whiskas 1+ Mixed Menu Adult Wet Cat Food Pouches in Jelly,Whiskas 1+ Mixed…12 x 85g,£4.50,44.1p per 100g,
Whiskas 11+ Poultry Feasts Senior Wet Cat Food Pouches in Jelly,Whiskas 11+ Poultry…12 x 85g,£4.50,44.1p per 100g,
Whiskas Kitten Mixed Menu Wet Cat Food Pouches in Jelly,Whiskas Kitten Mi…12 x 85g,£4.50,44.1p per 100g,
Whiskas Farm Menu Adult Wet Cat Food in Jelly Tin,Whiskas Farm Menu A…6 x 400g,£7.75,32.3p per 100g,
Whiskas 7+ Poultry Feasts Senior Wet Cat Food Pouches in Jelly ,Whiskas 7+ Poultry…12 x 85g,£4.50,44.1p per 100g,
Whiskas 1+ Meaty Meals Adult Wet Cat Food Pouches in Gravy,Whiskas 1+ Meaty…12 x 85g,£4.50,44.1p per 100g,
Whiskas 11+ Fish Favourites Senior Wet Cat Food Pouches in Jelly,Whiskas 11+ Fish Fa…12 x 85g,£4.50,44.1p per 100g,
Pedigree Dentastix Daily Adult Small Dog Treats 35 x Dental Sticks ,Pedigree Dentastix Da…550g,£7.00,£1.27 per 100g,
Whiskas 1+ Salmon Adult Dry Cat Food,Whiskas 1+ Salmon A…800g,£3.30,41.3p per 100g,
Cesar Country Stew Adult Wet Dog Food Trays Special Selection,Cesar Country Stew…8 x 150g,£6.75,£5.63 per kg,
Morrisons Savers Liquid Disinfectant,Morrisons Savers Li…1L,33p,33p per litre,
Morrisons Savers Biological Laundry Liquid 28 Washes,Morrisons Saver…1L,£1.80,£1.80 per litre,
Morrisons Savers Biological Laundry Powder,Morrisons S…867g,£1.50,£1.73 per kg,
Dreamies Meaty Sticks With Chicken,Dreamies Meaty Sticks With Chicken30g,£1.15,£3.83 per 100g,
Pedigree Adult Wet Dog Food Tins Mixed in Gravy ,Pedigree Adult Wet Dog Food…12 x 400g,£13.75,£2.86 per kg,
Dreamies Meaty Sticks With Salmon,Dreamies Meaty Sticks With Salmon30g,£1.15,£3.83 per 100g,
Dreamies Cat Treat Biscuits with Cheese Mega Pack,Dreamies Cat Treat Biscuits…200g,£3.50,£1.75 per 100g,
Whiskas+ Chicken Dry Cat Food 1.9kg,Whiskas+ Chicken Dry Cat Food 1.9kg1.9kg,£6.00,£3.16 per kg,
Whiskas 1+ Meaty Meals Adult Wet Cat Food Pouches in Jelly,Whiskas 1+ Meaty Meals…12 x 85g,£4.50,44.1p per 100g,
Catsan Hygiene Non-Clumping Odour Control  Cat Litter,Catsan Hygiene Non-Clumping O…10L,£9,90p per litre,
Catsan Hygiene Non-Clumping Odour Control Cat Litter ,Catsan Hygiene Non-Clumping O…20L,£16.99,85p per litre,
Morrisons Premium Pate With Chicken For Adult Dogs ,Morrisons Premium Pate With C…300g,99p,£3.30 per kg,
Whiskas 1+ Chef's Choice Mix Adult Wet Cat Food Pouches in Gravy,Whiskas 1+ Chef's Choice Mix Adult We…40 x 85g,£13.70,40.3p per 100g,
Whiskas 1+ Duo Surf and Turf Adult Wet Cat Food Pouches in Jelly,Whiskas 1+ Duo Surf and Turf Adult We…40 x 85g,£13.70,40.3p per 100g,
Whiskas 1+ Mixed Menu Adult Wet Cat Food Pouches in Jelly,Whiskas 1+ Mixed Menu Adult Wet C…40 x 85g,£13.70,40.3p per 100g,
Whiskas 1+ Poultry Feasts Adult Wet Cat Food Pouches in Jelly,Whiskas 1+ Poultry Feasts Adult Wet…80 x 85g,£26,38.2p per 100g,
AATU Adult Dog Food Wet Tins Mixed Case,AATU Adult Dog Food Wet Tins Mixed Case6 x 400g,£17.05,71p per 100g,
AATU Dog 80/20 Chicken ,AATU Dog 80/20 Chicken 1kg,£10,£1.00 per 100g,
AATU Dog 80/20 Salmon & Herring,AATU Dog 80/20 Salmon & Herring1kg,£10,£1.00 per 100g,
AATU Grain Free Adult Chicken & Pheasant Wet Cat Food Pouches,AATU Grain Free Adult Chicken & Phe…10 x 85g,£14,£1.65 per 100g,
AATU Grain Free Adult Chicken & Quail Wet Cat Food Pouches,AATU Grain Free Adult Chicken & Q…10 x 85g,£14,£1.65 per 100g,
,,,,
,,,,
,,,,
,,,,
,,,,
,,,,
Animology Derma Dog Shampoo,Animology Derma Dog Shampoo250ml,£5,£2.00 per 100ml,
Animology Dirty Dawg No Rinse Shampoo,Animology Dirty Dawg No Rinse Shampoo250ml,£5,£2.00 per 100ml,
Animology Essentials Honey & Shea Dog Shampoo,Animology Essentials Hone…250ml,£3,£1.20 per 100ml,
Animology Essentials Honey & Shea Dog Spray,Animology Essentials Honey & Shea Dog Spray250ml,£3,£1.20 per 100ml,
Animology Essentials Oatmeal Dog Shampoo,Animology Essentials Oatmeal Dog Shampoo250ml,£3,£1.20 per 100ml,
Animology Essentials Olive & Walnut Shampoo,Animology Essentials Olive & Walnut Shampoo250ml,£3,£1.20 per 100ml,
Animology Essentials Perfect Puppy Shampoo,Animology Essentials Perfect Puppy Shampoo250ml,£3,£1.20 per 100ml,
Animology Knot Sure De-Tangle Spray,Animology Knot Sure De-Tangle Spray250ml,£5,£2.00 per 100ml,
Animology Puppy Love Shampoo,Animology Puppy Love Shampoo250ml,£5,£2.00 per 100ml,
Animology White Wash Dog Shampoo,Animology White Wash Dog Shampoo250ml,£5,£2.00 per 100ml,
Aquarian Goldfish Food Flakes,Aquarian Goldfish Food Flakes50g,£3.50,£70.00 per kg,
Aquarian Goldfish Food Flakes,Aquarian Goldfish Food Flakes25g,£2,£80.00 per kg,
Aquarian Tropical Fish Food Flakes,Aquarian Tropical Fish Food Flakes50g,£4.70,£94.00 per kg,
Arden Grange Adult Chicken & Rice Dry Dog Food,Arden Grange Adult Chicke…2kg,£10.75,£5.38 per kg,
Arden Grange Adult Lamb & Rice Dry Dog Food,Arden Grange Adult Lamb & Rice Dry Dog Food2kg,£10.85,£5.43 per kg,
Arden Grange Senior Chicken & Rice Dry Dog Food,Arden Grange Senior Chick…2kg,£11,£5.50 per kg,
Bakers Allsorts Dog Treat Chicken & Beef,Bakers Allsorts Dog Treat Chicken & Beef98g,£1.10,£11.22 per kg,Buy 2 for £2
Bakers Dental Delicious Large Dog Chews Chicken,Bakers Dental Delicious Large Dog Chews Chicken270g,£2.20,£8.15 per kg,
Bakers Dental Delicious Medium Dog Chews Chicken,Bakers Dental Delicious Med…200g,£2.20,£11.00 per kg,
Bakers Dog Treats Valentines Tin,Bakers Dog Treats Valentines Tin,£4.50,,
Bakers Dry Dog Food Beef & Veg,Bakers Dry Dog Food Beef & Veg1.2kg,£4,£3.33 per kg,
Bakers Dry Dog Food Beef & Veg,Bakers Dry Dog Food Beef & Veg3kg,£8,£2.67 per kg,
Bakers Dry Dog Food Chicken & Veg,Bakers Dry Dog Food Chicken & Veg1.2kg,£4,£3.33 per kg,
Bakers Dry Dog Food Chicken & Veg,Bakers Dry Dog Food Chicken & Veg3kg,£8,£2.67 per kg,
Bakers Meaty Meals Adult Dry Dog Food Beef,Bakers Meaty Meals Adult Dry Dog Food Beef1kg,£4,£4.00 per kg,
Bakers Meaty Meals Adult Dry Dog Food Chicken,Bakers Meaty Meals Adult Dry Dog Food Chicken2.7kg,£8.75,£3.24 per kg,
Bakers Meaty Meals Adult Dry Dog Food Chicken,Bakers Meaty Meals Adult Dry Dog Food Chicken1kg,£4,£4.00 per kg,
Bakers Meaty Meals Adult Small Dry Dog Food Beef,Bakers Meaty Meals Adult Small Dry Dog Food Beef1kg,£4,£4.00 per kg,
Bakers Meaty Meals Adult Small Dry Dog Food Chicken,Bakers Meaty Meals Adult Smal…1kg,£4,£4.00 per kg,
Bakers Meaty Twists,Bakers Meaty Twists180g,£2,£11.11 per kg,
Bakers Mini Bones Chicken Dog Treat,Bakers Mini Bones Chicken Dog Treat94g,£1.10,£11.70 per kg,Buy 2 for £2
Bakers Puppy Dry Dog Food Chicken & Veg,Bakers Puppy Dry Dog Food Chicken & Veg1.1kg,£4,£3.64 per kg,
Bakers Puppy Dry Dog Food Chicken & Veg,Bakers Puppy Dry Dog Food Chicken & Veg2.85kg,£8,£2.81 per kg,
Bakers Rewards Dog Treat Mixed Variety,Bakers Rewards Dog Treat Mixed Variety100g,£1.10,£11.00 per kg,Buy 2 for £2
Bakers Senior Dry Dog Food Chicken & Veg,Bakers Senior Dry Dog Food Chicken & Veg2.85kg,£8,£2.81 per kg,
Bakers Senior With Tasty Chicken & Vegetables & Wholegrain,Bakers Senior With Tasty Chicken…1.1kg,£4,£3.64 per kg,
Bakers Sizzlers Dog Treat Bacon,Bakers Sizzlers Dog Treat Bacon185g,£2,£10.81 per kg,
Bakers Sizzlers Dog Treat Bacon,Bakers Sizzlers Dog Treat Bacon90g,£1.50,£1.67 per 100g,Buy 2 for £2
Bakers Small Dog Dry Dog Food Beef & Veg,Bakers Small Dog Dry Dog Food Beef & Veg10kg,£27,27p per 100g,
Bakers Small Dog Food Chicken & Veg,Bakers Small Dog Food Chicken & Veg1.1kg,£4,£3.64 per kg,
Bakers Small Dry Dog Food Beef & Veg,Bakers Small Dry Dog Food Beef & Veg1.1kg,£4,£3.64 per kg,
Bakers Small Dry Dog Food Beef & Veg,Bakers Small Dry Dog Food Beef & Veg2.85kg,£8,£2.81 per kg,
Bakers Small Dry Dog Food Chicken & Veg,Bakers Small Dry Dog Food Chicken & Veg2.85kg,£8,£2.81 per kg,
Bakers Weight Control Dry Dog Food Chicken,Bakers Weight Control Dry Dog Food Chicken2.8kg,£8,£2.86 per kg,
Bakers Whirlers Dog Treat Bacon & Cheese,Bakers Whirlers Dog Treat Bacon & Cheese270g,£2,£7.41 per kg,
Bakers Whirlers Dog Treat Bacon & Cheese,Bakers Whirlers Dog Treat Bacon & Cheese130g,£1.50,£1.15 per 100g,Buy 2 for £2
Bakers With Tasty Chicken & Country Vegetables Adult Complete,Bakers With Tasty Chicken…12kg,£28,£2.33 per kg,
Barking Heads Adult Dog Food Wet Pouches Variety Pack,Barking Heads Adult Dog Food…6 x 300g,£11.30,62.8p per 100g,
Barking Heads Bowl Lickin' Chicken Adult Dry Dog Food,Barking Heads Bowl Lickin' Ch…6.5kg,£44.80,£6.89 per kg,
Barking Heads Chop Lickin' Lamb,Barking Heads Chop Lickin' Lamb1kg,£7.50,£7.50 per kg,
Barking Heads Chop Lickin' Lamb Adult Dry Dog Food,Barking Heads Chop Lickin'…2kg,£15,£7.50 per kg,
Barking Heads Chop Lickin' Lamb Wet Dog Food Pouch,Barking Heads Chop Lickin'…300g,£2.50,83.3p per 100g,
Barking Heads Fat Dog Slim,Barking Heads Fat Dog Slim1kg,£7.50,£7.50 per kg,
Barking Heads Fat Dog Slim Adult Dry Dog Food,Barking Heads Fat Dog Slim Adult Dry Dog Food2kg,£15,£7.50 per kg,
Barking Heads Fat Dog Slim Wet Dog Food Pouch,Barking Heads Fat Dog Slim Wet Dog Food Pouch300g,£2.50,83.3p per 100g,
Barking Heads Floss & Gloss Medium Breed Dog Dental Sticks 5 Pack,Barking Heads Floss & Gloss Medium Br…150g,£3,£2.00 per 100g,
Barking Heads Floss & Gloss Small Breed Dog Dental Sticks 5 Pack,Barking Heads Floss & Gloss Small Bre…100g,£2.30,£2.30 per 100g,
Barking Heads Golden Years Senior Dry Dog Food,Barking Heads Golden Year…2kg,£15,£7.50 per kg,
Barking Heads Little Paws Beef Waggington with Chicken Dry Dog Food,Barking Heads Little Paws Beef Waggingt…1kg,£7.50,£7.50 per kg,
Barking Heads Little Paws Beef with Chicken & Salmon Wet Dog Food,Barking Heads Little Paws Beef with C…150g,£1.50,£1.00 per 100g,
Barking Heads Little Paws Bowl Lickin' Chicken with Salmon Dry Dog Food,Barking Heads Little Paws Bowl Lickin' Ch…1kg,£7.50,£7.50 per kg,
Barking Heads Little Paws Chicken with Turkey Wet Dog Food,Barking Heads Little Paws Chicken…150g,£1.50,£1.00 per 100g,
Barking Heads Little Paws Golden Years with Chicken Dry Dog Food,Barking Heads Little Paws Golden Year…1kg,£7.50,£7.50 per kg,
Barking Heads Plant-Powered Pooches Adult Dry Dog Food,Barking Heads Plant-Powered Poo…1kg,£7.50,£7.50 per kg,
Barking Heads Pooched Salmon Adult Dry Dog Food,Barking Heads Pooched Sal…6.5kg,£45,£6.92 per kg,
Barking Heads Puppy Days Grain Free Dry Dog Food,Barking Heads Puppy Days Gr…1kg,£7.50,£7.50 per kg,
Barking Heads Top Dog Turkey Wet Dog Food Pouch,Barking Heads Top Dog Tur…300g,£2.50,83.3p per 100g,
Beaphar Banana Nibbly Bitz For Small Animals,Beaphar Banana Nibbly Bitz For Small Animals50g,£1.70,£34.00 per kg,
Beaphar One Dose Wormer For Medium Dogs,Beaphar One Dose Wormer For Medium Dogs2 per pack,£7,£3.50 each,
Bob Martin Cat Litter Tray,Bob Martin Cat Litter Tray,£4.50,,
Bob Martin Clear 3 In 1 Wormer Tablets For Dogs,Bob Martin Clear 3 In 1 Wormer Tablets For Dogs2 per pack,£8,£4.00 each,
Bob Martin Clear 3 In 1 Wormer Tablets for Dogs 4PK,Bob Martin Clear 3 In 1 Worme…,£13,,"Offer price £13, was £14"
Bob Martin Clear Flea & Tick Dog Collar ,Bob Martin Clear Flea & Tick Dog Collar ,£6,,
Bob Martin Clear Flea & Tickspot On Cat,Bob Martin Clear Flea & Tickspot On Cat,£9,,
Bob Martin Clear Flea Cat Collar,Bob Martin Clear Flea Cat Collar,£4.50,,
Bob Martin Clear Flea Shampoo for Dogs & Puppies ,Bob Martin Clear Flea Shamp…150ml,£2.75,£1.83 per 100ml,
Bob Martin Clear Flea Tablets for Cats - 3 treatments,Bob Martin Clear Flea Tablets…3 per pack,£5,£1.67 each,"Offer price £5, was £6"
Bob Martin Clear Flea Tablets for Large Dogs over 11kg - 3 treatments,Bob Martin Clear Flea Tablets for Large D…,£5.75,,"Offer price £5.75, was £6.50"
Bob Martin Clear Flea Tablets Small Dog,Bob Martin Clear Flea Tablets Small Dog3 per pack,£4.50,£1.50 each,"Offer price £4.50, was £5"
Bob Martin Clear Pc Free Flea Spray,Bob Martin Clear Pc Free Flea Spray300ml,£5,£16.67 per litre,
Bob Martin Clear Plus Spot - On For Cats And Ferrets,Bob Martin Clear Plus Spot…,£10.50,,
Bob Martin Clear Plus Spot - On For Large Dogs,Bob Martin Clear Plus Spot - On For Large Dogs,£11,,
Bob Martin Clear Plus Spot - On For Medium Dogs,Bob Martin Clear Plus Spo…,£10,,
Bob Martin Clear Plus Spot On For Small Dogs,Bob Martin Clear Plus Spot On For Small Dogs,£8,,
Bob Martin Felight Cat Litter,Bob Martin Felight Cat Litter20L,£12,60p per litre,
Bob Martin Home Flea Spray Plus 500ml,Bob Martin Home Flea Spray Plus 500ml500ml,£8.75,£17.50 per litre,
Bob Martin Spot On Cats Dewormer,Bob Martin Spot On Cats Dewormer2 per pack,£5,£2.50 each,"Offer price £5, was £5.75"
Bob Martin Velvet Flea Collar For Cats,Bob Martin Velvet Flea Collar For Cats2 per pack,£7,£3.50 each,
Bonio Biscuits Chicken Flavour Dog Food,Bonio Biscuits Chicken Flavour Dog Food650g,£2.20,£3.38 per kg,
Bonio The Original Biscuits Dog Food,Bonio The Original Biscuits Dog Food650g,£2.20,£3.38 per kg,
Brambles Crunchy Hedgehog Food,Brambles Crunchy Hedgehog Food,£6,£6.67 per kg,
Brambles Floating Swan & Duck Food,Brambles Floating Swan & Duck Food1.75kg,£8,£4.57 per kg,
"Brit Bites Natural Baked Dog Treats With Banana, Honey & Oats",Brit Bites Natural Baked Dog Treats…175g,£1.75,£1.00 per 100g,
Brit Bites Natural Baked Dog Treats With Chicken & Pumpkin,Brit Bites Natural Baked Dog Trea…175g,£1.75,£10.00 per kg,
Brit Bites Natural Baked Dog Treats With Country Vegetables,Brit Bites Natural Baked Dog Trea…175g,£1.75,£10.00 per kg,
"Brit Bites Natural Baked Dog Treats With Lamb, Pea and Added Mint",Brit Bites Natural Baked Dog Treats W…175g,£1.75,£1.00 per 100g,
Burgess Excel Feeding Hay ,Burgess Excel Feeding Hay 500g,£3.60,£7.20 per kg,
Butcher's Healthy Heart Dog Food Tins,Butcher's Healthy Heart Dog Food Tins6 x 390g,£5.75,24.6p per 100g,
Butcher's Healthy Heart Dog Food Trays,Butcher's Healthy Heart Dog Food Trays12 x 150g,£6,33.3p per 100g,"Offer price £6, was £6.75"
Butcher's Joints & Coat Dog Food Tins ,Butcher's Joints & Coat Dog Food Tins 6 x 390g,£5.75,24.6p per 100g,
Butcher's Joints & Coat Dog Food Trays ,Butcher's Joints & Coat Dog Food Trays 12 x 150g,£6,£3.33 per kg,"Offer price £6, was £6.75"
Butcher's Joints & Coat Treats,Butcher's Joints & Coat Treats80g,£2.25,£2.81 per 100g,
Butcher's Lean & Tasty Low Fat Dog Food Tins,Butcher's Lean & Tasty Low Fat Dog Food Tins12 x 400g,£10.50,£2.19 per kg,
Butcher's Lean & Tasty Low Fat Dog Food Trays,Butcher's Lean & Tasty Low Fat Dog Food Trays12 x 150g,£6,£3.33 per kg,"Offer price £6, was £6.75"
Butcher's Lean & Tasty Treats,Butcher's Lean & Tasty Treats80g,£2.25,£2.81 per 100g,
Butcher's Loaf Recipes Dog Food Tins,Butcher's Loaf Recipes Dog Food Tins6 x 390g,£5.75,£2.46 per kg,
Butcher's Puppy Perfect Dog Food Tins,Butcher's Puppy Perfect Dog Food Tins6 x 400g,£5.75,£2.40 per kg,
Butcher's Recipes in Gravy Dog Food Tins,Butcher's Recipes in Gravy Dog Food Tins6 x 400g,£5.75,£2.40 per kg,
Butcher's Recipes in Gravy Dog Food Tins,Butcher's Recipes in Gravy Dog Food Tins12 x 400g,£10.50,£2.19 per kg,
Butcher's Recipes in Jelly Dog Food Tins ,Butcher's Recipes in Jelly Dog Food Tins 12 x 400g,£10.50,£2.19 per kg,
Butcher's Recipes in Jelly Dog Food Tins,Butcher's Recipes in Jelly Dog Food Tins6 x 400g,£5.75,£2.40 per kg,
Butcher's Simply Gentle Dog Food Tins,Butcher's Simply Gentle Dog Food Tins6 x 390g,£5.75,£2.46 per kg,
Butcher's Simply Gentle Dog Food Trays ,Butcher's Simply Gentle Dog Food Trays 12 x 150g,£6,£3.33 per kg,"Offer price £6, was £6.75"
Butcher's Simply Gentle Treats,Butcher's Simply Gentle Treats80g,£2.25,£2.81 per 100g,
Butcher's Succulent Recipes Dog Food Trays,Butcher's Succulent Recipes Dog Food Trays4 x 150g,£2.60,43.3p per 100g,
Butcher's Succulent Recipes Dog Food Trays,Butcher's Succulent Recipes Dog Food Trays12 x 150g,£6,33.3p per 100g,"Offer price £6, was £6.75"
Butcher's Traditional Recipes Dog Food Trays,Butcher's Traditional Recipes Dog Food Trays4 x 150g,£2.60,43.3p per 100g,
Butcher's Traditional Recipes Dog Food Trays,Butcher's Traditional Recipes Dog Food Trays12 x 150g,£6,33.3p per 100g,"Offer price £6, was £6.75"
Butcher's Tripe Dog Food Tin,Butcher's Tripe Dog Food Tin400g,99p,£2.48 per kg,
Butcher's Tripe Dog Food Tins,Butcher's Tripe Dog Food Tins6 x 400g,£5.75,£2.40 per kg,
Butcher's Tripe Loaf Recipes Dog Food Tins,Butcher's Tripe Loaf Recipes Dog Food Tins12 x 400g,£10.50,£2.19 per kg,
Butcher's Tripe Loaf Recipes Dog Food Tins,Butcher's Tripe Loaf Recipes Dog Food Tins6 x 400g,£5.75,£2.40 per kg,
Catit Creamy Lickable Cat Treats Chicken,Catit Creamy Lickable Cat Treats Chicken4 x 10g,£2.05,£5.13 per 100g,
Catit Creamy Lickable Cat Treats Salmon & Prawn,Catit Creamy Lickable Cat Treats Salmon & Prawn4 x 10g,£2.05,£5.13 per 100g,
Catit Creamy Lickable Treats Chicken & Lamb,Catit Creamy Lickable Treats Chicken & Lamb4 x 10g,£2.05,£5.13 per 100g,
Catit Creamy Lickable Treats Tuna,Catit Creamy Lickable Treats Tuna4 x 10g,£2.05,£5.13 per 100g,
Catit Divine Shreds Chicken with Liver Wet Cat Food,Catit Divine Shreds Chicken w…75g,£1.50,£2.00 per 100g,
Catit Fish Dinner Whitefish & Pumpkin Wet Cat Food,Catit Fish Dinner Whitefish…80g,£1.50,£1.88 per 100g,
Catit Flower Fountain with LED Nightlight,Catit Flower Fountain with LED Nightlight,£32.15,£32.15 each,
Catit Fresh & Clear Pet Luxury Water Fountain Replacement Cartridges,Catit Fresh & Clear Pet Luxury Water Fo…,£8.50,£8.50 each,
Catit Go Natural Wood Cat Litter 15L,Catit Go Natural Wood Cat Litter 15L,£16,£16.00 each,
Catit Go Natural Wood Cat Litter 6L,Catit Go Natural Wood Cat Litter 6L,£7,£7.00 each,
Catit Mini Fountain Replacement Filter 3 Pack,Catit Mini Fountain Replacement Filter 3 Pack,£4.80,£4.80 each,
Catit Nibbly Grills Chicken & Lobster Cat Treat,Catit Nibbly Grills Chicken & Lobster Cat Treat30g,£2.05,£6.83 per 100g,
Catit Nibbly Grills Chicken & Prawn Cat Treat,Catit Nibbly Grills Chicken & Prawn Cat Treat30g,£2.05,£6.83 per 100g,
Catit Nibbly Grills Chicken & Scallop Cat Treat,Catit Nibbly Grills Chicken & Scallop Cat Treat30g,£2.05,£6.83 per 100g,
Catit Nibbly Jerk Chicken & Fish Cat Treat,Catit Nibbly Jerk Chicken & Fish Cat Treat30g,£2.05,£6.83 per 100g,
Catit Nibbly Jerk Chicken Cat Treat,Catit Nibbly Jerk Chicken Cat Treat30g,£2.05,£6.83 per 100g,
Catit Nibbly Wraps Chicken & Fish Cat Treat,Catit Nibbly Wraps Chicken & Fish Cat Treat30g,£2.05,£6.83 per 100g,
Catit Play Circuit Ball Red Cat Toy,Catit Play Circuit Ball Red Cat Toy,£13.30,£13.30 each,
Catit Play Circuit Massage Blue Cat Toy,Catit Play Circuit Massage Blue Cat Toy,£12.75,£12.75 each,
Catit Play Treat Spinner Cat Toy,Catit Play Treat Spinner Cat Toy,£10.30,£10.30 each,
Catit Play Tumbler Bee Cat Toy,Catit Play Tumbler Bee Cat Toy,£11.90,£11.90 each,
Catit Senses Super Roller Circuit Cat Toy,Catit Senses Super Roller Circuit Cat Toy,£17.20,£17.20 each,
Catit Treat Ball -Blue,Catit Treat Ball -Blue,£5.80,£5.80 each,
Catit Treat Ball  Pink,Catit Treat Ball  Pink,£4.55,£4.55 each,
Catit Voyageur Carrier Small Cherry Red,Catit Voyageur Carrier Small Cherry Red,£25,£25.00 each,
Catit Voyageur Carrier Small Turquoise,Catit Voyageur Carrier Small Turquoise,£25,£25.00 each,
Catkins Retractable Wand Cat Teaser,Catkins Retractable Wand Cat Teaser,£5,£5.00 each,
Catsan Hygiene Non-Clumping Odour Control  Cat Litter,Catsan Hygiene Non-Clumping O…10L,£9,90p per litre,
Catsan Hygiene Non-Clumping Odour Control Cat Litter ,Catsan Hygiene Non-Clumping O…20L,£16.99,85p per litre,
Catsan Hygiene Non-Clumping Odour Control Cat Litter,Catsan Hygiene Non-Clumping O…5L,£6.75,£1.35 per litre,
Catsan Hygiene Smart Pack 2x Inlays Cat Litter Dust-Free Litter Tray Liner,Catsan Hygiene Smart Pack 2x Inlays Cat Lit…,£10.25,,
Catsan Ultra Clumping Odour Control Cat Litter ,Catsan Ultra Clumping Odour Control Cat Litter 5L,£10,£2.00 per litre,
Cat's Best Original Clumping Cat Litter,Cat's Best Original Clumping Cat Litter,£10.50,£1.05 per litre,
Cat's Best Sensitive Clumping Cat Litter,Cat's Best Sensitive Clumping Cat Litter8L,£9.20,£1.15 per litre,
Cat's Best Universal Strawberry Non-Clumping Cat Litter & Small Pet Bedding,Cat's Best Universal Strawberry…10L,£7.50,75p per litre,
Cesar Classics Terrine Dog Food Trays Mixed In Loaf,Cesar Classics Terrine Dog Food Trays Mixed In Loaf8 x 150g,£6.75,£5.63 per kg,
Cesar Country Stew Adult Wet Dog Food Trays Special Selection,Cesar Country Stew Adult Wet Dog Fo…8 x 150g,£6.75,£5.63 per kg,
Cesar Deliciously Fresh Dog Food Pouches Mixed Selection In Sauce,Cesar Deliciously Fresh Dog Food Pouc…12 x 100g,£6.75,56.3p per 100g,
Cesar Garden Terrine Dog Food Tray Mixed in Loaf ,Cesar Garden Terrine Dog Food Tray Mixed in Loaf 8 x 150g,£6.75,£5.63 per kg,
Cesar Hearty Casserole Adult Wet Dog Food Trays Mixed ,Cesar Hearty Casserole Adult We…8 x 150g,£5.70,£4.75 per kg,
Cesar Juicy Hotpot Adult Wet Dog Food Trays Mixed in Gravy,Cesar Juicy Hotpot Adult Wet Dog…8 x 150g,£6.75,56.3p per 100g,
Cesar Senior Wet Dog Food Pouches Mixed Selection in Jelly,Cesar Senior Wet Dog Food Pouches…12 x 100g,£6.75,56.3p per 100g,
Cesar Senior Wet Dog Food Trays Meat in Delicate Jelly ,Cesar Senior Wet Dog Food Trays…8 x 150g,£6.75,56.3p per 100g,
Chappie Adult Wet Dog Food Tin Original In Loaf ,Chappie Adult Wet Dog Food Tin Original In Loaf 412g,£1.50,£3.64 per kg,
Chappie Adult Wet Dog Food Tins Chicken & Rice In Loaf,Chappie Adult Wet Dog Food Tins…6 x 412g,£8.50,34.4p per 100g,
Chappie Adult Wet Dog Food Tins Favourites In Loaf ,Chappie Adult Wet Dog Food Ti…6 x 412g,£8.50,£3.44 per kg,
Chappie Complete Adult Dry Dog Food Chicken & Wholegrain Cereal,Chappie Complete Adult Dry Dog Food C…3kg,£9,£3.00 per kg,
Chappie Complete Adult Dry Dog Food Chicken & Wholegrain Cereal,Chappie Complete Adult Dry Dog Food C…3kg,£9,£3.00 per kg,
Chappie Dog Food,Chappie Dog Food24 x 412g,£27,27.3p per 100g,
Chipsi Apple Shavings,Chipsi Apple Shavings1kg,£2.50,£2.50 per kg,
CJ Wildlife Four Seasons Seed Blend,CJ Wildlife Four Seasons Seed Blend1.55kg,£4,£1.29 per 500g,
CJ Wildlife Garden Bird Seed Mix,CJ Wildlife Garden Bird Seed Mix3L,£3,£1.00 per litre,
CJ Wildlife London Squirrel Resistant Wild Bird Seed Feeder,CJ Wildlife London Squirrel Resis…,£15,£15.00 each,
C J Wildlife Nyjer Seed,C J Wildlife Nyjer Seed1.64kg,£6,£3.66 per kg,
CJ Wildlife Oil Rich Wild Bird Peanuts,CJ Wildlife Oil Rich Wild Bird Peanuts,£4,£4.44 per kg,
CJ Wildlife Squirrel Resistant Wild Bird Peanut Feeder,CJ Wildlife Squirrel Resistant…,£15,£15.00 each,
CJ Wildlife Wild Bird Coconut Halves 4pk,CJ Wildlife Wild Bird Coconut Halves 4pk,£6.99,£6.99 each,
CJ Wildlife Wild Bird Table Seed,CJ Wildlife Wild Bird Table Seed,£2.50,£2.78 per kg,
Company of Animals Treat Bag Black,Company of Animals Treat Bag Black,£8.99,£8.99 each,
Dawn Chorus Suet Candle,Dawn Chorus Suet Candle420g,£1.50,35.7p per 100g,
Dawn Chorus Wild Bird Mini Cob,Dawn Chorus Wild Bird Mini Cob225g,£1,44.4p per 100g,
Dentalife Chicken Cat Treats ,Dentalife Chicken Cat Treats 140g,£4.20,£30.00 per kg,
Dentalife Daily Oral Care Chews Large Dogs 6 Pack,Dentalife Daily Oral Care Chews Large Dogs 6 Pack106g,£5.25,£4.95 per 100g,
DENTALIFE Dental Cat Treat Chicken,DENTALIFE Dental Cat Treat Chicken40g,£1.45,£3.63 per 100g,Buy 2 for £2
DENTALIFE Dental Cat Treat Salmon,DENTALIFE Dental Cat Treat Salmon40g,£1.45,£3.63 per 100g,Buy 2 for £2
DENTALIFE Large Dog Treat Dental Chew,DENTALIFE Large Dog Treat Dental Chew142g,£1.30,£9.15 per kg,Buy 2 for £2
DENTALIFE Medium Dog Treat Dental Chew,DENTALIFE Medium Dog Treat Dental Chew115g,£1.30,£11.30 per kg,Buy 2 for £2
DENTALIFE Medium Dog Treat Dental Chew,DENTALIFE Medium Dog Treat Dental Chew552g,£5.25,95.1p per 100g,
DENTALIFE Small Dog Treat Dental Chew,DENTALIFE Small Dog Treat Dental Chew115g,£1.30,£11.30 per kg,Buy 2 for £2
DENTALIFE Small Dog Treat Dental Chew,DENTALIFE Small Dog Treat Dental Chew490g,£5.25,£1.07 per 100g,
Deyongs Churchill Faux Fur Throw Caramel,Deyongs Churchill Faux Fur Throw Caramel,£114.65,£114.65 each,
Deyongs Snuggle Touch Throw Blue,Deyongs Snuggle Touch Throw Blue,£22.60,£22.60 each,
Deyongs Snuggle Touch Throw Dark Green,Deyongs Snuggle Touch Throw Dark Green,£22.60,£22.60 each,
Deyongs Snuggle Touch Throw Navy,Deyongs Snuggle Touch Throw Navy,£22.60,£22.60 each,
Dreamies Cat Treat Biscuits with Beef ,Dreamies Cat Treat Biscuits with Beef 60g,£1.95,£32.50 per kg,Buy 2 for £2.50
Dreamies Cat Treat Biscuits with Catnip,Dreamies Cat Treat Biscuits with Catnip60g,£1.95,£32.50 per kg,Buy 2 for £2.50
Dreamies Cat Treat Biscuits with Catnip,Dreamies Cat Treat Biscuits with Catnip200g,£3.50,£17.50 per kg,
Dreamies Cat Treat Biscuits with Cheese,Dreamies Cat Treat Biscuits with Cheese60g,£1.95,£32.50 per kg,Buy 2 for £2.50
Dreamies Cat Treat Biscuits with Cheese Bulk Mega Tub,Dreamies Cat Treat Biscuits w…350g,£5.70,£1.63 per 100g,
Dreamies Cat Treat Biscuits with Cheese Mega Pack,Dreamies Cat Treat Biscuits…200g,£3.50,£1.75 per 100g,
Dreamies Cat Treat Biscuits with Chicken,Dreamies Cat Treat Biscuits with Chicken60g,£1.95,£32.50 per kg,Buy 2 for £2.50
Dreamies Cat Treat Biscuits With Chicken Bulk Mega Tub ,Dreamies Cat Treat Biscuits Wit…350g,£5.70,£1.63 per 100g,
Dreamies Cat Treat Biscuits with Chicken Mega Pack,Dreamies Cat Treat Biscuits…200g,£3.50,£1.75 per 100g,
Dreamies Cat Treat Biscuits with Duck,Dreamies Cat Treat Biscuits with Duck60g,£1.95,£32.50 per kg,Buy 2 for £2.50
Dreamies Cat Treat Biscuits with Salmon Flavour ,Dreamies Cat Treat Biscuits…60g,£1.95,£32.50 per kg,Buy 2 for £2.50
Dreamies Cat Treat Biscuits with Salmon Flavour Mega Pack,Dreamies Cat Treat Biscuits with…200g,£3.50,£17.50 per kg,
Dreamies Cat Treat Biscuits with Tuna Flavour,Dreamies Cat Treat Biscuits with Tuna Flavour60g,£1.95,£32.50 per kg,Buy 2 for £2.50
Dreamies Cat Treat Biscuits With Tuna Flavour Mega Pack,Dreamies Cat Treat Biscuits Wit…200g,£3.50,£1.75 per 100g,
Dreamies Cat Treat Biscuits with Turkey,Dreamies Cat Treat Biscuits with Turkey60g,£1.95,£32.50 per kg,Buy 2 for £2.50
Dreamies Creamy No Sugar Cat Treats With Chicken ,Dreamies Creamy No Sugar Ca…40g,£1.15,£2.88 per 100g,
Dreamies Creamy No Sugar Cat Treats With Salmon,Dreamies Creamy No Sugar…40g,£1.15,£2.88 per 100g,
Dreamies Meaty Sticks With Chicken,Dreamies Meaty Sticks With Chicken30g,£1.15,£3.83 per 100g,
Dreamies Meaty Sticks With Salmon,Dreamies Meaty Sticks With Salmon30g,£1.15,£3.83 per 100g,
Dreamies Mix Cat Treat Biscuits with Cheese & Beef ,Dreamies Mix Cat Treat Biscui…60g,£1.95,£32.50 per kg,Buy 2 for £2.50
Dreamies Mix Cat Treat Biscuits with Chicken & Duck,Dreamies Mix Cat Treat Biscui…60g,£1.95,£32.50 per kg,Buy 2 for £2.50
Dreamies Mix Cat Treat Biscuits with Salmon & Cheese ,Dreamies Mix Cat Treat Biscui…60g,£1.95,£32.50 per kg,Buy 2 for £2.50
Edgard & Cooper Adult Dog Food Grain Free Salmon & Trout,Edgard & Cooper Adult Dog Food…150g,£1.30,£8.67 per kg,
Edgard & Cooper Grain Free Chicken & Turkey Adult Dogs,Edgard & Cooper Grain Free Chic…150g,£1.50,£10.00 per kg,
Edgard & Cooper Grain Free Game & Duck Adult Dogs,Edgard & Cooper Grain Free…150g,£1.50,£10.00 per kg,
"Encore Cat Pot, Tuna Fillet with Crab in Broth in Broth","Encore Cat Pot, Tuna Fillet with Crab in Broth in Broth60g",90p,£15.00 per kg,"Offer price 90p, was £1.10"
"Encore Cat Pouch, Chicken with Brown Rice in Broth","Encore Cat Pouch, Chicken with Brown Rice in Broth70g",90p,£12.85 per kg,"Offer price 90p, was £1.10"
"Encore Cat Pouch, Tuna Fillet with Prawn in Broth","Encore Cat Pouch, Tuna Fillet with Prawn in Broth70g",90p,£12.85 per kg,"Offer price 90p, was £1.10"
"Encore Cat Pouch, Tuna with Whitebait in Broth","Encore Cat Pouch, Tuna with Whitebait in Broth70g",90p,£12.85 per kg,"Offer price 90p, was £1.10"
"Encore Cat Pouches, Chicken Selection in Broth","Encore Cat Pouches, Chicken Selection in Broth5 x 50g",£4.40,£1.76 per 100g,
Encore Cat Pouch Finest Selection In Broth ,Encore Cat Pouch Finest Selection In Broth 10 x 50g,£7.80,£15.60 per kg,
Encore Cat Pouch Fish Selection In Gravy,Encore Cat Pouch Fish Selection In Gravy5 x 50g,£4.40,£1.76 per 100g,
Encore Cat Pouch Fish Selection In Jelly ,Encore Cat Pouch Fish Selection In Jelly 10 x 50g,£7.80,£15.60 per kg,
"Encore Cat Tin, Chicken Breast in Broth","Encore Cat Tin, Chicken Breast in Broth70g",90p,£12.85 per kg,"Offer price 90p, was £1.10"
"Encore Cat Tin, Tuna Fillet in Broth","Encore Cat Tin, Tuna Fillet in Broth70g",90p,£1.28 per 100g,"Offer price 90p, was £1.10"
"Encore Cat Tin, Tuna with Shrimp in Broth","Encore Cat Tin, Tuna with Shrimp in Broth70g",90p,£12.85 per kg,"Offer price 90p, was £1.10"
Encore Cat Tin Fish Selection In Broth ,Encore Cat Tin Fish Selection In Broth 8 x 70g,£6.50,£11.60 per kg,"Offer price £6.50, was £8.10"
"Encore Cat Tins, Chicken Selection in Broth","Encore Cat Tins, Chicken Selection in Broth8 x 70g",£6.50,£11.60 per kg,"Offer price £6.50, was £8.10"
"Encore Cat Tins, Fish Selection in Jelly","Encore Cat Tins, Fish Selection in Jelly5 x 50g",£4.40,£17.60 per kg,
Encore Cat Tin Tuna Fillet With Salmon In Broth ,Encore Cat Tin Tuna Fillet With Salmon In Broth 70g,90p,£12.85 per kg,"Offer price 90p, was £1.10"
Encore Cat Treat Chicken Fillet With Rosemary,Encore Cat Treat Chicken Fillet With Rosemary30g,£1.75,£5.83 per 100g,
"Encore Dog Pouch, Chicken Selection in Jelly","Encore Dog Pouch, Chicken Selection in Jelly5 x 100g",£6,£12.00 per kg,
Encore Dog Tin  Chicken Breast in Broth,Encore Dog Tin  Chicken Breast in Broth156g,£1.60,£10.26 per kg,
"Encore Dog Tins, Beef Selection in Gravy","Encore Dog Tins, Beef Selection in Gravy5 x 156g",£6,77p per 100g,"Offer price £6, was £7.50"
"Encore Dog Tins, Chicken Selection in Broth","Encore Dog Tins, Chicken Selection in Broth5 x 156g",£6,£7.70 per kg,"Offer price £6, was £7.50"
Encore Dog Trays Pate Selection,Encore Dog Trays Pate Selection5 x 150g,£4.75,63.3p per 100g,
Encore Finest Collection Portion Pouch,Encore Finest Collection Portion Pouch5 x 100g,£6,£12.00 per kg,
Encore Premium Dog Beef Steak   ,Encore Premium Dog Beef Steak   156g,£1.60,£10.26 per kg,
Encore Whole Mackerel Loin Cat Treat,Encore Whole Mackerel Loin Cat Treat30g,£1.75,£5.83 per 100g,
Encore Whole Tuna Loin Cat Treat,Encore Whole Tuna Loin Cat Treat30g,£1.75,£5.83 per 100g,
Ever Clean Clumping Cat Litter Litterfree Paws,Ever Clean Clumping Cat Litter Litterfree Paws6L,£12.60,£2.10 per litre,
Ever Clean Clumping Cat Litter Litterfree Paws,Ever Clean Clumping Cat Litter Litterfree Paws10L,£19.50,£1.95 per litre,
Ever Clean Clumping Cat Litter Spring Garden,Ever Clean Clumping Cat Litter Spring Garden6L,£12.60,£2.10 per litre,
Ever Clean Clumping Cat Litter Spring Garden,Ever Clean Clumping Cat Litter Spring Garden10L,£19.50,£1.95 per litre,
Ever Clean Extra Strong Scented Clumping Cat Litter,Ever Clean Extra Strong Scent…10L,£19.50,£1.95 per litre,
Ever Clean Extra Strong Scented Clumping Cat Litter,Ever Clean Extra Strong Scent…6L,£12.60,£2.10 per litre,
Ever Clean Extra Strong Unscented Clumping Cat Litter,Ever Clean Extra Strong Unsce…6L,£12.60,£2.10 per litre,
Ever Clean Extra Strong Unscented Clumping Cat Litter,Ever Clean Extra Strong Unsce…10L,£19.50,£1.95 per litre,
Ever Clean Fast Acting Odour Control Clumping Cat Litter,Ever Clean Fast Acting Odour Co…10L,£19.50,£1.95 per litre,
Ever Clean Fast Acting Odour Control Clumping Cat Litter,Ever Clean Fast Acting Odour Co…6L,£12.60,£2.10 per litre,
Ever Clean Lavender Clumping Cat Litter,Ever Clean Lavender Clumping Cat Litter10L,£19.50,£1.95 per litre,
Ever Clean Lavender Clumping Cat Litter,Ever Clean Lavender Clumping Cat Litter6L,£12.60,£2.10 per litre,
Ever Clean Multi-Crystals Clumping Cat Litter,Ever Clean Multi-Crystals Clumping Cat Litter6L,£12.60,£2.10 per litre,
Ever Clean Multiple Cat Clumping Litter,Ever Clean Multiple Cat Clumping Litter6L,£12.60,£2.10 per litre,
Ever Clean Multiple Cat Clumping Litter,Ever Clean Multiple Cat Clumping Litter10L,£19.50,£1.95 per litre,
Ever Clean Total Cover Clumping Cat Litter,Ever Clean Total Cover Clumping Cat Litter6L,£12.60,£2.10 per litre,
EzyDog Chest Plate Black Dog Harness,EzyDog Chest Plate Black Dog Harness,£23.50,£23.50 each,
EzyDog Chest Plate Blue Dog Harness Large,EzyDog Chest Plate Blue Dog Harness Large,£24,£24.00 each,
EzyDog Chest Plate Camouflage Dog Harness,EzyDog Chest Plate Camouflage Dog Harness,£23,£23.00 each,
EzyDog Chest Plate Red Dog Harness,EzyDog Chest Plate Red Dog Harness,£23.50,£23.50 each,
EzyDog Click-In Adjustable Dog Car Seatbelt Attachment,EzyDog Click-In Adjustable Dog…,£12,£12.00 each,
EzyDog Neo Classic Black Dog Collar Medium,EzyDog Neo Classic Black Dog Collar Medium,£15.50,£15.50 each,
EzyDog Neo Classic Red Dog Collar Medium,EzyDog Neo Classic Red Dog Collar Medium,£15.50,£15.50 each,
EzyDog Quick Fit Black Dog Harness,EzyDog Quick Fit Black Dog Harness,£21,£21.00 each,
EzyDog Quick Fit Blue Dog Harness,EzyDog Quick Fit Blue Dog Harness,£21,£21.00 each,
EzyDog Quick Fit Red Dog Harness Large,EzyDog Quick Fit Red Dog Harness Large,£23.50,£23.50 each,
EzyDog Road Runner Black Dog Lead 2.1m,EzyDog Road Runner Black Dog Lead 2.1m,£35,£35.00 each,
EzyDog Road Runner Red Dog Lead 2.1m,EzyDog Road Runner Red Dog Lead 2.1m,£35,£35.00 each,
"EzyDog Zero Shock Black Dog Lead 25""","EzyDog Zero Shock Black Dog Lead 25""",£20,£20.00 each,
"EzyDog Zero Shock Coupler Red Dog Lead Attachment 24""",EzyDog Zero Shock Coupler Red…,£25,£25.00 each,
"EzyDog Zero Shock Dog Lead, Black, 48""","EzyDog Zero Shock Dog Lead, Black, 48""",£23,£23.00 each,
"EzyDog Zero Shock Dog Lead, Blue, 48""","EzyDog Zero Shock Dog Lead, Blue, 48""",£23,£23.00 each,
Feelwells 100% Meat Beef Strips Dog Treats,Feelwells 100% Meat Beef Strips Dog Treats100g,£4.50,£45.00 per kg,
Feelwells 100% Meat Venison Sticks Dog Treats,Feelwells 100% Meat Venison Sticks Dog Treats100g,£5.25,£5.25 per 100g,
Feelwells Benefits Goodnight Dog Treats,Feelwells Benefits Goodnight Dog Treats130g,£2.50,£1.92 per 100g,
Feelwells Cheesy Dog Training Treats,Feelwells Cheesy Dog Training Treats115g,£2.50,£2.17 per 100g,
Feelwells Fish Crunchies Grain Free Dog Treats,Feelwells Fish Crunchies Grain Free Dog Treats,£3,£3.00 each,
Feelwells Grain Free Dog Training Treats,Feelwells Grain Free Dog Training Treats115g,£2.50,£2.17 per 100g,
Feelwells Liver Dog Training Treats,Feelwells Liver Dog Training Treats115g,£2.50,£2.17 per 100g,
Felight Antibacterial Non-Clumping Cat Litter,Felight Antibacterial Non-Clumping Cat Litter10L,£7,70p per litre,
Felight Cat Litter Freshener,Felight Cat Litter Freshener300ml,£1.40,46.7p per 100ml,
Felight Eco Antibacterial Cat Litter,Felight Eco Antibacterial Cat Litter10L,£5.50,5.5p per 100ml,"Offer price £5.50, was £6.50"
Felix As Good As It Looks Favourites Selection in Jelly Wet Cat Food,Felix As Good As It Looks Favourites Se…12 x 100g,£5,£4.17 per kg,
Felix As Good As It Looks Kitten Fish Selection in Jelly Wet Cat Food,Felix As Good As It Looks Kitten Fish Sel…12 x 100g,£5,£4.17 per kg,
Felix As Good As It Looks Kitten Mixed Selection in Jelly Wet Cat Food ,Felix As Good As It Looks Kitten Mixed Se…12 x 100g,£5,£4.17 per kg,
Felix As Good As It Looks Meaty Selection in Jelly Wet Cat Food,Felix As Good As It Looks Meaty Selec…12 x 100g,£5,£4.17 per kg,
Felix As Good As It Looks Meaty Selection in Jelly Wet Cat Food,Felix As Good As It Looks Meaty Selec…12 x 100g,£5,£4.17 per kg,
Felix As Good As It Looks Mixed Selection in Jelly Wet Cat Food,Felix As Good As It Looks Mixed Selec…40 x 100g,£15,£3.75 per kg,
Felix As Good As It Looks Ocean Feasts Fish Selection in Jelly Wet Cat Food,Felix As Good As It Looks Ocean…12 x 100g,£5,£4.17 per kg,
Felix As Good As It Looks Ocean Feasts Fish selection in Jelly Wet Cat Food,Felix As Good As It Looks Ocean…40 x 100g,£15,£3.75 per kg,
Felix As Good As It Looks Senior Fish Selection in Jelly Wet Cat Food,Felix As Good As It Looks Senior Fish Sel…12 x 100g,£5,£4.17 per kg,
Felix As Good As It Looks Senior Meat Selection in Jelly Wet Cat Food,Felix As Good As It Looks Senior Meat Sel…12 x 100g,£5,£4.17 per kg,
Felix As Good As It Looks Senior Mixed Selection in Jelly Wet Cat Food,Felix As Good As It Looks Senior Mixed Se…12 x 100g,£5,£4.17 per kg,
Felix As Good As It Looks Senior Mixed Selection in Jelly Wet Cat Food,Felix As Good As It Looks Senior Mixed Se…40 x 100g,£15,£3.75 per kg,
Felix As Good As It Looks Vegetable Selection in Jelly Wet Cat Food,Felix As Good As It Looks Vegetable Sel…12 x 100g,£5,£4.17 per kg,
Felix Cat Food Poultry Selection in Jelly,Felix Cat Food Poultry Selection in Jelly12 x 100g,£4.65,£3.88 per kg,
Felix Crispies Cat Treats Beef & Chicken,Felix Crispies Cat Treats Beef & Chicken45g,£1.10,£24.44 per kg,Buy 2 for £2
Felix Crispies Cat Treats Beef & Chicken,Felix Crispies Cat Treats Beef & Chicken180g,£3.80,£2.11 per 100g,
Felix Crispies Cat Treats Salmon & Trout,Felix Crispies Cat Treats Salmon & Trout45g,£1.10,£24.44 per kg,Buy 2 for £2
Felix Crispies Cat Treats Salmon & Trout,Felix Crispies Cat Treats Salmon & Trout180g,£3.80,£2.11 per 100g,
Felix Deliciously Sliced Ocean Selection,Felix Deliciously Sliced Ocean Selection12 x 80g,£5,52.1p per 100g,
Felix Doubly Delicious Fish Selection in Jelly Wet Cat Food ,Felix Doubly Delicious Fish Selecti…12 x 100g,£5,£4.17 per kg,
Felix Doubly Delicious Meat Selection in Jelly Wet Cat Food,Felix Doubly Delicious Meat Selec…12 x 100g,£5,£4.17 per kg,
Felix Doubly Delicious Meat Selection in Jelly Wet Cat Food ,Felix Doubly Delicious Meat Selecti…40 x 100g,£15,£3.75 per kg,
Felix Doubly Delicious Ocean Recipes in Jelly Wet Cat Food,Felix Doubly Delicious Ocean Reci…12 x 100g,£5,£4.17 per kg,
Felix Doubly Delicious Senior Meaty Selection in Jelly Wet Cat Food,Felix Doubly Delicious Senior Meaty Sel…12 x 100g,£5,£4.17 per kg,
Felix Fish Selection in Jelly Wet Cat Food,Felix Fish Selection in Jelly Wet Cat Food12 x 100g,£4.65,£3.88 per kg,
Felix Fish Selection In Jelly Wet Cat Food,Felix Fish Selection In Jelly Wet Cat Food40 x 100g,£13.50,£3.38 per kg,
Felix Goody Bag Cat Treats Mixed Grill,Felix Goody Bag Cat Treats Mixed Grill60g,£1.10,£18.33 per kg,Buy 2 for £2
Felix Goody Bag Cat Treats Original Mix,Felix Goody Bag Cat Treats Original Mix60g,£1.10,£18.33 per kg,Buy 2 for £2
Felix Goody Bag Cat Treats Original Mix,Felix Goody Bag Cat Treats Original Mix200g,£3.80,£19.00 per kg,
Felix Goody Bag Cat Treats Seaside Mix,Felix Goody Bag Cat Treats Seaside Mix60g,£1.10,£18.33 per kg,Buy 2 for £2
Felix Kitten Mixed Selection in Jelly Wet Cat Food,Felix Kitten Mixed Selectio…12 x 100g,£4.65,£3.88 per kg,
Felix Kitten Mixed Selection in Jelly Wet Cat Food,Felix Kitten Mixed Selectio…12 x 100g,£4.65,£3.88 per kg,
Felix Mix Cat Treat Snack Box ,Felix Mix Cat Treat Snack Box 765g,£16.30,£21.31 per kg,
Felix Mixed Selection in Gravy Wet Cat Food,Felix Mixed Selection in Gravy Wet Cat Food12 x 100g,£4.65,£3.88 per kg,
Felix Mixed Selection in Jelly Wet Cat Food,Felix Mixed Selection in Jelly Wet Cat Food12 x 100g,£4.65,£3.88 per kg,
Felix Mixed Selection In Jelly Wet Cat Food,Felix Mixed Selection In Jelly Wet Cat Food40 x 100g,£13.50,£3.38 per kg,
Felix Naturally Delicious Cat Treats Chicken,Felix Naturally Delicious Cat Treats Chicken50g,£1.35,£27.00 per kg,Buy 2 for £2
Felix Naturally Delicious Cat Treats Salmon ,Felix Naturally Delicious Cat Treats Salmon 50g,£1.35,£27.00 per kg,Buy 2 for £2
Felix Naturally Delicious Countryside Selection,Felix Naturally Delicious Countryside Selection12 x 80g,£5,52.1p per 100g,
Felix Naturally Delicious Mixed Selection in Jelly Wet Cat Food,Felix Naturally Delicious Mixed Selec…40 x 80g,£15,£4.69 per kg,
Felix Senior Mixed Chunks in Jelly Wet Cat Food,Felix Senior Mixed Chunks in Jelly Wet Cat Food12 x 100g,£4.65,£3.88 per kg,
Felix Senior Mixed Selection in Jelly Cat Food,Felix Senior Mixed Selection in Jelly Cat Food40 x 100g,£13.50,£3.38 per kg,
Felix Senior Variety Selection in Jelly Wet Cat Food,Felix Senior Variety Selectio…12 x 100g,£4.65,£3.88 per kg,
Felix Soup Cat Food Fish Selection Tender Strips,Felix Soup Cat Food Fish Selection Tender Strips6 x 48g,£1.95,£6.77 per kg,"Offer price £1.95, was £2.30"
Felix Soup Farm Selection Wet Cat Food,Felix Soup Farm Selection Wet Cat Food6 x 48g,£1.95,67.7p per 100g,"Offer price £1.95, was £2.30"
Felix Soup Fish Selection Wet Cat Food,Felix Soup Fish Selection Wet Cat Food6 x 48g,£1.95,67.7p per 100g,"Offer price £1.95, was £2.30"
Felix Soup Meat Strips ,Felix Soup Meat Strips 6 x 48g,£1.95,£6.77 per kg,"Offer price £1.95, was £2.30"
Felix Tasty Shreds Farm Selection in Gravy Wet Cat Food,Felix Tasty Shreds Farm Selecti…12 x 80g,£5,52.1p per 100g,
Felix Tasty Shreds Fish Selection in Gravy Wet Cat Food,Felix Tasty Shreds Fish Selecti…12 x 80g,£5,52.1p per 100g,
Felix Tasty Shreds Mixed Selection in Gravy Wet Cat Food,Felix Tasty Shreds Mixed Select…12 x 80g,£5,52.1p per 100g,
"Forthglade Adult Grain Free Chicken, Liver and Veg Wet Dog Food",Forthglade Adult Grain Free Chicken…395g,£2,50.6p per 100g,
"Forthglade Adult Sardines, Sweet potato & Veg Grain free, wet dog food","Forthglade Adult Sardines, Sweet potato &…395g",£2,50.6p per 100g,
Forthglade Beef & Wild Boar With Vegetables & Apple,Forthglade Beef & Wild Boar W…395g,£2.50,£6.33 per kg,
Forthglade Chicken & Duck With Chickpeas & Pear ,Forthglade Chicken & Duck W…395g,£2.50,£6.33 per kg,
Forthglade Chicken & Sweet Potato,Forthglade Chicken & Sweet Potato2kg,£15,£7.50 per kg,
Forthglade Chicken Liver Rice & Vegetables,Forthglade Chicken Liver Rice & Vegetables395g,£1.90,£4.81 per kg,
Forthglade Cold Pressed Grain Free Chicken & Vegetables Dry Dog Food,Forthglade Cold Pressed Grain Free Chic…1kg,£7.50,£7.50 per kg,
Forthglade complete adult grain free Beef with sweet potato & veg,Forthglade complete adult grain free…395g,£24.60,£6.23 per 100g,
Forthglade Complete Meal Grain Free 6 X 395G,Forthglade Complete Meal Grain Free 6 X 395G6 x 395g,£9.99,42.2p per 100g,
"Forthglade Complete Puppy Duck, Sweet Potato & Veg Grain Free","Forthglade Complete Puppy Duck, Swe…395g",£2,50.6p per 100g,
"Forthglade Complete Puppy Turkey, Butternut Squash & Veg Grain Free","Forthglade Complete Puppy Turkey, Butte…395g",£2,50.6p per 100g,
Forthglade Complete Senior Turkey with Butternut Squash & Veg Grain Free,Forthglade Complete Senior Turk…395g,£2,50.6p per 100g,
Forthglade Gourmet Beef & Wild Boar with Root Veg & Apple Wet Dog Food,Forthglade Gourmet Beef & Wil…395g,£2.50,63.3p per 100g,
Forthglade Gourmet Chicken & Duck with Chickpeas & Pear Wet Dog Food,Forthglade Gourmet Chicken &…395g,£2.50,63.3p per 100g,
Forthglade Gourmet Duck & Venison with Green Beans & Apricot Wet Dog Food,Forthglade Gourmet Duck & Venis…395g,£2.50,63.3p per 100g,
Forthglade Gourmet Turkey & Goose with Duck & Venison Wet Dog Food,Forthglade Gourmet Turkey & Goose with…6 x 395g,£14.65,61.8p per 100g,
Forthglade Grain Free Adult Dog Beef With Sweet Potato & Veg,Forthglade Grain Free Adult Dog Bee…395g,£1.90,£4.81 per kg,
Forthglade Grain Free Adult Natural Lamb,Forthglade Grain Free Adult Natural Lamb395g,£1.90,£4.81 per kg,
Forthglade Grain Free Adult Naturla Turkey,Forthglade Grain Free Adult Naturla Turkey395g,£1.90,£4.81 per kg,
Forthglade Grain Free Duck & Turkey For Small Dogs ,Forthglade Grain Free Duck &…8 x 150g,£7.30,£6.08 per kg,
Forthglade Grain Free Lamb & Chicken For Small Dogs,Forthglade Grain Free Lamb &…8 x 150g,£7.30,£6.08 per kg,
Forthglade National Trust Soft Bites Chicken with Duck Dog Treats,Forthglade National Trust Soft Bites…90g,£2.50,£2.78 per 100g,
Forthglade National Trust Soft Bites Salmon with Herring Dog Treats,Forthglade National Trust Soft Bites Sa…90g,£2.50,£2.78 per 100g,
Forthglade Natural Grain free Adult Fish Variety Pack ,Forthglade Natural Grain free A…12 x 395g,£18.95,40p per 100g,
Forthglade Natural Soft Bites Lamb,Forthglade Natural Soft Bites Lamb90g,£1.80,£20.00 per kg,
Forthglade Natural Soft Bites Salmon,Forthglade Natural Soft Bites Salmon90g,£1.80,£20.00 per kg,
Forthglade Natural Soft Bites Turkey ,Forthglade Natural Soft Bites Turkey 90g,£1.80,£20.00 per kg,
Forthglade Salmon with Potato & Vegetables ,Forthglade Salmon with Potato & Vegetables 395g,£1.90,£4.81 per kg,
Forthglade Turkey & Goose With Pumpkin & Cranberries,Forthglade Turkey & Goose Wit…395g,£2.50,£6.33 per kg,
Forthglade Turkey & Sweet Potato,Forthglade Turkey & Sweet Potato2kg,£15,£7.50 per kg,
Forthglade Variety Complete Meal Adult 1 Yr+,Forthglade Variety Complete Meal Adult 1 Yr+6 x 395g,£9.99,42.2p per 100g,
Freshpet Chicken recipe for Puppy,Freshpet Chicken recipe for Puppy680g,£6,88.2p per 100g,
Freshpet Chunky Beef Recipe With Garden Vegetables For Dogs,Freshpet Chunky Beef Recipe With…680g,£6,88.2p per 100g,
Freshpet Chunky Chicken & Turkey With Vegetables & Rice For Dogs,Freshpet Chunky Chicken & Turkey With…680g,£6,88.2p per 100g,
Freshpet Roasted Meals for Small Dogs,Freshpet Roasted Meals for Small Dogs454g,£6.50,£1.43 per 100g,
Freshpet Rosted Meals Grain Free Chicken Recipe With Vegetables For Dogs ,Freshpet Rosted Meals Grain Free Chicken Re…794g,£10,£1.26 per 100g,
Freshpet Select Homestyle Chicken & Garden Vegetable,Freshpet Select Homestyle Chi…680g,£10,£14.71 per kg,
Freshpet Tender Chicken Recipe With Garden Vegetables For Dogs,Freshpet Tender Chicken Recipe With…680g,£6,88.2p per 100g,
Freshpet Tender Chicken Recipe With Garden Vegetables For Dogs,Freshpet Tender Chicken Recipe With…454g,£4,88.1p per 100g,
Fuzzyard Yeezy Dog Lead Large,Fuzzyard Yeezy Dog Lead Large,£18,£18.00 each,
Go-Cat Adult Dry Cat Food Chicken & Duck,Go-Cat Adult Dry Cat Food Chicken & Duck2kg,£5,£2.50 per kg,
Go-Cat Adult Dry Cat Food Tuna Herring & Veg,Go-Cat Adult Dry Cat Food Tuna Herring & Veg2kg,£5,£2.50 per kg,
Go-Cat Chicken & Duck Dry Cat Food,Go-Cat Chicken & Duck Dry Cat Food750g,£2.50,£3.33 per kg,
Go-Cat Chicken & Duck Dry Cat Food,Go-Cat Chicken & Duck Dry Cat Food320g,£1.50,£4.69 per kg,
"Go-Cat Crunchy & Tender Beef, Chicken & Veg Dry Cat Food","Go-Cat Crunchy & Tender Beef, C…900g",£3.25,£3.61 per kg,"Offer price £3.25, was £3.50"
"Go-Cat Crunchy & Tender Salmon, Tuna & Veg Dry Cat Food",Go-Cat Crunchy & Tender Salmon…900g,£3.25,£3.61 per kg,"Offer price £3.25, was £3.50"
Go-Cat Crunchy & Tender Senior Dry Cat Food Chicken & Veg,Go-Cat Crunchy & Tender Senior Dr…800g,£3.25,£4.07 per kg,"Offer price £3.25, was £3.50"
Go-Cat Indoor Chicken & Veg Dry Cat Food,Go-Cat Indoor Chicken & Veg Dry Cat Food750g,£2.50,£3.33 per kg,
"Go-Cat Junior Chicken, Milk & Veg Dry Cat Food ","Go-Cat Junior Chicken, Milk & Veg Dry Cat Food 750g",£2.50,£3.33 per kg,
Go-Cat Senior Chicken & Veg Dry Cat Food,Go-Cat Senior Chicken & Veg Dry Cat Food750g,£2.50,£3.33 per kg,
"Go-Cat Tuna, Herring & Veg Dry Cat Food","Go-Cat Tuna, Herring & Veg Dry Cat Food750g",£2.50,£3.33 per kg,
"Go-Cat Turkey, Chicken & Veg Dry Cat Food","Go-Cat Turkey, Chicken & Veg Dry Cat Food750g",£2.50,£3.33 per kg,
"Go-Cat With Tuna, Herring & With Vegetables","Go-Cat With Tuna, Herri…320g",£1.50,£4.69 per kg,
Good Boy Beef Strips Dog Treats,Good Boy Beef Strips Dog Treats80g,£2.30,£28.75 per kg,
Good Boy Beef Strips Dog Treats,Good Boy Beef Strips Dog Treats250g,£5.95,£2.38 per 100g,
Good Boy Cheesy Chicken Sticks,Good Boy Cheesy Chicken Sticks60g,£2.30,£3.83 per 100g,
Good Boy Cheesy Chicken Sticks ,Good Boy Cheesy Chicken Sticks 185g,£5.95,£32.16 per kg,
Good Boy Chicken & Calcium Bones Dog Treats,Good Boy Chicken & Calcium Bones Dog Treats260g,£5.95,£2.29 per 100g,
Good Boy Chicken & Hide Twister Dog Treat ,Good Boy Chicken & Hide Twister Dog Treat ,£2.30,,
Good Boy Chicken & Hide Twisters  Dog Treats,Good Boy Chicken & Hide Twisters  Dog Treats70g,£2.30,£32.86 per kg,
Good Boy Chicken & Hide Twisters Dog Treats,Good Boy Chicken & Hide Twisters Dog Treats220g,£5.95,£2.70 per 100g,
Good Boy Chicken & Munchy Dumbbells,Good Boy Chicken & Munchy Dumbbells280g,£5.95,£21.25 per kg,
Good Boy Chicken & Munchy Dumbbells Dog Treats ,Good Boy Chicken & Munchy…90g,£2.30,£2.56 per 100g,
Good Boy Chicken Fillets Dog Treats,Good Boy Chicken Fillets Dog Treats220g,£5.95,£2.70 per 100g,
Good Boy Chicken Mix Up Dog Treats,Good Boy Chicken Mix Up Dog Treats220g,£5.95,£2.70 per 100g,
Good Boy Chicken Strips Dog Treats,Good Boy Chicken Strips Dog Treats80g,£2.30,£28.75 per kg,
Good Boy Chicken Strips Dog Treats,Good Boy Chicken Strips Dog Treats250g,£5.95,£2.38 per 100g,
Good Boy Chicken With Carrot Sticks,Good Boy Chicken With Carrot Sticks220g,£5.95,£2.70 per 100g,
Good Boy Chicken With Carrot Sticks Dogs Treats,Good Boy Chicken With Carrot Sticks Dogs Treats70g,£2.30,£3.29 per 100g,
Good Boy Chicken With Rice Sticks,Good Boy Chicken With Rice Sticks70g,£2.25,£32.14 per kg,
Good Boy Chompers 100% Natural Dental Bone,Good Boy Chompers 100% Natural Dental Bone,£1.80,,
Good Boy Chompers Dental Dinosaur,Good Boy Chompers Dental Dinosaur,£1.80,,
Good Boy Chompers Large Dental Toothbrush,Good Boy Chompers Large Dental Toothbrush,£1.80,,
Good Boy Chunky Chicken & Hide  Twisters Dog Treats,Good Boy Chunky Chicken & Hid…60g,£2.30,£3.83 per 100g,
Good Boy Degradable Poo Bags Dog Accessories,Good Boy Degradable Poo Bags Dog Accessories,£1.10,,Good Boy Dog Accessories Bundle for £5
Good Boy Dog Collar & Lead Set Large,Good Boy Dog Collar & Lead Set Large,£5,,
Good Boy Duck & Calcium Bones Dog Treats,Good Boy Duck & Calcium Bones Dog Treats90g,£2.30,£25.56 per kg,
Good Boy Duck & Hide Twisters Dog Treats,Good Boy Duck & Hide Twisters Dog Treats70g,£2.30,£32.86 per kg,
Good Boy Duck & Hide Twisters Dog Treats,Good Boy Duck & Hide Twisters Dog Treats220g,£5.95,£2.70 per 100g,
Good Boy  Duck & Munchy Dumb Bells Dog Treats,Good Boy  Duck & Munchy Dumb Bells Dog Treats90g,£2.30,£25.56 per kg,
Good Boy Duck Fillets,Good Boy Duck Fillets70g,£2.30,£32.86 per kg,
Good Boy Fetch Dog Toy,Good Boy Fetch Dog Toy,£1.10,,
Good Boy Fresh Pet Wipes Dog Accessories,Good Boy Fresh Pet Wipes Dog Accessories20 per pack,£1.60,8p each,
Good Boy Jumbo Chicken With Carrot Stick,Good Boy Jumbo Chicken With Carrot Stick100g,£3.45,£34.50 per kg,
Good Boy Jumbo Duck & Hide Twister Dog Treats,Good Boy Jumbo Duck & Hide Twister Dog Treats70g,£2.30,£3.29 per 100g,
Good Boy Large Chewy Braid,Good Boy Large Chewy Braid,£2.75,,
Good Boy Moppy Loofah,Good Boy Moppy Loofah,£5,,
Good Boy Pigs In Blankets Dogs Treats,Good Boy Pigs In Blankets Dogs Treats,£2.30,,
Good Boy Pigs In Blankets Dog Treats,Good Boy Pigs In Blankets Dog Treats220g,£5.95,£2.70 per 100g,
Good Boy Pork & Hide Twister Dog Treats,Good Boy Pork & Hide Twister Dog Treats60g,£2.30,£38.33 per kg,
Good Boy Puppy Training Pads Dog Accessories,Good Boy Puppy Training Pads Dog Accessories30 per pack,£5.75,19.2p each,Good Boy Dog Accessories Bundle for £5
Good Boy Squeaky Dog Toy F Each,Good Boy Squeaky Dog Toy F Each,£3.25,,
Good Boy Squeaky Pig,Good Boy Squeaky Pig,£5,,
Good Boy Superlicious Chicken With Broccoli & Sweet Potato Bones,Good Boy Superlicious Chicken With Br…100g,£2.30,£23.00 per kg,
Good Boy Superlicious Chicken With Broccoli & Sweet Potato Sticks,Good Boy Superlicious Chicken With Br…100g,£2,£20.00 per kg,
Good Boy Tough & Tasty Chicken Chomp Stix,Good Boy Tough & Tasty Chicken Chomp Stix60g,£3.25,£54.17 per kg,
Good Boy Tough & Tasty Chicken Large Roll,Good Boy Tough & Tasty Chicken Large Roll80g,£3.25,£40.63 per kg,
Good Boy Triple Flavour Skewers,Good Boy Triple Flavour Skewers72g,£2.30,£31.94 per kg,
Good Girl Cat Play Tunnel,Good Girl Cat Play Tunnel,£3.75,,
Good Girl Cats Eyes Reflective,Good Girl Cats Eyes Reflective,£1.50,,
Good Girl Cat Tent,Good Girl Cat Tent,£5,,
Gourmet Gold Cat Food Pate With Ocean Fish,Gourmet Gold Cat Food Pate With Ocean Fish85g,70p,£8.24 per kg,Buy 6 for £3.50
Gourmet Gold Cat Food Savoury Cake Chicken,Gourmet Gold Cat Food Savoury Cake Chicken85g,70p,£8.24 per kg,Buy 6 for £3.50
Gourmet Gold Cat Food Savoury Cake Meat and Fish,Gourmet Gold Cat Food Savou…8 x 85g,£4.95,72.8p per 100g,
Gourmet Gold Cat Food Savoury Cake Salmon,Gourmet Gold Cat Food Savoury Cake Salmon85g,70p,£8.24 per kg,Buy 6 for £3.50
Gourmet Gold Cat Food Savoury Cake Tuna,Gourmet Gold Cat Food Savoury Cake Tuna85g,70p,£8.24 per kg,Buy 6 for £3.50
Gourmet Gold Chicken and Liver In Gravy,Gourmet Gold Chicken and Liver In Gravy85g,70p,£8.24 per kg,Buy 6 for £3.50
Gourmet Gold Double Delicacies Cat Food,Gourmet Gold Double Delicacies Cat Food8 x 85g,£4.95,£7.28 per kg,
Gourmet Gold Melting Heart Salmon,Gourmet Gold Melting Heart Salmon85g,60p,£7.06 per kg,Buy 6 for £3.50
Gourmet Gold Pate,Gourmet Gold Pate8 x 85g,£4.95,72.8p per 100g,
Gourmet Gold Salmon and Chicken In Gravy,Gourmet Gold Salmon and Chicken In Gravy85g,70p,£8.24 per kg,Buy 6 for £3.50
Gourmet Gold Succulent Delights,Gourmet Gold Succulent Delights8 x 85g,£4.95,72.8p per 100g,
Gourmet Gold Succulent Delights Chicken,Gourmet Gold Succulent Delights Chicken85g,70p,82.4p per 100g,
Gourmet Gold Succulent Delights Salmon,Gourmet Gold Succulent Delights Salmon85g,70p,82.4p per 100g,
Gourmet Gold Tinned Cat Food Terrine With Salmon,Gourmet Gold Tinned Cat Food Terrine With Salmon85g,70p,£8.24 per kg,Buy 6 for £3.50
Gourmet Mon Petit Cat Food Pouches Fish,Gourmet Mon Petit Cat Food Pouches Fish6 x 50g,£1.85,£6.17 per kg,
Gourmet Mon Petit Cat Food Pouches Meat,Gourmet Mon Petit Cat Food Pouches Meat6 x 50g,£1.85,£6.17 per kg,
Gourmet Mon Petit Cat Food Pouches Mixed,Gourmet Mon Petit Cat Food Pouches Mixed6 x 50g,£1.85,£6.17 per kg,
Gourmet Mon Petit Cat Food Pouches Poultry,Gourmet Mon Petit Cat Food Pouches Poultry6 x 50g,£1.85,£6.17 per kg,
Gourmet Mon Petit Intense Cat Food Pouches Fish,Gourmet Mon Petit Intense Cat Food Pouches Fish6 x 50g,£1.85,£6.17 per kg,
Gourmet Nature's Creation Rich in Oceanfish Garnished with Spinach and Rice,Gourmet Nature's Creation Rich…85g,95p,£1.12 per 100g,
Gourmet Natures Creations Cat Food Chicken,Gourmet Natures Creatio…85g,95p,£1.12 per 100g,
Gourmet Natures Creations Cat Food Fish,Gourmet Natures Creations Cat Food Fish8 x 85g,£4.60,67.6p per 100g,"Offer price £4.60, was £6.15"
Gourmet Nature's Creations Slow Cooked Mini Fillets,Gourmet Nature's Creations Sl…8 x 85g,£4.60,67.6p per 100g,"Offer price £4.60, was £6.15"
Gourmet Perle Cat Food Chefs Collection Mixed,Gourmet Perle Cat Food Chefs Collection Mixed12 x 85g,£5.75,£5.64 per kg,
Gourmet Perle Cat Food Ocean Collection,Gourmet Perle Cat Food Ocean Collection40 x 85g,£16.70,£4.91 per kg,
Gourmet Perle Cat Food Pouches Ocean Delicacies,Gourmet Perle Cat Food Pouches Ocean Delicacies12 x 85g,£5.75,£5.64 per kg,
Gourmet Perle Cat Food Seaside Duo Mini Fillets in Gravy,Gourmet Perle Cat Food Seaside…12 x 85g,£5.75,£5.64 per kg,
Gourmet Perle Chef's Collection Mini Fillets In Gravy,Gourmet Perle Chef's Collecti…40 x 85g,£16.70,£4.91 per kg,
Gourmet Perle Chicken Mini Fillets In Gravy ,Gourmet Perle Chicken Mini Fillets In Gravy 85g,70p,£8.24 per kg,
Gourmet Perle Connoisseurs Cat Food Mixed,Gourmet Perle Connois…12 x 85g,£5.75,£5.64 per kg,
Gourmet Perle Country Medley Mini Fillets in Jelly,Gourmet Perle Country Medley Mini Fillets in Jelly12 x 85g,£5.75,£5.64 per kg,
Gourmet Revelations Mousse Cat Food Tuna,Gourmet Revelations Mousse Cat Food Tuna4 x 75g,£2.95,£9.83 per kg,
Gourmet Revelations Mousse Chicken In Gravy Wet Cat Food ,Gourmet Revelations Mousse Chicke…4 x 57g,£2.95,£12.94 per kg,
Gourmet Revelations Mousse Salmon In Gravy Wet Cat Food,Gourmet Revelations Mousse Salm…4 x 57g,£2.95,£12.94 per kg,
Gourmet Solitaire Beef In Tomato Sauce,Gourmet Solitaire Beef In Tomato Sauce85g,95p,£11.18 per kg,
Green Mini Slow Dog Feeder,Green Mini Slow Dog Feeder,£24.99,£24.99 each,
Harringtons Advanced Science Diet Large Breed Dry Dog Food ,Harringtons Advanced Science Diet…2kg,£8,£4.00 per kg,
Harringtons Advanced Science Diet Medium Breed Dry Dog Food ,Harringtons Advanced Science Diet M…2kg,£8,£4.00 per kg,
Harringtons Advanced Science Diet Small Breed Dry Dog Food ,Harringtons Advanced Science Diet…2kg,£8,£4.00 per kg,
Harringtons Chicken with Potato & Vegetables Wet Dog Food Tray,Harringtons Chicken with Potato & V…400g,£1.60,£4.00 per kg,
Harringtons Chicken with Vegetables Wet Dog Food Can,Harringtons Chicken with Vege…400g,£1.60,£4.00 per kg,
Harringtons Dry Adult Cat Food Chicken,Harringtons Dry Adult Cat Food Chicken800g,£4.50,56.3p per 100g,
Harringtons Dry Adult Cat Food Chicken,Harringtons Dry Adult Cat Food Chicken2kg,£8.50,42.5p per 100g,
Harringtons Dry Adult Cat Food Salmon,Harringtons Dry Adult Cat Food Salmon2kg,£8.50,42.5p per 100g,
Harringtons Dry Adult Dog Food Rich in Beef & Rice,Harringtons Dry Adult Dog F…4kg,£7,£1.75 per kg,"Offer price £7, was £9.99"
Harringtons Dry Adult Dog Food Rich in Beef & Rice,Harringtons Dry Adult Dog F…1.7kg,£5,£2.94 per kg,Harringtons Dog Food - Buy Any 3 for £10
Harringtons Dry Adult Dog Food Rich in Chicken & Rice,Harringtons Dry Adult Dog Foo…4kg,£7,£1.75 per kg,"Offer price £7, was £9.99"
Harringtons Dry Adult Dog Food Rich in Chicken & Rice,Harringtons Dry Adult Dog Foo…1.7kg,£5,£2.94 per kg,Harringtons Dog Food - Buy Any 3 for £10
Harringtons Dry Adult Dog Food Rich in Lamb & Rice,Harringtons Dry Adult Dog F…12kg,£29,£2.42 per kg,
Harringtons Dry Adult Dog Food Rich in Lamb & Rice,Harringtons Dry Adult Dog F…4kg,£7,£1.75 per kg,"Offer price £7, was £9.99"
Harringtons Dry Adult Dog Food Rich in Lamb & Rice ,Harringtons Dry Adult Dog Foo…1.7kg,£5,£2.94 per kg,Harringtons Dog Food - Buy Any 3 for £10
Harringtons Dry Adult Dog Food Rich in Salmon & Potato ,Harringtons Dry Adult Dog Food…12kg,£31,£2.58 per kg,
Harringtons Dry Adult Dog Food Rich in Salmon & Potato,Harringtons Dry Adult Dog Food…1.7kg,£5,£2.94 per kg,Harringtons Dog Food - Buy Any 3 for £10
Harringtons Dry Adult Dog Food Rich in Turkey & Veg ,Harringtons Dry Adult Dog Foo…12kg,£29,£2.42 per kg,
Harringtons Dry Adult Dog Food Rich in Turkey & Veg,Harringtons Dry Adult Dog Foo…4kg,£7,£1.75 per kg,"Offer price £7, was £9.99"
Harringtons Dry Adult Dog Food Rich in Turkey & Veg,Harringtons Dry Adult Dog Foo…1.7kg,£5,£2.94 per kg,Harringtons Dog Food - Buy Any 3 for £10
Harringtons Dry Puppy Food Rich in Turkey & Rice ,Harringtons Dry Puppy Food Rich in Turkey & Rice 1.7kg,£5,£2.94 per kg,Harringtons Dog Food - Buy Any 3 for £10
Harringtons Dry Senior Cat Food Chicken ,Harringtons Dry Senior Cat Food Chicken 800g,£4.50,56.3p per 100g,
Harringtons Dry Senior Dog Food Rich in Chicken & Rice,Harringtons Dry Senior Dog Food…1.7kg,£5,£2.94 per kg,Harringtons Dog Food - Buy Any 3 for £10
Harringtons Duck with Potato & Vegetables Wet Dog Food Tray,Harringtons Duck with Potato & Ve…400g,£1.60,£4.00 per kg,
Harringtons Fish Selection in Jelly Wet Cat Food Multi Pack ,Harringtons Fish Selection in Jelly…12 x 85g,£4,£3.92 per kg,"Offer price £4, was £5"
Harringtons Fish Selection in Jelly Wet Senior Cat Food Multi Pack,Harringtons Fish Selection in Jelly Wet…12 x 85g,£4,39.2p per 100g,"Offer price £4, was £5"
Harringtons Fresh Bakes Training Treats For Dogs,Harringtons Fresh Bakes Training Treats For Dogs100g,£1.80,£1.80 per 100g,
Harringtons Grain Free Dry Adult Dog Food Chicken & Sweet Potato ,Harringtons Grain Free Dry Adult Dog…4kg,£16,£4.00 per kg,
Harringtons Grain Free Dry Adult Dog Food Chicken & Sweet Potato ,Harringtons Grain Free Dry Adult Dog…1kg,£4.99,£4.99 per kg,
Harringtons Meaty Beef Meatballs Dog Treats ,Harringtons Meaty Beef Meatballs Dog Treats 70g,£2,£28.57 per kg,"Offer price £2, was £2.50"
Harringtons Meaty Chicken Fillets Dog Treats ,Harringtons Meaty Chicken Fillets Dog Treats 70g,£2,£28.57 per kg,"Offer price £2, was £2.50"
Harringtons Meaty Duck Jerky Dog Treats,Harringtons Meaty Duck Jerky Dog Treats70g,£2,£28.57 per kg,"Offer price £2, was £2.50"
Harringtons Meaty Selection in Gravy Wet Cat Food Multi Pack,Harringtons Meaty Selection in Grav…12 x 85g,£4,£3.92 per kg,"Offer price £4, was £5"
Harringtons Meaty Selection in Jelly Wet Cat Food Multi Pack,Harringtons Meaty Selection in Jell…12 x 85g,£4,£3.92 per kg,"Offer price £4, was £5"
Harringtons Mixed Selection Box    ,Harringtons Mixed Selection Box    8 x 85g,£3.30,£4.85 per kg,
Harringtons Mixed Selection in Gravy Wet Senior Cat Food Multi Pack,Harringtons Mixed Selection…12 x 85g,£4,39.2p per 100g,"Offer price £4, was £5"
Harringtons Mixed Selection in Jelly Wet Cat Food Multi Pack,Harringtons Mixed Selection in Jell…12 x 85g,£4,£3.92 per kg,"Offer price £4, was £5"
Harringtons Mixed Selection in Jelly Wet Cat Food Multi Pack ,Harringtons Mixed Selection in Jell…40 x 85g,£16.50,48.5p per 100g,
Harringtons Mixed Wet Dog Food Trays Multi Pack ,Harringtons Mixed Wet Dog Food Trays Multi Pack 6 x 400g,£6,25p per 100g,"Offer price £6, was £8.50"
Harringtons Poultry Selection in Gravy Wet Cat Food Multi Pack ,Harringtons Poultry Selection in Grav…12 x 85g,£4,£3.92 per kg,"Offer price £4, was £5"
Harringtons Poultry Wet Dog Food Cans Multi Pack ,Harringtons Poultry Wet Dog Food Cans Multi Pack 6 x 400g,£6,£2.50 per kg,"Offer price £6, was £8.50"
Harringtons Poultry Wet Dog Food Trays Multi Pack,Harringtons Poultry Wet Dog Food Trays Multi Pack6 x 400g,£6,£2.50 per kg,"Offer price £6, was £8.50"
Harringtons Salmon with Potato & Vegetables Wet Dog Food Tray,Harringtons Salmon with Potato & Ve…400g,£1.60,£4.00 per kg,
Harringtons Turkey Low Fat Treats,Harringtons Turkey Low Fat Treats100g,£1.80,£18.00 per kg,
Harringtons Turkey with Potato & Vegetables Wet Dog Food Tray ,Harringtons Turkey with Potato & Ve…400g,£1.60,£4.00 per kg,
Harringtons Wet Puppy Food Tray,Harringtons Wet Puppy Food Tray380g,£1.60,£4.21 per kg,
Harringtons Wet Puppy Food Trays Multi Pack,Harringtons Wet Puppy Food Trays Multi Pack6 x 400g,£6,£2.50 per kg,"Offer price £6, was £8.50"
Harvest Suet Coconut Halves,Harvest Suet Coconut Halves5 per pack,£3,60p each,
Henry Wag Dog Drying Bag,Henry Wag Dog Drying Bag,£28.65,£28.65 each,
"Henry Wag Dog Travel Car Harness, Large","Henry Wag Dog Travel Car Harness, Large",£30,£30.00 each,
Henry Wag Microfibre Cleaning Dog Towel,Henry Wag Microfibre Cleaning Dog Towel,£17.25,£17.25 each,
HiLife Feed Me Complete Dry Adult Dog Food Beef with Cheese & Veg,HiLife Feed Me Complete Dry Adult Dog…2kg,£5.90,£2.95 per kg,
"HiLife Feed Me Complete Dry Adult Dog Food Turkey & Chicken, Bacon & Veg",HiLife Feed Me Complete Dry Adu…2kg,£5.90,£2.95 per kg,
"HiLife It's Only Natural Cat Treats 100% Natural Chicken Breast, Grain Free",HiLife It's Only Natural Cat Treats 100% Natu…10g,£1.80,£180.00 per kg,
"HiLife It's Only Natural Cat Treats 100% Natural Duck Breast, Grain Free",HiLife It's Only Natural Cat Treats 100% Na…10g,£1.80,£180.00 per kg,
Hilife Special Care Original Daily Dental Chews,Hilife Special Care Original Daily Dental Chews180g,£4.50,£25.00 per kg,
Hollings Beef Training Treats,Hollings Beef Training Treats,£3.50,,
Hollings Chicken Bone,Hollings Chicken Bone,£1.60,,
Hollings Dog Sausages,Hollings Dog Sausages200g,£4,£2.00 per 100g,
Hollings Dog Treat Pig Ears,Hollings Dog Treat Pig Ears2 per pack,£4,£2.00 each,
Hollings From Sea Sprats ,Hollings From Sea Sprats 100g,£4,£4.00 per 100g,
Hollings Pure Beef Curls ,Hollings Pure Beef Curls 100g,£2.50,£2.50 per 100g,
Hownd Butch Leather Natural Cologne for Man Dogs,Hownd Butch Leather Natural…,£12,£12.00 each,
Hownd Hemp by Hownd Skin Nose and Paw Balm for Dogs,Hownd Hemp by Hownd Skin Nose…50g,£10,£2.00 per 10g,
"Hownd Keep Calm Body Mist for Dogs, 250ml","Hownd Keep Calm Body Mist for Dogs, 250ml",£9,£9.00 each,
Hownd Keep Calm Conditioning Dog Shampoo 250ml,Hownd Keep Calm Condition…,£9,£9.00 each,
Iams Delights Adult 1+ Cat Land & Sea Collection In Jelly,Iams Delights Adult 1+ Cat Land &…8 x 85g,£3.99,58.7p per 100g,
Iams Delights Adult 1+Cat Land Collection In Gravy,Iams Delights Adult 1+Cat Land Collection In Gravy8 x 85g,£3.99,58.7p per 100g,
Iams Delights Senior 7+Cat Land & Sea Collection In Jelly,Iams Delights Senior 7+Cat Land &…8 x 85g,£3.99,58.7p per 100g,
Iams For Vitality Adult 1+ Years With Fresh Chicken,Iams For Vitality Adult 1+ Years With Fresh Chicken800g,£5.35,£6.69 per kg,Buy 2 for £9
Iams For Vitality Adult Small & Medium Dog Food With Fresh Chicken ,Iams For Vitality Adult Small & Medium…2kg,£7.65,£3.83 per kg,Buy 2 for £13
Iams For Vitality Cat Adult 1+ Years With Salmon ,Iams For Vitality Cat Adult 1+ Years With Salmon 800g,£5.35,£6.69 per kg,Buy 2 for £9
Iams For Vitality Dog 1+ Years Light In Fat With Fresh Chicken ,Iams For Vitality Dog 1+ Years Light…2kg,£7.65,£3.83 per kg,Buy 2 for £13
Iams For Vitality Dog Adult 1+ Years Large With Fresh Chicken,Iams For Vitality Dog Adult 1+ Year…2kg,£7.65,£3.83 per kg,Buy 2 for £13
Iams For Vitality Hairball 1+ Years With Fresh Chicken,Iams For Vitality Hairball 1+ Y…800g,£5.35,£6.69 per kg,Buy 2 for £9
Iams For Vitality Kitten 1-12 Months With Chicken,Iams For Vitality Kitten 1…800g,£5.35,66.9p per 100g,Buy 2 for £9
Iams For Vitality Puppy 1 - 12 Months With Fresh Chicken,Iams For Vitality Puppy 1 - 12…2kg,£7.65,£3.83 per kg,Buy 2 for £13
Iams For Vitality Senior 7+ Years With Fresh Chicken,Iams For Vitality Senior 7+ Years With Fresh Chicken800g,£5.35,£6.69 per kg,Buy 2 for £9
Iams For Vitality Senior Small & Medium Dog Food With Fresh Chicken,Iams For Vitality Senior Small & Medium…2kg,£7.65,£3.83 per kg,Buy 2 for £13
"Lily's Kitchen Beef, Potato & Vegetable Dinner","Lily's Kitchen Beef, Potato & Vegetable Dinner400g",£3.20,£8.00 per kg,
Lily's Kitchen Cat Chicken Tasty Cuts In Gravy,Lily's Kitchen Cat Chicken Tasty Cuts In Gravy85g,£1.20,£1.41 per 100g,Buy 2 for £1.80
Lily's Kitchen Cat Ocean Fish Tasty Cuts In Gravy,Lily's Kitchen Cat Ocean Fish Tasty Cuts In Gravy85g,£1.20,£1.41 per 100g,Buy 2 for £1.80
Lily's Kitchen Cat Tasty Cuts In Gravy,Lily's Kitchen Cat Tasty Cuts In Gravy8 x 85g,£9,£1.32 per 100g,
Lily's Kitchen Chicken & Duck Dry Dog Food,Lily's Kitchen Chicken & Duck Dry Dog Food1kg,£9.50,£9.50 per kg,Buy 2 for £16
Lily's Kitchen Chicken & Salmon Dry Puppy Food,Lily's Kitchen Chicken & Salmon Dry Puppy Food1kg,£9.50,£9.50 per kg,Buy 2 for £16
Lily's Kitchen Chicken & Turkey Casserole,Lily's Kitchen Chicken & Turkey Casserole400g,£3.20,£8.00 per kg,
Lily's Kitchen Chicken & Turkey Casserole,Lily's Kitchen Chicken & Turkey Casserole150g,£1.50,£10.00 per kg,
Lily's Kitchen Chomp - Away Chicken Bites,Lily's Kitchen Chomp - Away Chicken Bites70g,£3.50,£5.00 per 100g,Buy 2 for £5
Lily's Kitchen Cottage Pie,Lily's Kitchen Cottage Pie150g,£1.50,£10.00 per kg,
Lily's Kitchen Dog Beef Goulash,Lily's Kitchen Dog Beef Goulash400g,£3.20,80p per 100g,
Lily's Kitchen Dog Chew Sticks With Beef,Lily's Kitchen Dog Chew Sticks With Beef120g,£3,£25.00 per kg,Buy 2 for £5
Lily's Kitchen Dog Chew Sticks With Chicken,Lily's Kitchen Dog Chew Sticks With Chicken120g,£3,£25.00 per kg,Buy 2 for £5
Lily's Kitchen Dog Chew Sticks With Lamb,Lily's Kitchen Dog Chew Sticks With Lamb120g,£3,£25.00 per kg,Buy 2 for £5
Lily's Kitchen Dog Great British Breakfast,Lily's Kitchen Dog Great British Breakfast400g,£3.20,80p per 100g,
Lily's Kitchen Grain Free Recipes,Lily's Kitchen Grain Free Recipes6 x 400g,£18,75p per 100g,
Lily's Kitchen Lamb Dry Dog Food ,Lily's Kitchen Lamb Dry Dog Food 1kg,£9.50,£9.50 per kg,Buy 2 for £16
Lily's Kitchen Lamb Hotpot,Lily's Kitchen Lamb Hotpot150g,£1.50,£10.00 per kg,
Lily's Kitchen Puppy Recipe With Chicken Potatoes & Carrots,Lily's Kitchen Puppy Recipe With…400g,£3.20,80p per 100g,
Lily's Kitchen Scrumptious Duck & Venison Sausages,Lily's Kitchen Scrumptious Duck & Venison Sausages70g,£3.50,£5.00 per 100g,Buy 2 for £5
Lily's Kitchen Sunday Lunch,Lily's Kitchen Sunday Lunch400g,£3.20,£8.00 per kg,
Lily's Kitchen Sunday Lunch,Lily's Kitchen Sunday Lunch150g,£1.50,£10.00 per kg,
Lily's Kitchen Turkey & Trout Senior Recipe Complete Dry Dog Food,Lily's Kitchen Turkey & Trout Senior…1kg,£9.50,95p per 100g,Buy 2 for £16
Lily's Kitchen Whicker Lickin' Chicken,Lily's Kitchen Whicker Lickin' Chicken85g,£1.20,£14.12 per kg,Buy 2 for £1.80
Lily's Kitchen Wild Campfire Stew,Lily's Kitchen Wild Campfire Stew400g,£3.20,£8.00 per kg,
Lily's Kitchen Wild Campfire Stew,Lily's Kitchen Wild Campfire Stew150g,£1.50,£10.00 per kg,
Little Petface Bell Mouse Cat Kitten Toy,Little Petface Bell Mouse Cat Kitten Toy,£2,,
Little Petface Dream Big Teaser Cat Kitten Toy,Little Petface Dream Big Teaser Cat Kitten Toy,£3.50,,
Little Petface Dream Big Teaser Kitten Toy,Little Petface Dream Big Teaser Kitten Toy,£4,£4.00 each,
Little Petface Latex Teddy Bear Puppy Toy,Little Petface Latex Teddy Bear Puppy Toy,£4,£4.00 each,
Little Petface Latex Train Puppy Toy,Little Petface Latex Train Puppy Toy,£4.99,£4.99 each,
Little Petface Little Rocket Puppy Toy,Little Petface Little Rocket Puppy Toy,£5.99,£5.99 each,
Little Petface Moon Kitten Toy,Little Petface Moon Kitten Toy,£3,£3.00 each,
Little Petface Mouse Bell Kitten Toy,Little Petface Mouse Bell Kitten Toy,£2.50,£2.50 each,
Little Petface Pom Pom Cat & Kitten Toys,Little Petface Pom Pom Cat & Kitten Toys,£3,£3.00 each,
Little Petface Pom Poms Cat Kitten Toy,Little Petface Pom Poms Cat Kitten Toy,£2.50,,
Little Petface Puppy Freddi Cord Dog Toy,Little Petface Puppy Freddi Cord Dog Toy,£5.99,£5.99 each,
Little Petface Tripod Puppy Chew,Little Petface Tripod Puppy Chew,£4,£4.00 each,
Meowee Cat-Nippy Chicken Cat Treats,Meowee Cat-Nippy Chicken Cat Treats35g,£1.75,£5.00 per 100g,
Meowee Fillet Strips Tuna,Meowee Fillet Strips Tuna35g,£1.75,£5.00 per 100g,
Meowing Heads Paw Lickin' Chicken Wet Cat Food Pouch,Meowing Heads Paw Lickin' Chi…100g,£1.35,£1.35 per 100g,
Meowing Heads Senior Moments,Meowing Heads Senior Moments450g,£7,£1.56 per 100g,
Meowing Heads Smitten Kitten,Meowing Heads Smitten Kitten450g,£7,£1.56 per 100g,
Meowing Heads So-fish-ticated Salmon,Meowing Heads So-fish-ticated Salmon450g,£7,£1.56 per 100g,
Meowing Heads So-fish-ticated Salmon Wet Cat Food Pouch,Meowing Heads So-fish-ticated S…100g,£1.35,£1.35 per 100g,
Meowing Heads Supurrr Surf & Turf Wet Cat Food Pouch,Meowing Heads Supurrr Surf &…100g,£1.35,£1.35 per 100g,
Meowing Heads Top Cat Turkey Wet Cat Food Pouch,Meowing Heads Top Cat Tur…100g,£1.35,£1.35 per 100g,
Misfits Nasher Sticks Adult Large Dog Treats with Chicken and Beef ,Misfits Nasher Sticks Adult Large Dog T…270g,£1.15,£4.26 per kg,
Misfits Twistos Dog Treats with Beef,Misfits Twistos Dog Treats with Beef105g,£1.15,£1.10 per 100g,
Misfits Twistos Dog Treats with Chicken,Misfits Twistos Dog Treats with Chicken105g,£1.15,£1.10 per 100g,
Misfits Wonky Chomp Adult Medium Dog Treats Liver 2 Stick ,Misfits Wonky Chomp Adult Medium…170g,£1.15,£6.76 per kg,
Morrisons 28 Day Multipack Dental Sticks ,Morrisons 28 Day Multipack Dental Sticks 560g,£3,£5.36 per kg,
Morrisons Antibacterial Clumping Cat Litter,Morrisons Antibacterial Clumping Cat Litter8L,£5.99,74.9p per litre,
Morrisons Antibacterial Light Weight Cat Litter,Morrisons Antibacterial Light Weight Cat Litter8L,£5.99,74.9p per litre,
Morrisons Barley Straw,Morrisons Barley Straw1.5kg,£2.25,£1.50 per kg,
Morrisons Biscuit Mix Selection,Morrisons Biscuit Mix Selection800g,£1.90,£2.38 per kg,
Morrisons Bumper Mixed Jelly Cat Food,Morrisons Bumper Mixed Jelly Cat Food40 x 100g,£12.25,30.6p per 100g,
Morrisons Cat Food Chicken Pate,Morrisons Cat Food Chicken Pate100g,50p,50p per 100g,Morrisons Cat Food Pate - Buy 4 For The Price Of 3
Morrisons Cat Food Fish & Meat Chunks In Jelly,Morrisons Cat Food Fish & Meat Chunks In Jelly12 x 400g,£9,18.8p per 100g,
Morrisons Cat Food Fish Chunks In Jelly,Morrisons Cat Food Fish Chunks In Jelly6 x 400g,£4.95,20.6p per 100g,
Morrisons Cat Food Ham Pate,Morrisons Cat Food Ham Pate100g,50p,50p per 100g,Morrisons Cat Food Pate - Buy 4 For The Price Of 3
Morrisons Cat Food Meat Chunks In Gravy,Morrisons Cat Food Meat Chunks In Gravy12 x 400g,£9,18.8p per 100g,
Morrisons Cat Food Meat Chunks In Gravy,Morrisons Cat Food Meat Chunks In Gravy6 x 400g,£4.95,20.6p per 100g,
Morrisons Cat Food Meaty Feast Chunks In Jelly,Morrisons Cat Food Meaty Feast Chunks In Jelly6 x 400g,£4.95,20.6p per 100g,
Morrisons Cat Milk ,Morrisons Cat Milk 200ml,85p,42.5p per 100ml,
Morrisons Cat Snack Chicken Pillow  ,Morrisons Cat Snack Chicken Pillow  60g,85p,£14.17 per kg,
Morrisons Cat Snack Pillow With Cheese ,Morrisons Cat Snack Pillow With Cheese 60g,85p,£14.17 per kg,
Morrisons Cat Snack Pillow With Salmon ,Morrisons Cat Snack Pillow With Salmon 60g,85p,£14.17 per kg,
Morrisons Chicken & Veg Dry Dog Food,Morrisons Chicken & Veg Dry Dog Food2.5kg,£3.50,14p per 100g,
Morrisons Chicken & Veg Puppy Food,Morrisons Chicken & Veg Puppy Food2.5kg,£3.50,14p per 100g,
Morrisons Chicken Senior Dog Food,Morrisons Chicken Senior Dog Food2.5kg,£3.50,14p per 100g,
Morrisons Complete Beef & Veg Dry Dog Food,Morrisons Complete Beef & Veg Dry Dog Food12kg,£12.25,10.2p per 100g,
Morrisons Complete Beef & Veg Pet Food,Morrisons Complete Beef & Veg Pet Food3kg,£4.25,£1.42 per kg,
Morrisons Complete Cat Food Meat Selection In Jelly Pouches,Morrisons Complete Cat Food Meat…12 x 100g,£3.90,£3.25 per kg,
Morrisons Complete Chicken & Veg Dry Cat Food,Morrisons Complete Chicke…2kg,£3.50,17.5p per 100g,
Morrisons Complete Dog Food Chicken,Morrisons Complete Dog Food Chicken12kg,£12.25,10.2p per 100g,
Morrisons Complete Dog Food Chicken Veg & Rice,Morrisons Complete Dog Food Chicken Veg & Rice3kg,£4.25,£1.42 per kg,
Morrisons Complete Dog Food Chicken Veg & Rice,Morrisons Complete Dog Food Chicken Veg & Rice6kg,£7.75,£1.29 per kg,
Morrisons Complete Dry Cat Food With Chicken & Vegetables,Morrisons Complete Dry Cat Food W…1kg,£1.75,£1.75 per kg,
Morrisons Complete Fish Selection In Jelly Pouches,Morrisons Complete Fish Selection In Jelly Pouches12 x 100g,£3.90,£3.25 per kg,
Morrisons Complete Kitten Selection In Jelly,Morrisons Complete Kitten Selection In Jelly12 x 100g,£3.90,£3.25 per kg,
Morrisons Complete Trout Dry Cat Food,Morrisons Complete Trout Dry Cat Food2kg,£3.50,17.5p per 100g,
Morrisons Dental Stick Large Breeds,Morrisons Dental Stick Large Breeds270g,£1.15,£4.26 per kg,
Morrisons Dental Sticks Medium,Morrisons Dental Sticks Medium7 per pack,95p,13.6p each,
Morrisons Dental Sticks Small,Morrisons Dental Sticks Small7 per pack,90p,12.9p each,
Morrisons Dog Food Beef Pate,Morrisons Dog Food Beef Pate300g,75p,25p per 100g,
Morrisons Dog Food Beef Pate,Morrisons Dog Food Beef Pate150g,65p,43.3p per 100g,
Morrisons Dog Food Chicken Pate,Morrisons Dog Food Chicken Pate300g,75p,25p per 100g,
Morrisons Dog Food Chicken Pate,Morrisons Dog Food Chicken Pate150g,65p,43.3p per 100g,
Morrisons Dog Food In Gravy,Morrisons Dog Food In Gravy12 x 100g,£3.90,32.5p per 100g,
Morrisons Dog Food In Jelly,Morrisons Dog Food In Jelly40 x 100g,£12.25,30.6p per 100g,
Morrisons Dog Food Lamb Pate,Morrisons Dog Food Lamb Pate300g,75p,25p per 100g,
Morrisons Dog Food Lamb Pate,Morrisons Dog Food Lamb Pate150g,65p,43.3p per 100g,
Morrisons Dog Food Meat Chunks In Gravy,Morrisons Dog Food Meat Chunks In Gravy12 x 400g,£9,18.8p per 100g,
Morrisons Dog Food Meat Chunks In Gravy,Morrisons Dog Food Meat Chunks In Gravy24 x 400g,£17.99,18.7p per 100g,
Morrisons Dog Food Meat Chunks In Gravy,Morrisons Dog Food Meat Chunks In Gravy6 x 400g,£4.95,20.6p per 100g,
Morrisons Dog Food Meat Chunks In Jelly,Morrisons Dog Food Meat Chunks In Jelly12 x 400g,£9,18.8p per 100g,
Morrisons Dog Food Meat Chunks In Jelly,Morrisons Dog Food Meat Chunks In Jelly6 x 400g,£4.95,20.6p per 100g,
Morrisons Dog Food Meat Loaf,Morrisons Dog Food Meat Loaf12 x 400g,£9,18.8p per 100g,
Morrisons Dog Food Pate Multi-Pack,Morrisons Dog Food Pate Multi-Pack12 x 150g,£5.20,28.9p per 100g,
Morrisons Dog Pate,Morrisons Dog Pate6 x 300g,£4.20,23.3p per 100g,
 Morrisons Dog Poo Bag With Closure Sticker, Morrisons Dog Poo Bag With Closure Sticker,£2.45,,
Morrisons Fresh Breath Dog Dental Treat,Morrisons Fresh Breath Dog Dental Treat180g,90p,£5.00 per kg,
Morrisons Joint Care Large Dog Snacks,Morrisons Joint Care Large Dog Snacks151g,£1.30,£8.61 per kg,
Morrisons Meadow Hay,Morrisons Meadow Hay,£3,,
Morrisons Meat & Poultry Senior Cat Food In Jelly,Morrisons Meat & Poultry Senior Cat Food In Jelly12 x 100g,£3.90,32.5p per 100g,
Morrisons Meat Filled Bone,Morrisons Meat Filled Bone200g,95p,£4.75 per kg,
Morrisons Meat Filled Bone Small Dog Snacks ,Morrisons Meat Filled Bone Small Dog Snacks 180g,£1.10,£6.11 per kg,
Morrisons Meaty Strips With Beef Pet Food,Morrisons Meaty Strips With Beef Pet Food200g,85p,42.5p per 100g,
Morrisons Meaty Strips With Chicken ,Morrisons Meaty Strips With Chicken 200g,85p,£4.25 per kg,
Morrisons Mixed Puppy Food In Jelly,Morrisons Mixed Puppy Food In Jelly12 x 100g,£3.90,32.5p per 100g,
Morrisons Mixed Senior Cat Food In Jelly,Morrisons Mixed Senior Cat Food In Jelly40 x 100g,£12.25,30.6p per 100g,
Morrisons Mixer Dog Food ,Morrisons Mixer Dog Food 2kg,£2.75,£1.38 per kg,
Morrisons Natural Complete Adult Cat Chicken ,Morrisons Natural Complet…800g,£2.85,£3.56 per kg,
Morrisons Natural Complete Adult Dog Salmon ,Morrisons Natural Compl…2kg,£5.25,£2.63 per kg,
Morrisons Premium Adult Dog Pouch Chicken In Jelly ,Morrisons Premium Adult Dog Pouch Chicken In Jelly 12 x 85g,£4.15,£4.07 per kg,
Morrisons Premium Dog Pate Beef And Chicken ,Morrisons Premium Dog Pate Beef And Chicken 6 x 400g,£5.25,£2.19 per kg,
Morrisons Premium Dog Pate Chicken,Morrisons Premium Dog Pate Chicken6 x 400g,£5.25,£2.19 per kg,
Morrisons Premium Pate With Beef & Chicken For Adult Dogs ,Morrisons Premium Pate With Beef…300g,99p,£3.30 per kg,
Morrisons Premium Pate With Beef And Chicken For Adult Dogs,Morrisons Premium Pate With Beef…150g,70p,£4.67 per kg,
Morrisons Premium Pate With Chicken For Adult Dogs ,Morrisons Premium Pate With C…150g,70p,£4.67 per kg,
Morrisons Premium Pate With Chicken For Adult Dogs ,Morrisons Premium Pate With C…300g,99p,£3.30 per kg,
Morrisons Puppy Food Meat Chunks In Jelly,Morrisons Puppy Food Meat Chunks In Jelly6 x 400g,£4.95,20.6p per 100g,
Morrisons Savers Cat Litter,Morrisons Savers Cat Litter10kg,£1.95,19.5p per kg,
Morrisons Senior Cat Food Chicken Pate,Morrisons Senior Cat Food Chicken Pate100g,50p,50p per 100g,Morrisons Cat Food Pate - Buy 4 For The Price Of 3
Morrisons Senior Dog Food In Gravy,Morrisons Senior Dog Food In Gravy12 x 100g,£3.90,32.5p per 100g,
Morrisons Senior Dog Food Meat Chunks In Jelly,Morrisons Senior Dog Food Meat Chunks In Jelly6 x 400g,£4.95,20.6p per 100g,
Morrisons Super Absorbent Cat Litter,Morrisons Super Absorbent Cat Litter10L,£4.50,45p per litre,
Morrisons Twisters Chicken Dog Snacks,Morrisons Twisters Chicken Dog Snacks140g,£1.10,£7.86 per kg,
Morrisons Ultra Super Fine Clumping Cat Litter,Morrisons Ultra Super Fine Clumping Cat Litter5L,£4.50,90p per litre,
Morrisons Wild Bird Dried Mealworms ,Morrisons Wild Bird Dried Mealworms 100g,£2,£20.00 per kg,
Morrisons Wild Bird Peanuts,Morrisons Wild Bird Peanuts2kg,£7.25,£3.63 per kg,
Morrisons Wild Bird Peanuts,Morrisons Wild Bird Peanuts750g,£3.15,£4.20 per kg,
Morrisons Wild Bird Seed ,Morrisons Wild Bird Seed 2.5kg,£4,£1.60 per kg,
Morrisons Wild Bird Seed ,Morrisons Wild Bird Seed 4kg,£5.10,£1.28 per kg,
Morrisons Wild Bird Seed 1,Morrisons Wild Bird Seed 11kg,£1.70,£1.70 per kg,
Morrisons Wild Bird Suet Pellets ,Morrisons Wild Bird Suet Pellets 2.5kg,£6,£2.40 per kg,
Morrisons Wild Bird Suet Pellets With Mealworm,Morrisons Wild Bird Suet Pellets With Mealworm500g,£1.60,£3.20 per kg,
Morrisons Wild Bird Sunflower Hearts,Morrisons Wild Bird Sunflower Hearts1kg,£4.10,£4.10 per kg,
Morrisons Worker Dog Food Meat Chunks In Gravy,Morrisons Worker Dog Food…24 x 400g,£14.75,15.4p per 100g,
Morrisons Worker Dry Dog Food,Morrisons Worker Dry Dog Food3kg,£3.20,10.7p per 100g,
Morrisons Working Dog Complete Beef & Vegetables,Morrisons Working Dog Compl…12kg,£9.99,83.3p per kg,
National Trust CJ Wildlife Anna Recycled Cake Feeder for Wild Birds,National Trust CJ Wildlife Anna Recycle…,£4,£4.00 each,
National Trust CJ Wildlife Dried Mealworms,National Trust CJ Wildlife Dried Mealworms250g,£7.50,£3.00 per 100g,
National Trust CJ Wildlife Dublin Wild Bird Peanut Butter Feeder,National Trust CJ Wildlife Dublin Wil…,£5.95,£5.95 each,
National Trust CJ Wildlife Duck & Swan Blend,National Trust CJ Wildlife Duck & Swan Blend1.5L,£2.85,£1.90 per litre,
National Trust CJ Wildlife Fat Balls For Wild Birds 30pk,National Trust CJ Wildlife Fat…,£9,£9.00 each,
National Trust CJ Wildlife Fat Balls For Wild Birds 6pk,National Trust CJ Wildlife Fat…,£2,£2.00 each,
National Trust CJ Wildlife Garden Bird Table Seed,National Trust CJ Wildlife Garden Bird Table Seed12.75kg,£22.50,£1.76 per kg,
National Trust CJ Wildlife Garden Wild Bird Feeder Seed,National Trust CJ Wildlife Gard…3L,£3.99,£1.33 per litre,
National Trust CJ Wildlife Gourmet Robin Blend Wild Bird Food,National Trust CJ Wildlife Gourmet…1.5L,£4,£2.67 per litre,
National Trust CJ Wildlife Gourmet Robin Peanut Cake,National Trust CJ Wildlife Go…500ml,£4,£8.00 per litre,
National Trust CJ Wildlife Hi-Energy No Mess Wild Bird Food,National Trust CJ Wildlife Hi-Ene…12.75kg,£38,£2.98 per kg,
National Trust CJ Wildlife Hi-Energy No Mess Wild Bird Food,National Trust CJ Wildlife Hi-Ene…1.7kg,£7.40,£4.35 per kg,
National Trust CJ Wildlife Insect Peanut Cake,National Trust CJ Wildlife Insect Peanut Cake,£2.50,£2.50 each,
National Trust CJ Wildlife Insect Suet Pellets,National Trust CJ Wildlife Insect Suet Pellets,£7.50,£7.50 each,
National Trust CJ Wildlife Oil Rich Wild Bird Peanuts,National Trust CJ Wildlife Oil Rich Wild Bird Peanuts12.75kg,£35,£2.75 per kg,
National Trust CJ Wildlife Original Peanut Butter for Birds,National Trust CJ Wildlife Origin…,£2.85,£2.85 each,
National Trust CJ Wildlife Premium Sunflower Hearts Wild Bird Food,National Trust CJ Wildlife Premium Sunf…1.6kg,£7.50,£4.69 per kg,
National Trust CJ Wildlife Sam Recycled Fat Ball Wild Bird Feeder,National Trust CJ Wildlife Sam Recycl…,£3,£3.00 each,
National Trust CJ Wildlife Seed Peanut Cake ,National Trust CJ Wildlife Seed Peanut Cake ,£2.05,£2.05 each,
National Trust CJ Wildlife Small Metal Peanut Feeder,National Trust CJ Wildlife Sm…,£10,£10.00 each,
National Trust CJ Wildlife Vierno Drinker Water Dish for Wild Birds,National Trust CJ Wildlife Vierno Drink…,£8.99,£8.99 each,
National Trust CJ Wildlife Whole Coconut for Wild Birds,National Trust CJ Wildlife Whol…,£4,£4.00 each,
National Trust Green Metal Squirrel Feeder,National Trust Green Metal Squirrel Feeder,£19.99,£19.99 each,
"Naturo Adult Dog Chicken, Lamb & Rice With Vegetables","Naturo Adult Dog Chicken, Lam…400g",£1.35,£3.38 per kg,
Naturo Adult Dog Grain Free Chicken & Potato With Vegetables,Naturo Adult Dog Grain Free Chicken…400g,£1.35,£3.38 per kg,
Naturo Adult Dog Grain Free Poultry Variety,Naturo Adult Dog Grain Free Poultry Variety6 x 400g,£7.50,31.3p per 100g,
Naturo Adult Dog Variety,Naturo Adult Dog Variety6 x 400g,£7.50,£3.13 per kg,
Naturo Grain Free Chicken & Potato With Vegetables Adult Dog,Naturo Grain Free Chicken & Potato…2kg,£7.99,40p per 100g,
Naturo Grain Free Puppy Chicken And Potato With  Veg,Naturo Grain Free Puppy Chick…150g,90p,60p per 100g,
Naturo Grain Free Turkey Adult Dog,Naturo Grain Free Turkey Adult Dog2kg,£7.99,40p per 100g,
Peamutt Peanut Butter For Dogs,Peamutt Peanut Butter For Dogs340g,£2,58.8p per 100g,"Offer price £2, was £2.50"
Peckish Complete 6 Natural Balance Energy Balls,Peckish Complete 6 Natura…6 per pack,£1.50,25p each,
Peckish Complete Seed & Nut Mix,Peckish Complete Seed & Nut Mix1kg,£3.10,£3.10 per kg,
Peckish Complete Suet Bites,Peckish Complete Suet Bites1kg,£4.60,£4.60 per kg,
Peckish Extra Goodness Suet Balls ,Peckish Extra Goodness Suet Balls 4 per pack,£1.75,43.8p each,
Peckish No Grow Seed Mix,Peckish No Grow Seed Mix1.7kg,£4.99,29.4p per 100g,
Peckish Winter Warmer Seed Mix,Peckish Winter Warmer Seed Mix1kg,£3,£3.00 per kg,
Peckish Wintr Warmer Suet Cake,Peckish Wintr Warmer Suet Cake,£2,,
Pedigree Adult Wet Dog Food Pouches Farmers Selection in Gravy,Pedigree Adult Wet Dog Food Pouches…40 x 100g,£14.50,£3.63 per kg,
Pedigree Adult Wet Dog Food Pouches Mixed in Gravy ,Pedigree Adult Wet Dog Food P…12 x 100g,£4.99,£4.16 per kg,
Pedigree Adult Wet Dog Food Pouches Mixed in Gravy,Pedigree Adult Wet Dog Food…12 x 100g,£4.99,£4.16 per kg,
Pedigree Adult Wet Dog Food Pouches Mixed in Gravy Giant Pack,Pedigree Adult Wet Dog Food Pouches…80 x 100g,£28,35p per 100g,
Pedigree Adult Wet Dog Food Pouches Mixed In Jelly ,Pedigree Adult Wet Dog Food P…12 x 100g,£4.99,£4.16 per kg,
Pedigree  Adult Wet Dog Food Pouches Mixed Selection in Gravy ,Pedigree  Adult Wet Dog Food Pouche…12 x 100g,£4.99,£4.16 per kg,
Pedigree Adult Wet Dog Food Pouches Mixed Selection in Gravy Mega Pack,Pedigree Adult Wet Dog Food P…40 x 100g,£14.50,36.3p per 100g,
Pedigree Adult Wet Dog Food Tin Original in Loaf,Pedigree Adult Wet Dog Food Tin Original in Loaf400g,£2.10,£5.25 per kg,
Pedigree Adult Wet Dog Food Tins Mixed in Gravy ,Pedigree Adult Wet Dog Food Tins Mixed in Gravy 12 x 400g,£13.75,£2.86 per kg,
Pedigree Adult Wet Dog Food Tins Mixed in Gravy,Pedigree Adult Wet Dog Food Tins Mixed in Gravy6 x 400g,£7,£2.92 per kg,
Pedigree Adult Wet Dog Food Tins Mixed in Jelly ,Pedigree Adult Wet Dog Food Tins Mixed in Jelly 6 x 400g,£7,£2.92 per kg,
Pedigree Adult Wet Dog Food Tins Mixed in Jelly,Pedigree Adult Wet Dog Food Tins Mixed in Jelly6 x 385g,£7,£3.03 per kg,
Pedigree Adult Wet Dog Food Tins Mixed in Jelly,Pedigree Adult Wet Dog Food Tins Mixed in Jelly12 x 385g,£13.75,£2.98 per kg,
Pedigree Biscrok Gravy Bones Adult Dog Treats Original Biscuits,Pedigree Biscrok Gravy Bones Adult Do…400g,£1.50,£3.75 per kg,"Offer price £1.50, was £2.50"
Pedigree Biscrok Gravy Bones Biscuits Original Dog Treats,Pedigree Biscrok Gravy Bones Bisc…10 per pack,£3.90,39p each,
"Pedigree Can Adult Dog Wet Chunks in loaf Original, Chicken & Lamb 12x400g",Pedigree Can Adult Dog Wet Chun…12 x 400g,£13.50,£2.81 per kg,
Pedigree Dentastix Chewy Chunx Maxi Adult Dog Treats Chicken,Pedigree Dentastix Chewy Chunx Maxi…68g,£1.95,£2.87 per 100g,
Pedigree Dentastix Chewy Chunx Mini Adult Small Dog Treat Beef ,Pedigree Dentastix Chewy Chunx Mini A…68g,£1.95,£2.87 per 100g,
Pedigree Dentastix Chewy Chunx Mini Adult Small Dog Treats Chicken,Pedigree Dentastix Chewy Chunx Mini Adu…68g,£1.29,£1.90 per 100g,"Offer price £1.29, was £1.95"
Pedigree Dentastix Daily Adult Large Dog Treats 21 x Dental Sticks,Pedigree Dentastix Daily Adult Large Do…810g,£7,86.4p per 100g,
Pedigree Dentastix Daily Adult Large Dog Treats 4 x Dental Sticks ,Pedigree Dentastix Daily Adult Large Do…154g,£1.95,£1.27 per 100g,Buy 2 for £2.50
Pedigree Dentastix Daily Adult Medium Dog Treats 28 x Dental Sticks,Pedigree Dentastix Daily Adult Medium D…720g,£7,97.2p per 100g,
Pedigree Dentastix Daily Adult Medium Dog Treats 56x Dental Sticks,Pedigree Dentastix Daily Adult Medium D…1.44kg,£15,£10.42 per kg,
Pedigree Dentastix Daily Adult Medium Dog Treats 5 x Dental Sticks,Pedigree Dentastix Daily Adult Medium D…128g,£1.65,£1.29 per 100g,Buy 2 for £2.50
Pedigree Dentastix Daily Adult Small Dog Treats 35 x Dental Sticks ,Pedigree Dentastix Daily Adult Small Do…550g,£7,£1.27 per 100g,
Pedigree Dentastix Daily Adult Small Dog Treats 70 x Dental Sticks,Pedigree Dentastix Daily Adult Small Do…1.1kg,£13,£11.82 per kg,
Pedigree Dentastix Daily Adult Small Dog Treats 7 x Dental Sticks,Pedigree Dentastix Daily Adult Small…110g,£1.95,£17.73 per kg,Buy 2 for £2.50
Pedigree Dentastix Daily Oral Care Large Dogs,Pedigree Dentastix Daily Oral Care Large Dogs42 per pack,£10.99,26.2p each,
Pedigree Dentastix Fresh Adult Large Dog Treats 21 x Dental Sticks,Pedigree Dentastix Fresh Adult Large Do…810g,£6.50,80.2p per 100g,
Pedigree Dentastix Fresh Adult Large Dog Treats 4 x Dental Sticks,Pedigree Dentastix Fresh Adult Large…154g,£1.95,£1.27 per 100g,Buy 2 for £2.50
Pedigree Dentastix Fresh Adult Medium Dog Treats 28 x Dental Sticks,Pedigree Dentastix Fresh Adult Medium D…4 x 180g,£9,£12.50 per kg,
Pedigree Dentastix Fresh Adult Medium Dog Treats 5 x Dental Sticks ,Pedigree Dentastix Fresh Adult Medium D…128g,£1.65,£1.29 per 100g,Buy 2 for £2.50
Pedigree Dentastix Fresh Adult Small Dog Treats 7 x Dental Sticks,Pedigree Dentastix Fresh Adult Small…110g,£1.95,£17.73 per kg,Buy 2 for £2.50
Pedigree Denta Tubo Puppy Dog Dental Treats 3 Sticks,Pedigree Denta Tubo Puppy Dog…3 x 24g,£1.29,£17.92 per kg,
Pedigree Dog Food In Jelly ,Pedigree Dog Food In Jelly 24 x 385g,£27,29.2p per 100g,
Pedigree Dry Complete Adult Small Dog Chicken and Vegetables,Pedigree Dry Complete Adult Small D…3kg,£8.75,£2.92 per kg,
Pedigree Dry Complete Puppy Chicken and Rice ,Pedigree Dry Complete Puppy Chicken and Rice 3kg,£8.75,£2.92 per kg,
Pedigree Dry Mixer Adult Small Dog,Pedigree Dry Mixer Adult Small Dog2kg,£6,£3.00 per kg,
Pedigree Jumbone Adult Medium Dog Treat Beef & Poultry 2 Chews,Pedigree Jumbone Adult Medium Dog T…2 x 180g,£1.95,54.2p per 100g,Buy 2 for £2.50
Pedigree Jumbone Adult Medium Dog Treat Chicken & Lamb 2 Chews,Pedigree Jumbone Adult Medium Dog T…2 x 180g,£1.95,54.2p per 100g,Buy 2 for £2.50
Pedigree Jumbone Mini Adult Small Dog Treats Beef & Poultry 4 Chews,Pedigree Jumbone Mini Adult Small Dog T…4 x 160g,£1.95,30.5p per 100g,Buy 2 for £2.50
Pedigree Jumbone Mini Adult Small Dog Treats Chicken & Lamb 4 Chews,Pedigree Jumbone Mini Adult Small Dog T…4 x 160g,£1.95,30.5p per 100g,Buy 2 for £2.50
Pedigree Markies Adult Dog Treats Marrowbone Biscuits,Pedigree Markies Adult Dog Tr…500g,£1.50,£3.00 per kg,"Offer price £1.50, was £2.50"
Pedigree Markies Biscuits Mini Dog Treats,Pedigree Markies Biscuits Mini Dog Treats12.5kg,£3.10,24.8p per kg,
Pedigree Markies Mini Adult Dog Treats Marrowbone Biscuits ,Pedigree Markies Mini Adult Dog T…500g,£1.50,£3.00 per kg,
Pedigree Mixer Original,Pedigree Mixer Original10kg,£1.60,16p per kg,
Pedigree Puppy Wet Dog Food Pouches Mixed in Jelly,Pedigree Puppy Wet Dog Food…12 x 100g,£4.99,£4.16 per kg,
Pedigree Puppy Wet Dog Food Tins Mixed In Jelly,Pedigree Puppy Wet Dog Food Tins Mixed In Jelly6 x 400g,£7,£2.92 per kg,
Pedigree Ranchos Adult Dog Treats Beef 4 Slices,Pedigree Ranchos Adult Dog Treats Beef 4 Slices60g,£1.65,£27.50 per kg,Buy 2 for £2.50
Pedigree Ranchos Twists Adult Dog Treats Chicken Sticks 40g,Pedigree Ranchos Twists Adult Dog…40g,£1.65,£41.25 per kg,Buy 2 for £2.50
Pedigree Rodeo Adult Dog Treats Beef 7 Sticks,Pedigree Rodeo Adult Dog Treats Beef 7 Sticks7 x 123g,£1.95,22.6p per 100g,Buy 2 for £2.50
Pedigree Rodeo Adult Dog Treats Chicken 7 Sticks,Pedigree Rodeo Adult Dog Treats Chicken 7 Sticks7 x 123g,£1.95,22.6p per 100g,Buy 2 for £2.50
Pedigree Rodeo Duos & Jumbone Medium Dog Treats Mega Box 28 Chews ,Pedigree Rodeo Duos & Jumbo…780g,£6.50,83.3p per 100g,
Pedigree Rodeo Duos Adult Dog Treats Beef & Cheese 7 Chews,Pedigree Rodeo Duos Adult Dog Tre…123g,£1.95,£1.59 per 100g,Buy 2 for £2.50
Pedigree Rodeo Duos Adult Dog Treats Chicken & Bacon 7 Chews,Pedigree Rodeo Duos Adult Dog Treat…123g,£1.95,£1.59 per 100g,Buy 2 for £2.50
Pedigree Schmackos Adult Dog Treats Fish Mix 20 Strips,Pedigree Schmackos Adult Dog Tr…20 x 144g,£1.95,6.8p per 100g,Buy 2 for £2.50
Pedigree Schmackos Adult Dog Treats Meaty Multi Mix 110 Sticks ,Pedigree Schmackos Adult Dog Treats M…790g,£6.50,82.3p per 100g,
Pedigree Schmackos Adult Dog Treats Meaty Multi Mix 20 Strips,Pedigree Schmackos Adult Dog Treats…144g,£1.95,£1.35 per 100g,Buy 2 for £2.50
Pedigree Schmackos Adult Dog Treats Poultry Mix 20 Strips ,Pedigree Schmackos Adult Dog Trea…20 x 144g,£1.95,6.8p per 100g,Buy 2 for £2.50
Pedigree Senior Wet Dog Food Tins Meat In Loaf,Pedigree Senior Wet Dog Food Tins Meat In Loaf6 x 400g,£7,£2.92 per kg,
Pedigree Tasty Minis Adult Dog Treats Beef & Poultry Chewy Slices,Pedigree Tasty Minis Adult Dog Treats…155g,£1.29,£8.32 per kg,
Pedigree Tasty Minis Adult Dog Treats Cheese & Beef Nibbles,Pedigree Tasty Minis Adult Dog Tr…140g,£1.29,£9.21 per kg,"Offer price £1.29, was £1.50"
Pedigree Tasty Minis Adult Dog Treats Chicken & Duck Chewy Cubes,Pedigree Tasty Minis Adult Dog Treats…130g,£1.29,£9.92 per kg,
Pedigree Tasty Minis Puppy Dog Treats Chicken Chewy Cubes,Pedigree Tasty Minis Puppy Dog Tr…125g,£1.29,£1.03 per 100g,
Pedigree Wet Dog Food Pouches Mixed Variety in Jelly,Pedigree Wet Dog Food Pouches…40 x 100g,£14.50,36.3p per 100g,
Perfect Fit Advanced Nutrition Adult Complete Dry Cat Food Chicken,Perfect Fit Advanced Nutrition Adult Co…750g,£4,£5.33 per kg,
Perfect Fit Advanced Nutrition Adult Complete Dry Cat Food Chicken,Perfect Fit Advanced Nutrition Adult Co…2.8kg,£12,£4.29 per kg,
Perfect Fit Advanced Nutrition Adult Complete Dry Cat Food Salmon,Perfect Fit Advanced Nutrition Adult…750g,£4,£5.33 per kg,
Perfect Fit Advanced Nutrition Adult Complete Dry Cat Food Salmon,Perfect Fit Advanced Nutrition Adult…2.8kg,£12,£4.29 per kg,
Perfect Fit Advanced Nutrition Senior Complete Dry Cat Food Chicken,Perfect Fit Advanced Nutrition Senior C…750g,£4,£5.33 per kg,
Perfect Fit Cat Complete Dry Adult 1+ With Chicken,Perfect Fit Cat Complete Dry Adult 1+ With Chicken7g,£3.40,£485.71 per kg,
Petface 3 Pack Sponge Balls Dog Toy,Petface 3 Pack Sponge Balls Dog Toy,£3.50,£3.50 each,
Petface Blue/Grey Dog Bowl 1.45 Litre,Petface Blue/Grey Dog Bowl 1.45 Litre,£2.50,,
Petface Bone Pattern Cream & Green Dog Bowl 20cm,Petface Bone Pattern Cream…,£10.99,£10.99 each,
Petface Buddies Caterpillar Dog Toy,Petface Buddies Caterpillar Dog Toy,£7.99,£7.99 each,
Petface Buddies Sunflower Dog Toy,Petface Buddies Sunflower Dog Toy,£8.99,£8.99 each,
Petface Cat Litter Tray Liners ,Petface Cat Litter Tray Liners 6 per pack,£1,16.7p each,
Petface Catnip Teaser Spider Cat Toy,Petface Catnip Teaser Spider Cat Toy,£3.79,£3.79 each,
Petface Ceramic Fish Bone Cat Bowl,Petface Ceramic Fish Bone Cat Bowl,£4.99,£4.99 each,
Petface Ceramic Red Heart Cat Bowl Flared,Petface Ceramic Red Heart Cat Bowl Flared,£5.99,£5.99 each,
Petface Compact Catnip Card Cat Scratcher,Petface Compact Catnip Card Cat Scratcher,£3.99,£3.99 each,
Petface Degradable Poop Bags ,Petface Degradable Poop Bags 50 per pack,£1.99,4p each,
Petface Deli Dog Bowl Grey Spots 17cm,Petface Deli Dog Bowl Grey Spots 17cm,£4.50,,
Petface Deli Grey Spots Dog Bowl 14cm,Petface Deli Grey Spots Dog Bowl 14cm,£5,£5.00 each,
Petface Dog Poop Bag Dispenser,Petface Dog Poop Bag Dispenser,£2.20,£2.20 each,
Petface Dog Poop Bag Refills,Petface Dog Poop Bag Refills60 per pack,£2.20,3.7p each,
Petface Dog Shaped Dog Toy,Petface Dog Shaped Dog Toy,£4,,
Petface Drawstring Cat Litter Liners Medium 10 per pack,Petface Drawstring Cat Litter L…,£5,£5.00 each,
Petface Farmyard Buddies Mouse Stick Dog Toy,Petface Farmyard Buddies Mouse Stick Dog Toy,£6,£6.00 each,
"Petface Feather Tail Mice Cat Toy, 2pk","Petface Feather Tail Mice Cat Toy, 2pk",£3.80,£3.80 each,
Petface Fish Super Cat Teaser,Petface Fish Super Cat Teaser,£7,£7.00 each,
Petface Foodie Apple Shaped Dog Toy,Petface Foodie Apple Shaped Dog Toy,£3.50,,
Petface Foodie Banana Dog Toy,Petface Foodie Banana Dog Toy,£3.50,,
Petface Foodie Faces Blackberry Dog Toy,Petface Foodie Faces Blackberry Dog Toy,£3.50,,
Petface Foodie Faces Fluffy Sprout Dog Toy,Petface Foodie Faces Fluffy Sprout Dog Toy,£3.50,,
Petface Foodie Faces Pea Pod Dog Toy,Petface Foodie Faces Pea Pod Dog Toy,£3.50,,
Petface Foodie Orange Shaped Dog Toy,Petface Foodie Orange Shaped Dog Toy,£3.50,,
Petface Foodie Pear Dog Toy,Petface Foodie Pear Dog Toy,£3.50,,
Petface Freddie Fox Cat Toy,Petface Freddie Fox Cat Toy,£3.29,£3.29 each,
Petface Fur & Feather Super Cat Teaser,Petface Fur & Feather Super Cat Teaser,£7,£7.00 each,
Petface Furry Carrot Dog Toy,Petface Furry Carrot Dog Toy,£2.95,£2.95 each,
Petface Grey Check Igloo Cat Bed,Petface Grey Check Igloo Cat Bed,£28.99,£28.99 each,
Petface Grey Tweed Oval Pet Bed Medium,Petface Grey Tweed Oval Pet Bed Medium,£39.99,£39.99 each,
Petface Grey Window Pane Square Dog Bed Medium,Petface Grey Window Pane…,£31.99,£31.99 each,
Petface Latex Onion Large Dog Toy,Petface Latex Onion Large Dog Toy,£4,£4.00 each,
Petface Latex Pear Large Dog Toy,Petface Latex Pear Large Dog Toy,£4,£4.00 each,
Petface Luxury Multi Squeak Duck Dog Toy,Petface Luxury Multi Squeak Duck Dog Toy,£6.50,£6.50 each,
Petface Memory Foam MicroFibre Dog Crate Mat Small,Petface Memory Foam MicroFi…,£18.40,£18.40 each,
Petface Mighty Dragon Dog Toy,Petface Mighty Dragon Dog Toy,£8.99,£8.99 each,
Petface Mini Tennis Balls 5 Pack,Petface Mini Tennis Balls 5 Pack5 per pack,£4.50,90p each,
Petface Oink Oink Latex Pig Dog Toy,Petface Oink Oink Latex Pig Dog Toy,£4.99,£4.99 each,
Petface Orange Cat Toy,Petface Orange Cat Toy,£3,£3.00 each,
Petface Peas In A Pod Cat/Kitten Toy,Petface Peas In A Pod Cat/Kitten Toy,£4,,
Petface Peas in a Pod Cat Toy,Petface Peas in a Pod Cat Toy,£5,£5.00 each,
Petface Planet Natural Rubber Treat Ball,Petface Planet Natural Rubber Treat Ball,£5.50,,
Petface Planet Percy Parrot Dog Toy,Petface Planet Percy Parrot Dog Toy,£8,,
Petface Planet Tree Frog Dog Toy,Petface Planet Tree Frog Dog Toy,£10,,
Petface Plush Snake Dog Toy,Petface Plush Snake Dog Toy,£7,,
Petface Reflective Face Blue Cat Collar,Petface Reflective Face Blue Cat Collar,£3,£3.00 each,
Petface Seriously Strong Robot Dog Toy,Petface Seriously Strong Robot Dog Toy,£7,,
Petface Snake Super Cat Teaser,Petface Snake Super Cat Teaser,£7,£7.00 each,
Petface Sponge Balls Dog Toy,Petface Sponge Balls Dog Toy,£1,,
Petface Squeaky Rugby Tennis Ball Dog Toy,Petface Squeaky Rugby Tennis Ball Dog Toy,£4,£4.00 each,
Petface Stainless Steel Dog Dish Medium,Petface Stainless Steel Dog Dish Medium,£3.15,£3.15 each,
Petface Stainless Steel Medium Non Slip Dog Bowl,Petface Stainless Steel Med…,£3,,
Petface Stainless Steel Puppy Dish Dog Bowl,Petface Stainless Steel Puppy Dish Dog Bowl,£1.50,£1.50 each,
Petface Strawberry Cat Toy,Petface Strawberry Cat Toy,£5.99,£5.99 each,
Petface Tennis Balls Dog Toy,Petface Tennis Balls Dog Toy12 per pack,£8.95,74.6p each,
Petface Tennis Balls Dog Toy,Petface Tennis Balls Dog Toy,£1,,
Petface The Dog Deli Chicken Dog Treats,Petface The Dog Deli Chicken Dog Treats,£2.99,£2.99 each,
Petface The Dog Deli Chicken Pop Corn Dog Treats,Petface The Dog Deli Chicke…,£3,£3.00 each,
Petface The Dog Deli Chicken Rolled Sweet Potato Dog Treat,Petface The Dog Deli Chicken Roll…,£2.99,£2.99 each,
Petface The Dog Deli Chicken Skewers Dog Treat,Petface The Dog Deli Chic…,£3.50,£3.50 each,
Petface The Dog Deli Chicken Sweet Potato Sticks Dog Treats,Petface The Dog Deli Chicken Swee…,£3.50,£3.50 each,
Petface The Dog Deli Chicken Wrap Calcium Bones Dog Treats,Petface The Dog Deli Chicken Wrap…,£2.99,£2.99 each,
Petface The Dog Deli Chicken Wrap Nibbles Dog Treats,Petface The Dog Deli Chicken…,£2.99,£2.99 each,
Petface The Dog Deli Chicken Wrapped Tie Bones Dog Treats,Petface The Dog Deli Chicken Wrap…,£2.99,£2.99 each,
Petface The Dog Deli Duck Sausage Slices Dog Treats,Petface The Dog Deli Duck Sausage Slices Dog Treats,£2.99,£2.99 each,
Petface The Dog Deli Duck Whirls Dog Treats,Petface The Dog Deli Duck Whirls Dog Treats,£2.99,£2.99 each,
Petface The Doggie Bistro Chicken Dog Treat Sticks,Petface The Doggie Bistro Chicken Dog Treat Sticks100g,£3,£3.00 per 100g,
Petface Toyz Woven Knotted Rope Bone Dog Toy,Petface Toyz Woven Knot…,£5,,
Petface Toyz Woven Quad Rope Ball Dog Toy,Petface Toyz Woven Quad Rope Ball Dog Toy,£3.50,,
Petface Toyz Woven Rope Ball Dog Toy,Petface Toyz Woven Rope Ball Dog Toy,£2.50,,
Purina Dentalife Activfresh Dental Sticks For Large Dog Sticks,Purina Dentalife Activfresh Dental…4 per pack,£2,50p each,
Purina Dentalife Activfresh Dental Sticks For Medium Dog Sticks,Purina Dentalife Activfresh Dental St…5 per pack,£2,40p each,
Purina Dentalife Activfresh Dental Sticks For Small Dog Sticks,Purina Dentalife Activfresh Dental…7 per pack,£2,28.6p each,
Purina Gourmet Gold Gravy Collection Chunks In Gravy,Purina Gourmet Gold Gravy Col…8 x 85g,£4.95,£7.28 per kg,
Purina Gourmet Gold Savoury Cake Meat & Veg ,Purina Gourmet Gold Savoury Cake Meat & Veg 8 x 85g,£4.95,72.8p per 100g,
Purina Gourmet Perle Connoisseurs Duo Cat Food Meat Mini Fillets in Gravy ,Purina Gourmet Perle Connoisseu…12 x 85g,£5.75,£5.64 per kg,
Purina ONE 7+ Dry Cat Food Rich in Chicken 2.8kg,Purina ONE 7+ Dry Cat Food…2.8kg,£18.70,£6.68 per kg,
Purina ONE 7+ Dry Cat Food Rich in Chicken 750g,Purina ONE 7+ Dry Cat Food Rich in Chicken 750g750g,£4.99,£6.66 per kg,"Offer price £4.99, was £7.40"
Purina One Adult Cat Food Mini Fillets In Gravy ,Purina One Adult Cat Food Mini Fillets In Gravy 40 x 85g,£13.60,£4.00 per kg,"Offer price £13.60, was £17.80"
"Purina ONE Adult Dry Cat Food Coat & Hairball, Rich in Chicken 750g",Purina ONE Adult Dry Cat Food Coat & Ha…750g,£4.99,£6.66 per kg,"Offer price £4.99, was £7.40"
Purina ONE Adult Dry Cat Food Rich In Chicken 200g,Purina ONE Adult Dry Cat Food Rich In Chicken 200g200g,£2,£10.00 per kg,
Purina ONE Adult Dry Cat Food Rich in Chicken 3kg,Purina ONE Adult Dry Cat Food Rich in Chicken 3kg3kg,£18.70,£6.23 per kg,
Purina ONE Adult Dry Cat Food Rich in Chicken 800g,Purina ONE Adult Dry Cat Food Rich in Chicken 800g800g,£4.99,£6.24 per kg,"Offer price £4.99, was £7.40"
Purina ONE Adult Dry Cat Food Rich in Salmon 200g,Purina ONE Adult Dry Cat Food Rich in Salmon 200g200g,£2,£10.00 per kg,
Purina ONE Adult Dry Cat Food Rich in Salmon 3kg,Purina ONE Adult Dry Cat Food Rich in Salmon 3kg3kg,£18.70,£6.23 per kg,
Purina ONE Adult Dry Cat Food Rich in Salmon 800g,Purina ONE Adult Dry Cat Food Rich in Salmon 800g800g,£4.99,£6.24 per kg,"Offer price £4.99, was £7.40"
Purina ONE Dry Kitten Food Rich in Chicken 750g,Purina ONE Dry Kitten Food Rich in Chicken 750g750g,£4.99,£6.66 per kg,"Offer price £4.99, was £7.40"
Purina ONE Indoor Cat Adult Dry Cat Food Rich In Turkey 750g,Purina ONE Indoor Cat Adult Dry Cat…750g,£4.99,£6.66 per kg,"Offer price £4.99, was £7.40"
Purina ONE Light Dry Cat Food Rich in Chicken 750g,Purina ONE Light Dry Cat Food Rich in Chicken 750g750g,£4.99,£6.66 per kg,"Offer price £4.99, was £7.40"
Purina One Selective Palate Cat Food in Sauce,Purina One Selective Palate Cat Food in Sauce8 x 85g,£4.80,70.6p per 100g,
Purina ONE Senior 7+ Cat Food Chicken & Beef,Purina ONE Senior 7+ Cat Food Chicken & Beef8 x 85g,£4.80,£7.06 per kg,
Purina ONE Sensitive Dry Cat Food Rich in Turkey 2.8kg,Purina ONE Sensitive Dry Cat Fo…2.8kg,£18.70,£6.68 per kg,
Purina ONE Sensitive Dry Cat Food Rich in Turkey 750g,Purina ONE Sensitive Dry Cat…750g,£4.99,£6.66 per kg,"Offer price £4.99, was £7.40"
Raaw Complete Pet Food For Your Cat Chicken & Beef Adult Cats,Raaw Complete Pet Food For Your Cat…10 x 100g,£5.60,56p per 100g,
Raaw Complete Pet Food For Your Cat Chicken & Lamb Adult Cats,Raaw Complete Pet Food For Your Cat…10 x 100g,£5.60,56p per 100g,
Raaw Complete Pet Food For Your Dog Beef Adult Dogs,Raaw Complete Pet Food For Yo…6 x 200g,£6.10,50.8p per 100g,
Raaw Complete Pet Food For Your Dog Chicken Adult Dog,Raaw Complete Pet Food For Yo…6 x 200g,£6.10,50.8p per 100g,
Raaw Complete Pet Food For Your Dog Lamb Adult Dogs,Raaw Complete Pet Food For Yo…6 x 200g,£6.10,50.8p per 100g,
Raaw Complete Pet Food For Your Dog Puppy,Raaw Complete Pet Food For Your Dog Puppy6 x 200g,£6.10,50.8p per 100g,
Raaw Complete Working Dog Chicken,Raaw Complete Working Dog Chicken500g,£2.60,52p per 100g,
Rosewood Chewy Twist ,Rosewood Chewy Twist 100g,£2.80,£2.80 per 100g,
Rosewood Chicken & Cheese Bacon Dog Treat,Rosewood Chicken & Cheese Bacon Dog Treat70g,£1.99,£2.84 per 100g,
Rosewood Chicken Coins Dog Treat,Rosewood Chicken Coins Dog Treat70g,£1.99,£2.84 per 100g,
Rosewood Chicken Fillet Minis Training Treats,Rosewood Chicken Fillet Minis Training Treats80g,£2.50,31.3p per 10g,
Rosewood Chicken Meat Balls Dog Treat,Rosewood Chicken Meat Balls Dog Treat70g,£1.99,£2.84 per 100g,
Rosewood Chicken Wrapped Carrot Sticks Dog Treat,Rosewood Chicken Wrapped Ca…70g,£1.99,£2.84 per 100g,
Rosewood Choc Drops For Dogs,Rosewood Choc Drops For Dogs200g,£2,£1.00 per 100g,
Rosewood Hex A Bone Dog Treat,Rosewood Hex A Bone Dog Treat54g,99p,£1.83 per 100g,
Rosewood Leaps & Bounds Crunchy Cheese Cushion Cat Treats,Rosewood Leaps & Bounds Crunchy C…60g,£1.50,£2.50 per 100g,
Rosewood Magic Bone Filled Twists Chicken With Peanut Butter 6 Pack,Rosewood Magic Bone Filled Twists Chick…6 x 32.5g,£2.80,£1.44 per 100g,
Rosewood Meaty Mix Up Dog Treat,Rosewood Meaty Mix Up Dog Treat70g,£1.99,£2.84 per 100g,
Rosewood Natural Nippers Snuggle Heat Cushion Dog Toy,Rosewood Natural Nippers Snug…,£3.25,,
Rosewood Naturals Alfalfa Ring,Rosewood Naturals Alfalfa Ring,£4.50,£4.50 each,
Rosewood Naturals Apple & Pansy Nibble Hearts Small Animal Treat,Rosewood Naturals Apple & Pansy Nibbl…,£2.50,£2.50 each,
Rosewood Naturals Soft 'N' Safe Bedding,Rosewood Naturals Soft 'N' Safe Bedding20g,£1.25,£62.50 per kg,
Rosewood Pigs In Blankets Dog Treat,Rosewood Pigs In Blankets Dog Treat60g,£1.99,£3.32 per 100g,
"Rosewood Reflective Swim-Easy Life Jacket, Large",Rosewood Reflective Swim-Ea…,£26,£26.00 each,
Rosewood Toothbrush Dog Treat,Rosewood Toothbrush Dog Treat50g,99p,£1.98 per 100g,
Rotastak Nature's Nibbles Carrot Nut Sticks,Rotastak Nature's Nibbles Carrot Nut Sticks,£1.50,,
Rotastak Nature's Nibbles Honey Nut Sticks,Rotastak Nature's Nibbles Honey Nut Sticks3 per pack,£1.50,50p each,
Sheba Classics Cat Food Tray Mixed Ocean Collection in Terrine,Sheba Classics Cat Food Tray Mixed…8 x 85g,£4.50,£6.62 per kg,
Sheba Classics Soup Adult Wet Cat Food Pouches with Chicken Fillets,Sheba Classics Soup Adult Wet Cat Food…4 x 40g,£2,£12.50 per kg,
Sheba Classics Soup Adult Wet Cat Food Pouches with Tuna Fillets,Sheba Classics Soup Adult Wet Cat Foo…4 x 40g,£2,£12.50 per kg,
Sheba Classics Wet Cat Food Tray Chicken in Terrine,Sheba Classics Wet Cat Food T…85g,85p,£10.00 per kg,Buy 5 for £3
Sheba Classics Wet Cat Food Tray Salmon in Terrine,Sheba Classics Wet Cat Food…85g,85p,£10.00 per kg,Buy 5 for £3
Sheba Fine Flakes Cat Food Pouches Fish in Gravy,Sheba Fine Flakes Cat Food…12 x 85g,£5.50,53.9p per 100g,
Sheba Fine Flakes Cat Food Pouches Fish In Jelly,Sheba Fine Flakes Cat Food Pouches Fish In Jelly12 x 85g,£5.50,£5.39 per kg,
Sheba Fine Flakes Cat Food Pouches Fish In Jelly Mega Pack,Sheba Fine Flakes Cat Food Pouche…40 x 85g,£16.75,£4.93 per kg,
Sheba Fine Flakes Cat Food Pouches Poultry in Gravy,Sheba Fine Flakes Cat Food Po…12 x 85g,£5.50,53.9p per 100g,
Sheba Fine Flakes Cat Food Pouches Poultry In Jelly,Sheba Fine Flakes Cat Food Po…12 x 85g,£5.50,£5.39 per kg,
Sheba Fine Flakes Cat Food Pouches Poultry in Jelly Giant Pack ,Sheba Fine Flakes Cat Food Pouches Po…80 x 85g,£35,51.5p per 100g,
Sheba Fine Flakes Cat Food Pouches Poultry in Jelly Mega Pack,Sheba Fine Flakes Cat Food Pouches…40 x 85g,£16.75,£4.93 per kg,
Sheba Fine Flakes Cat Food Pouches Succulent Selection in Gravy ,Sheba Fine Flakes Cat Food Pouches Su…12 x 85g,£5.50,53.9p per 100g,
Sheba Fine Flakes Cat Food Pouches Succulent Selection in Jelly,Sheba Fine Flakes Cat Food Pouches Su…12 x 85g,£5.50,£5.39 per kg,
Sheba Fine Flakes Cat Food Tray Salmon in Jelly,Sheba Fine Flakes Cat Food Tray Salmon in Jelly85g,85p,£10.00 per kg,Buy 5 for £3
Sheba Fine Recipes Adult Wet Cat Food Tray Turkey In Gravy,Sheba Fine Recipes Adult Wet Cat…85g,85p,£10.00 per kg,Buy 5 for £3
Sheba Fresh & Fine Wet Cat Food Pouches Beef & Chicken in Gravy,Sheba Fresh & Fine Wet Cat Food Pouch…6 x 50g,£2.30,£7.67 per kg,
Sheba Fresh & Fine Wet Cat Food Pouches Fish in Gravy,Sheba Fresh & Fine Wet Cat Fo…15 x 50g,£5.50,£7.33 per kg,
Sheba Fresh & Fine Wet Cat Food Pouches Poultry in Gravy,Sheba Fresh & Fine Wet Cat Food…15 x 50g,£5.50,£7.33 per kg,
Sheba Fresh & Fine Wet Cat Food Pouches Salmon & Tuna in Gravy,Sheba Fresh & Fine Wet Cat Food Pou…6 x 50g,£2.30,£7.67 per kg,
Sheba Fresh & Fine Wet Cat Food Pouches Tuna & Cod in Gravy,Sheba Fresh & Fine Wet Cat Food P…6 x 50g,£2.30,£7.67 per kg,
Sheba Fresh & Fine Wet Cat Food Pouches Tuna & Salmon in Jelly,Sheba Fresh & Fine Wet Cat Food Pou…6 x 50g,£2.30,£7.67 per kg,
Sheba Natures Collection Cat Food Tray Chicken & Red Pepper in Gravy,Sheba Natures Collection Cat Food Tray…85g,85p,£10.00 per kg,
Sheba Natures Collection Cat Food Trays Mixed in Gravy,Sheba Natures Collection Cat Fo…8 x 85g,£4.50,£6.62 per kg,
Sheba Perfect Portions Adult Wet Cat Food Tray Chicken In Pate,Sheba Perfect Portions Adult Wet Ca…6 x 37.5g,£2.25,£1.00 per 100g,
Sheba Perfect Portions Adult Wet Cat Food Trays Salmon in Pate,Sheba Perfect Portions Adult Wet Ca…6 x 37.5g,£2.25,£1.00 per 100g,
Sheba Perfect Portions Adult Wet Cat Food Trays Turkey in Gravy,Sheba Perfect Portions Adult Wet Cat…6 x 37.5g,£2.25,£10.00 per kg,
Sheba Sauce Lover Adult Wet Cat Food Tray Tuna In Gravy,Sheba Sauce Lover Adult Wet Cat…85g,85p,£10.00 per kg,Buy 5 for £3
Sheba Sauce Lover Cat Food Trays Mixed Collection in Gravy,Sheba Sauce Lover Cat Food Trays…8 x 85g,£4.50,£6.62 per kg,
Sheba Select Slices Cat Food Pouches Fish In Gravy,Sheba Select Slices Cat Foo…12 x 85g,£5.50,£5.39 per kg,
Sheba Select Slices Cat Food Pouches Poultry In Gravy,Sheba Select Slices Cat Food…12 x 85g,£5.50,£5.39 per kg,
Sheba Select Slices Cat Food Pouches Poultry In Gravy Mega Pack,Sheba Select Slices Cat Food Pouches…40 x 85g,£16.75,4.9p per 10g,
Sheba Select Slices Cat Food Tray Beef In Gravy,Sheba Select Slices Cat Food Tray Beef In Gravy85g,85p,£10.00 per kg,Buy 5 for £3
Sheba Select Slices Cat Food Tray Mixed Poultry Collection in Gravy,Sheba Select Slices Cat Food Tray Mixed…8 x 85g,£4.50,£6.62 per kg,
Sheba Select Slices Cat Food Tray With Chicken In Gravy,Sheba Select Slices Cat Food Tr…85g,85p,£10.00 per kg,Buy 5 for £3
Simple Solution Dog Spring Breeze Stain & Odour Remover 750ml,Simple Solution Dog Spring Breeze S…,£9,£9.00 each,
Simply Nibbles Dandelion & Carrot Sticks,Simply Nibbles Dandelion & Carrot Sticks2 x 60g,£2.25,£18.75 per kg,
Simply Nibbles Dande Salad,Simply Nibbles Dande Salad100g,£2,£20.00 per kg,
Simply Nibbles Garden Herbs & Apple Cushions,Simply Nibbles Garden Herbs & Apple Cushions50g,£1.25,£2.50 per 100g,
Simply Nibbles Strawberry & Apple Sticks ,Simply Nibbles Strawberry & Apple Sticks 120g,£2,£1.67 per 100g,
Smart Litter Wood Pellet Litter,Smart Litter Wood Pellet Litter10L,£5.45,54.5p per litre,
Smart Pet Small Animal Wood Shavings Bale ,Smart Pet Small Animal Wood Shavings Bale 1kg,£1,£1.00 per kg,
Soopa Banana & Peanut Butter Dental Stick Dog Treat,Soopa Banana & Peanut Butter…100g,£4,£4.00 per 100g,
Soopa Coconut & Chia Seed Dental Stick Dog Treat,Soopa Coconut & Chia Seed D…100g,£4,£4.00 per 100g,
Soopa Coconut Healthy Dog Treat,Soopa Coconut Healthy Dog Treat100g,£4.55,£4.55 per 100g,
Soopa Cranberry & Sweet Potato Dental Sticks Dog Treats,Soopa Cranberry & Sweet Potato…100g,£4,£4.00 per 100g,
Soopa Cranberry & Sweet Potato Healthy Dog Treat Bites,Soopa Cranberry & Sweet Potato…50g,£3,£6.00 per 100g,
Soopa Kale & Apple Dental Sticks Dog Treats,Soopa Kale & Apple Dental Sticks Dog Treats100g,£4,£4.00 per 100g,
Soopa Kale & Apple Healthy Dog Treat Bites ,Soopa Kale & Apple Healthy Dog Treat Bites 50g,£3,£6.00 per 100g,
Soopa Pumpkin & Carrot Dental Sticks Dog Treats,Soopa Pumpkin & Carrot Dental Sticks Dog Treats100g,£4,£4.00 per 100g,
Soopa Pumpkin & Carrot Healthy Dog Treat Bites,Soopa Pumpkin & Carrot Healthy Dog Treat Bites50g,£3,£6.00 per 100g,
Soopa Sweet Potato Healthy Dog Treat,Soopa Sweet Potato Healthy Dog Treat100g,£4.55,£4.55 per 100g,
The Company of Animals Hands Free Collar,The Company of Animals Hands Free Collar,£14.99,£14.99 each,
Toplife Formula Dog Milk,Toplife Formula Dog Milk200ml,£1.10,£5.50 per litre,
Toplife Kitten Milk,Toplife Kitten Milk200ml,£1.10,£5.50 per litre,
"Toyz Space Ball Dog Toy, Large","Toyz Space Ball Dog Toy, Large",£4.99,£4.99 each,
Uni-ball UMN-S-05 One - Ambition PFP OP,Uni-ball UMN-S-05 One - Ambition PFP OP,£6.55,£6.55 each,
Wagg Active Goodness Complete Rich in Chicken & Veg Dry Adult Dog Food ,Wagg Active Goodness Complete Rich in Chi…5kg,£6,£1.20 per kg,
Wagg Active Goodness Complete Rich in Chicken & Veg Dry Adult Dog Food,Wagg Active Goodness Complete Rich in Chi…1kg,£1.89,£1.89 per kg,
Wagg Active Goodness Complete Rich in Chicken & Veg Dry Adult Dog Food,Wagg Active Goodness Complete Rich in Chi…12kg,£13.50,£1.13 per kg,
Wagg Bacon Roll Dog Treats ,Wagg Bacon Roll Dog Treats 125g,£1.30,£10.40 per kg,Buy 3 for £3
Wagg BBQ Bangers Dog Treats,Wagg BBQ Bangers Dog Treats125g,£1.30,£1.04 per 100g,Buy 3 for £3
"Wagg Beef, Chicken & Lamb Training Dog Treats ","Wagg Beef, Chicken & Lamb Training Dog Treats 125g",£1.30,£10.40 per kg,Buy 3 for £3
Wagg Chicken & Liver Tasty Bones Dog Treats,Wagg Chicken & Liver Tasty Bones Dog Treats125g,£1.30,£1.04 per 100g,Buy 3 for £3
Wagg Complete Rich in Chicken with Gravy Dry Puppy Food,Wagg Complete Rich in Chicken w…2kg,£4.50,£2.25 per kg,
Wagg Ham & Cheese Toastie Dog Treats,Wagg Ham & Cheese Toastie Dog Treats125g,£1.30,£10.40 per kg,Buy 3 for £3
Wagg Meaty Goodness Complete Rich in Beef & Veg Dry Adult Dog Food ,Wagg Meaty Goodness Complete Rich in Be…12kg,£15,£1.25 per kg,
Wagg Meaty Goodness Complete Rich in Beef & Veg Dry Adult Dog Food,Wagg Meaty Goodness Complete Rich in Be…2kg,£3.75,£1.88 per kg,
Wagg Meaty Goodness Complete Rich in Chicken & Veg Dry Adult Dog Food,Wagg Meaty Goodness Complete Rich in Chic…12kg,£15,£1.25 per kg,
Wagg Meaty Goodness Complete Rich in Chicken & Veg Dry Adult Dog Food,Wagg Meaty Goodness Complete Rich in Chic…2kg,£3.75,£1.88 per kg,
Wagg Moist Meaty Chunks Beef Dry Adult Dog Food,Wagg Moist Meaty Chunks B…2.5kg,£5.69,22.8p per 100g,
Wagg Moist Meaty Chunks Chicken Dry Adult Dog Food ,Wagg Moist Meaty Chunks Chick…2.5kg,£5.69,22.8p per 100g,
Wagg Sausage & Mash Dog Treats,Wagg Sausage & Mash Dog Treats125g,£1.30,£10.40 per kg,Buy 3 for £3
Wagg Snack Shots Dog Treats ,Wagg Snack Shots Dog Treats 12 x 25g,£4.50,£15.00 per kg,
Wagg Steak & Chips Dog Treats ,Wagg Steak & Chips Dog Treats 125g,£1.30,£10.40 per kg,Buy 3 for £3
Wagg Turkey Low Fat Dog Treats ,Wagg Turkey Low Fat Dog Treats 125g,£1.30,£10.40 per kg,Buy 3 for £3
Wagg Wheat Free Complete Rich in Chicken & Rice Dry Dog Food,Wagg Wheat Free Complete Rich in Ch…2kg,£4.50,22.5p per 100g,
Webbox 8 Hot Dog Sausages        ,Webbox 8 Hot Dog Sausages        360g,£4,£11.11 per kg,
Webbox Adult Complete Beef and Vegetables ,Webbox Adult Complete Beef and Vegetables 2.5kg,£2.75,£1.10 per kg,
Webbox Adult Complete Chicken and Vegetables ,Webbox Adult Complete Chicken and Vegetables 2.5kg,£2.75,£1.10 per kg,
Webbox Beef Chub Roll,Webbox Beef Chub Roll720g,85p,11.8p per 100g,Buy Any 3 Webbox Chub Rolls For £2
Webbox Cat Easter Egg,Webbox Cat Easter Egg50g,£3,£6.00 per 100g,
Webbox Cat Laser Toy,Webbox Cat Laser Toy,£2.50,,
Webbox Cats Delight 6 Tasty Sticks with Salmon & Trout,Webbox Cats Delight 6 Tasty Sti…6 per pack,£1.20,20p each,
Webbox Cats Delight Chicken & Liver Tasty Sticks,Webbox Cats Delight Chicken…30g,£1.20,40p per 10g,
Webbox Cats Delight Lick-E-Lix with Chicken Tasty Yoghurty Treat Sachets ,Webbox Cats Delight Lick-E-Lix with Chicken…5 x 15g,£1.15,£15.33 per kg,
Webbox Cats Delight Lick-e-Lix with Salmon Tasty Yoghurty Treat Sachets,Webbox Cats Delight Lick-e-Lix with Salmo…5 x 15g,£1.15,£15.33 per kg,
Webbox Cats Delight Tasty Sticks With Cod 6 Sticks,Webbox Cats Delight Tasty S…30g,£1.20,£4.00 per 100g,
Webbox Cats Delight Tasty Sticks With Duck 6 Sticks,Webbox Cats Delight Tasty Sti…30g,£1.20,£4.00 per 100g,
Webbox Cat Tasty Cheese Sticks ,Webbox Cat Tasty Cheese Sticks 30g,£1.20,£40.00 per kg,
Webbox Cat Tasty Salami Sticks ,Webbox Cat Tasty Salami Sticks 30g,£1.20,£40.00 per kg,
Webbox Cat Tasty Sticks Chicken,Webbox Cat Tasty Sticks Chicken14 per pack,£2.40,17.1p each,
Webbox Cat Tasty Sticks Salmon,Webbox Cat Tasty Sticks Salmon14 per pack,£2.40,17.1p each,
Webbox Cat Tasty Tid Bits Chicken,Webbox Cat Tasty Tid Bits Chicken,£1.25,,"Offer price £1.25, was £1.50"
Webbox Cat Tasty Tid Bits Salmon,Webbox Cat Tasty Tid Bits Salmon,£1.25,,"Offer price £1.25, was £1.50"
Webbox Cat Treat Beef & Rabbit,Webbox Cat Treat Beef & Rabbit6 per pack,£1.20,20p each,
Webbox Cat Treat Turkey & Lamb,Webbox Cat Treat Turkey & Lamb6 per pack,£1.20,20p each,
Webbox Character Dog Toy,Webbox Character Dog Toy,£6,,
Webbox Chicken Chips,Webbox Chicken Chips40g,£1.25,£31.25 per kg,
Webbox Chicken Chub Roll,Webbox Chicken Chub Roll720g,85p,£1.18 per kg,Buy Any 3 Webbox Chub Rolls For £2
Webbox Chicken Dog Sticks ,Webbox Chicken Dog Sticks 55g,£1.20,£21.82 per kg,
Webbox Chicken Fillets  ,Webbox Chicken Fillets  100g,£2,£20.00 per kg,
Webbox Chomping Chews Beef,Webbox Chomping Chews Beef200g,£1.20,60p per 100g,
Webbox Chomping Chews Chicken,Webbox Chomping Chews Chicken200g,£1.20,60p per 100g,
Webbox Dog-E-Lix Chicken & Peanut Butter ,Webbox Dog-E-Lix Chicken & Peanut Butter 60g,£2.25,£37.50 per kg,
Webbox Dog-E-Lix Ham & Cheese ,Webbox Dog-E-Lix Ham & Cheese 60g,£2.25,£37.50 per kg,
Webbox Dog Easter Egg,Webbox Dog Easter Egg60g,£3,£5.00 per 100g,
Webbox Dogs Delight Sticks,Webbox Dogs Delight Sticks6 per pack,£1.20,20p each,
Webbox Dogs Delight Tasty Sticks With Chicken,Webbox Dogs Delight Tasty Sticks With Chicken,£1.20,,
Webbox Dog Squeaky Toy,Webbox Dog Squeaky Toy,£2.25,,
Webbox Dog Sticks Beef,Webbox Dog Sticks Beef55g,£1.20,£2.18 per 100g,
Webbox Dog Tasty Cheese Sticks,Webbox Dog Tasty Cheese Sticks30g,£1.20,£40.00 per kg,
Webbox Dog Tasty Turkey Sticks ,Webbox Dog Tasty Turkey Sticks 30g,£1.20,£40.00 per kg,
Webbox Dog Tug Rope,Webbox Dog Tug Rope,£2,,
Webbox Hedgehog Food,Webbox Hedgehog Food400g,£3,75p per 100g,
Webbox Lamb Chub Roll,Webbox Lamb Chub Roll720g,85p,11.8p per 100g,Buy Any 3 Webbox Chub Rolls For £2
Webbox Lick-E-Lix Yoghurt With Cheese & Taurine,Webbox Lick-E-Lix Yoghurt…5 x 15g,£1.15,£1.53 per 100g,
Webbox Lick-E-Lix Yoghurt With Liver Sausage & Cat Grass,Webbox Lick-E-Lix Yoghurt With…5 x 15g,£1.15,£1.53 per 100g,
Webbox Mega Meaty Ham Bones,Webbox Mega Meaty Ham Bones580g,£2.25,£3.88 per kg,
Webbox Multi Dog Toy,Webbox Multi Dog Toy,£3.50,,
Webbox Natural Cat Chicken Mousse ,Webbox Natural Cat Chicken Mousse 85g,75p,£8.82 per kg,
Webbox Natural Cat Salmon Mousse,Webbox Natural Cat Salmon Mousse85g,75p,£8.82 per kg,
Webbox Natural Cat Tuna Mousse  ,Webbox Natural Cat Tuna Mousse  85g,75p,£8.82 per kg,
Webbox Natural Complete Meat Selection In Jelly ,Webbox Natural Complete Meat Selection In Jelly 12 x 100g,£3.75,£3.12 per kg,"Offer price £3.75, was £4"
Webbox Natural Complete Mixed Selection In Gravy ,Webbox Natural Complete Mixed Selection In Gravy 12 x 100g,£3.75,£3.12 per kg,"Offer price £3.75, was £4"
Webbox Natural Dog Chicken In Gravy,Webbox Natural Dog Chicken In Gravy150g,75p,50p per 100g,
Webbox Natural Dog Salmon,Webbox Natural Dog Salmon150g,75p,50p per 100g,
"Webbox Natural Puppy Pate With Chicken, Liver & Vegetables",Webbox Natural Puppy Pate With Ch…150g,75p,50p per 100g,
Webbox Naturals Cat Mousse With Turkey,Webbox Naturals Cat Mousse With Turkey85g,75p,£8.82 per kg,
Webbox Natural Senior 7+ Selection In Jelly,Webbox Natural Senior 7+ Selection In Jelly12 x 100g,£3.75,£3.13 per kg,
Webbox Natural Senior Pate with Chicken & Potato,Webbox Natural Senior Pate…150g,75p,50p per 100g,
Webbox Naturals Senior Mousse with Chicken,Webbox Naturals Senior Mousse with Chicken85g,70p,£8.24 per kg,
Webbox Plush Comfort Dog Toy,Webbox Plush Comfort Dog Toy,£4.50,,
Webbox Plush Cuddle Dog Toy,Webbox Plush Cuddle Dog Toy,£4.50,,
Webbox Plush Fun Dog Toy,Webbox Plush Fun Dog Toy,£3.50,,
Webbox Plush Soft Dog Toy,Webbox Plush Soft Dog Toy,£4.50,,
Webbox Premium Natural Kitten Pouch Selection In Jelly,Webbox Premium Natural Kitten P…12 x 100g,£3.75,£3.13 per kg,
Webbox Premium Natural Sausage With Turkey & Chicken,Webbox Premium Natural Sausag…650g,£1.80,27.7p per 100g,
Webbox Puppy Toy,Webbox Puppy Toy,£2,,
Webbox Squeaky Ball Dog Toy,Webbox Squeaky Ball Dog Toy,£1.50,,
Webbox Squeaky Character Dog Toy,Webbox Squeaky Character Dog Toy,£4.50,,
Webbox Squeaky Fun Dog Toy,Webbox Squeaky Fun Dog Toy,£2.50,,
Webbox Stuffed Pork Rolls ,Webbox Stuffed Pork Rolls 3 per pack,£1,33.3p each,
Webbox Tough And Plush Dog Toy,Webbox Tough And Plush Dog Toy,£6,,
Webbox Tough Ball Dog Toy,Webbox Tough Ball Dog Toy,£3.25,,
Webbox Tough Rope Dog Toy,Webbox Tough Rope Dog Toy,£4,,
Whiskas+ Chicken Dry Cat Food 1.9kg,Whiskas+ Chicken Dry Cat Food 1.9kg1.9kg,£6,£3.16 per kg,
Whiskas 1+ Catch of the Day Mix Adult Wet Cat Food Pouches in Gravy ,Whiskas 1+ Catch of the Day Mix Adult W…12 x 85g,£4.50,44.1p per 100g,
Whiskas 1+ Chef's Choice Mix Adult Wet Cat Food Pouches in Gravy,Whiskas 1+ Chef's Choice Mix Adult We…12 x 85g,£4.50,44.1p per 100g,
Whiskas 1+ Chef's Choice Mix Adult Wet Cat Food Pouches in Gravy,Whiskas 1+ Chef's Choice Mix Adult We…40 x 85g,£13.70,40.3p per 100g,
Whiskas 1+ Chicken Adult Dry Cat Food,Whiskas 1+ Chicken Adult Dry Cat Food300g,£1.45,48.3p per 100g,
Whiskas 1+ Chicken Adult Dry Cat Food,Whiskas 1+ Chicken Adult Dry Cat Food800g,£3.30,41.3p per 100g,
Whiskas 1+ Chicken Adult Dry Cat Food,Whiskas 1+ Chicken Adult Dry Cat Food1.9kg,£6,31.6p per 100g,
Whiskas 1+ Country Collection Mix Adult Wet Cat Food Pouch in Gravy,Whiskas 1+ Country Collection Mix Adult…12 x 85g,£4.50,44.1p per 100g,
Whiskas 1+ Duo Meaty Combos Adult Wet Cat Food Pouches in Jelly,Whiskas 1+ Duo Meaty Combos Adult Wet…12 x 85g,£4.50,44.1p per 100g,
Whiskas 1+ Duo Ocean Delights Adult Wet Cat Food Pouches in Jelly,Whiskas 1+ Duo Ocean Delights Adult W…12 x 85g,£4.50,44.1p per 100g,
Whiskas 1+ Duo Surf and Turf Adult Wet Cat Food Pouches in Jelly ,Whiskas 1+ Duo Surf and Turf Adult We…12 x 85g,£4.50,44.1p per 100g,
Whiskas 1+ Duo Surf and Turf Adult Wet Cat Food Pouches in Jelly,Whiskas 1+ Duo Surf and Turf Adult We…40 x 85g,£13.70,40.3p per 100g,
Whiskas 1+ Fish Favourites Adult Wet Cat Food Pouches in Jelly ,Whiskas 1+ Fish Favourites Adult Wet…12 x 85g,£4.50,44.1p per 100g,
Whiskas 1+ Fish Favourites Adult Wet Cat Food Pouches in Jelly,Whiskas 1+ Fish Favourites Adult We…40 x 85g,£13.70,40.3p per 100g,
Whiskas 1+ Lamb Adult Dry Cat Food,Whiskas 1+ Lamb Adult Dry Cat Food800g,£3.30,41.3p per 100g,
Whiskas 1+ Lamb Adult Dry Cat Food,Whiskas 1+ Lamb Adult Dry Cat Food1.9kg,£6,31.6p per 100g,
Whiskas 1+ Meaty Meals Adult Wet Cat Food Pouches in Gravy,Whiskas 1+ Meaty Meals Adult Wet…12 x 85g,£4.50,44.1p per 100g,
Whiskas 1+ Meaty Meals Adult Wet Cat Food Pouches in Gravy ,Whiskas 1+ Meaty Meals Adult Wet…80 x 85g,£26,38.2p per 100g,
Whiskas 1+ Meaty Meals Adult Wet Cat Food Pouches in Jelly,Whiskas 1+ Meaty Meals Adult Wet…12 x 85g,£4.50,44.1p per 100g,
Whiskas 1+ Mixed Menu Adult Wet Cat Food Pouches in Jelly,Whiskas 1+ Mixed Menu Adult Wet C…12 x 85g,£4.50,44.1p per 100g,
Whiskas 1+ Mixed Menu Adult Wet Cat Food Pouches in Jelly,Whiskas 1+ Mixed Menu Adult Wet C…40 x 85g,£13.70,40.3p per 100g,
Whiskas 1+ Poultry Feasts Adult Wet Cat Food Pouches in Gravy,Whiskas 1+ Poultry Feasts Adult Wet…12 x 85g,£4.50,44.1p per 100g,
Whiskas 1+ Poultry Feasts Adult Wet Cat Food Pouches in Jelly,Whiskas 1+ Poultry Feasts Adult Wet…12 x 85g,£4.50,44.1p per 100g,
Whiskas 1+ Poultry Feasts Adult Wet Cat Food Pouches in Jelly,Whiskas 1+ Poultry Feasts Adult Wet…40 x 85g,£13.70,40.3p per 100g,
Whiskas 1+ Poultry Feasts Adult Wet Cat Food Pouches in Jelly,Whiskas 1+ Poultry Feasts Adult Wet…80 x 85g,£26,38.2p per 100g,
Whiskas 1+ Salmon Adult Dry Cat Food,Whiskas 1+ Salmon Adult Dry Cat Food800g,£3.30,41.3p per 100g,
Whiskas 1+ Tuna Adult Dry Cat Food,Whiskas 1+ Tuna Adult Dry Cat Food300g,£1.45,48.3p per 100g,
Whiskas 1+ Tuna Adult Dry Cat Food,Whiskas 1+ Tuna Adult Dry Cat Food800g,£3.30,41.3p per 100g,
Whiskas 1+ Tuna Adult Dry Cat Food,Whiskas 1+ Tuna Adult Dry Cat Food1.9kg,£6,31.6p per 100g,
Whiskas 11+ Fish Favourites Senior Wet Cat Food Pouches in Jelly,Whiskas 11+ Fish Favourites Senior We…12 x 85g,£4.50,44.1p per 100g,
Whiskas 11+ Poultry Feasts Senior Wet Cat Food Pouches in Jelly,Whiskas 11+ Poultry Feasts Senior Wet…12 x 85g,£4.50,44.1p per 100g,
Whiskas 7+ Chicken Adult Dry Cat Food,Whiskas 7+ Chicken Adult Dry Cat Food800g,£3.30,41.3p per 100g,
Whiskas 7+ Fish Favourites Senior Wet Cat Food Pouches in Jelly,Whiskas 7+ Fish Favourites Senior Wet…12 x 85g,£4.50,44.1p per 100g,
Whiskas 7+ Mixed Menu Senior Wet Cat Food Pouches in Gravy,Whiskas 7+ Mixed Menu Senior Wet…12 x 85g,£4.50,44.1p per 100g,
Whiskas 7+ Poultry Feasts Senior Wet Cat Food Pouches in Gravy,Whiskas 7+ Poultry Feasts Senior We…12 x 85g,£4.50,44.1p per 100g,
Whiskas 7+ Poultry Feasts Senior Wet Cat Food Pouches in Jelly ,Whiskas 7+ Poultry Feasts Senior Wet…12 x 85g,£4.50,44.1p per 100g,
Whiskas 7+ Poultry Feasts Senior Wet Cat Food Pouches in Jelly,Whiskas 7+ Poultry Feasts Senior We…40 x 85g,£13.70,40.3p per 100g,
Whiskas 7+ Poultry Feasts Senior Wet Cat Food Pouches in Jelly,Whiskas 7+ Poultry Feasts Senior We…80 x 85g,£26,38.2p per 100g,
Whiskas Adult Complete Dry Cat Food Biscuits Salmon,Whiskas Adult Complete Dry Ca…1.9kg,£6,£3.16 per kg,
Whiskas Adult Wet Cat Food Chicken in Jelly Tin,Whiskas Adult Wet Cat Food Chicken in Jelly Tin400g,£1.55,38.8p per 100g,
Whiskas Adult Wet Cat Food Pouches Poultry In Jelly Mega Pack,Whiskas Adult Wet Cat Food Pouches…40 x 100g,£13.70,£3.43 per kg,
Whiskas Dentabites Adult Cat Treats with Chicken,Whiskas Dentabites Adult Cat Treats with Chicken50g,£1.10,£2.20 per 100g,
Whiskas Farm Menu Adult Wet Cat Food in Jelly Tin,Whiskas Farm Menu Adult Wet Cat Food in Jelly Tin6 x 400g,£7.75,32.3p per 100g,
Whiskas Kitten Cat Milk Bottle,Whiskas Kitten Cat Milk Bottle3 x 200ml,£3.75,£6.25 per litre,
Whiskas Kitten Chicken Dry Cat Food,Whiskas Kitten Chicken Dry Cat Food300g,£1.45,48.3p per 100g,
Whiskas Kitten Chicken Dry Cat Food,Whiskas Kitten Chicken Dry Cat Food800g,£3.30,41.3p per 100g,
Whiskas Kitten Chicken Dry Cat Food 1.9kg,Whiskas Kitten Chicken Dry Cat Food 1.9kg1.9kg,£6,31.6p per 100g,
Whiskas Kitten Fish Favourites Wet Cat Food Pouches in Jelly,Whiskas Kitten Fish Favourites Wet…12 x 85g,£4.50,44.1p per 100g,
Whiskas Kitten Mixed Menu Wet Cat Food Pouches in Jelly,Whiskas Kitten Mixed Menu Wet C…12 x 85g,£4.50,44.1p per 100g,
Whiskas Kitten Poultry Feasts Wet Cat Food Pouches in Jelly,Whiskas Kitten Poultry Feasts Wet…12 x 85g,£4.50,44.1p per 100g,
Whiskas Pure Delight Cat Food Pouches Poultry in Jelly Mega Pack,Whiskas Pure Delight Cat Food Pouches…40 x 85g,£14.99,44.1p per 100g,
Wild Bird Coconut Fat Feast,Wild Bird Coconut Fat Feast,£1.20,,
Wild Bird High Energy Seed Mix 1.5Kg,Wild Bird High Energy Seed Mix 1.5Kg1.5kg,£3.25,£2.17 per kg,
Wild Bird Insect Fat Feast,Wild Bird Insect Fat Feast,£1.20,,
Wild Bird No Mess Mix 2Kg,Wild Bird No Mess Mix 2Kg2kg,£3.60,£1.80 per kg,
Winalot Dog Food Pouches Mixed in Gravy,Winalot Dog Food Pouches Mixed in Gravy12 x 100g,£4.65,£3.88 per kg,
Winalot Dog Food Pouches Mixed in Gravy ,Winalot Dog Food Pouches Mixed in Gravy 24 x 100g,£9.25,£3.85 per kg,
Winalot Dog Food Pouches Mixed in Gravy,Winalot Dog Food Pouches Mixed in Gravy40 x 100g,£13.50,£3.38 per kg,
Winalot Dog Sunday Dinner Dog Pouches in Gravy,Winalot Dog Sunday Dinner…12 x 100g,£4.65,38.8p per 100g,
Winalot Hearty Duos Duck & Chicken,Winalot Hearty Duos Duck & Chicken24 x 400g,£22.50,£2.34 per kg,
Winalot Hearty Duo Tinned Dog Food Mixed in Jelly,Winalot Hearty Duo Tinned D…6 x 400g,£8,£3.33 per kg,
Winalot Meaty Chunks In Jelly,Winalot Meaty Chunks In Jelly40 x 100g,£13.50,£3.38 per kg,
Winalot Pouches Mixed In Jelly,Winalot Pouches Mixed In Jelly12 x 100g,£4.65,£3.88 per kg,
Winalot Pouches Sunday Dinner Mixed In Gravy,Winalot Pouches Sunday Dinner Mixed In Gravy40 x 100g,£13.50,£3.38 per kg,
Winalot Pouch Senior Chicken & Beef Mixed,Winalot Pouch Senior Chicken & Beef Mixed12 x 100g,£4.65,£3.88 per kg,
Winalot Puppy Beef & Carrot Pouch,Winalot Puppy Beef & Carrot Pouch12 x 100g,£4.65,£3.88 per kg,
Winalot Shapes Dog Treat Biscuits,Winalot Shapes Dog Treat Biscuits800g,£2.20,£2.75 per kg,
Winalot Small Dog Classic Meals In Gravy ,Winalot Small Dog Classic Meals In Gravy 12 x 100g,£4.55,£3.79 per kg,"Offer price £4.55, was £5.20"
Winalot Small Dog Classic Meals In Gravy ,Winalot Small Dog Classic Meals In Gravy 40 x 100g,£16,£4.00 per kg,
Winalot Small Dog Food Pouches Mixed In Jelly,Winalot Small Dog Food Pouches Mixed In Jelly12 x 100g,£4.55,£3.79 per kg,"Offer price £4.55, was £5.20"
Yeowww Blue Cigar Cat Toy,Yeowww Blue Cigar Cat Toy,£6.49,£6.49 each,
Yeowww Catnip Bananas Cat Toy,Yeowww Catnip Bananas Cat Toy,£6.20,£6.20 each,
Yeowww Catnip Cigar Pink Cat Toy,Yeowww Catnip Cigar Pink Cat Toy,£5.70,£5.70 each,
Yeowww Catnip Crayons Cat Toy,Yeowww Catnip Crayons Cat Toy,£10,£10.00 each,
Yeowww Catnip Hearrrt Attack Cat Toy,Yeowww Catnip Hearrrt Attack Cat Toy,£7.50,£7.50 each,
Yeowww Catnip Rainbow Cat Toy,Yeowww Catnip Rainbow Cat Toy,£7.65,£7.65 each,
Yeowww Catnip Stinkies Sardine Tin Cat Toy,Yeowww Catnip Stinkies Sardine Tin Cat Toy,£9,£9.00 each,
"Zeus Better Bones, Rawhide Alternative, Chicken 7.5cm","Zeus Better Bones, Rawhide Al…",£3.50,£3.50 each,
"Zeus Better Bones, Rawhide Alternative, Chicken Twist 7.5cm","Zeus Better Bones, Rawhide Altern…",£4.55,£4.55 each,
"Zeus Better Bones, Rawhide Alternative, Duck & Canberry Stick","Zeus Better Bones, Rawhide Alternat…",£4.55,£4.55 each,
"Zeus Better Bones, Rawhide Alternative, Duck & Cranberry 7.5cm","Zeus Better Bones, Rawhide Alternat…",£3.50,£3.50 each,
"Zeus Better Bones, Rawhide Alternative, Duck & Cranberry Twist","Zeus Better Bones, Rawhide Alternat…",£4.55,£4.55 each,
"Zeus Better Bones, Rawhide Alternative, Lamb & Mint Sticks","Zeus Better Bones, Rawhide Altern…",£4.55,£4.55 each,
"Zeus Better Bones, Rawhide Alternative, Lamb with Mint 7.5cm","Zeus Better Bones, Rawhide Alternat…",£3.50,£3.50 each,
"Zeus Better Bones, Rawhide Alternative, Lamb with Mint Twists","Zeus Better Bones, Rawhide Alternat…",£4.55,£4.55 each,
"Zeus Better Bones, Rawhide Alternative, Wrapped Chicken 7.5cm","Zeus Better Bones, Rawhide Alternat…",£4.55,£4.55 each,
Zeus K9 Fitness Ball Double Tug,Zeus K9 Fitness Ball Double Tug,£6,£6.00 each,
Zeus K9 Fitness Ball Tug Dog Toy,Zeus K9 Fitness Ball Tug Dog Toy,£5.95,£5.95 each,
Zeus K9 Fitness Rope & TPR Ball Tug Dog Toy,Zeus K9 Fitness Rope & TPR Ball Tug Dog Toy,£6.50,£6.50 each,
Zeus K9 Fitness Tough Nylon Tri Bone,Zeus K9 Fitness Tough Nylon Tri Bone,£8.50,£8.50 each,
Zeus K9 Fitness XL Ballastic Twist & Rope Dog Toy,Zeus K9 Fitness XL Ballasti…,£8,£8.00 each,
"Zeus Nosh Flexible Chew Bone, Chicken, Medium","Zeus Nosh Flexible Chew Bone, Chicken, Medium",£5.50,£5.50 each,
"Zeus Nosh Strong Chew Bone, Bacon Flavour, Wishbone, Large Dog Toy","Zeus Nosh Strong Chew Bone, Bacon Flavo…",£9.85,£9.85 each,
"Zeus Nosh Strong Chew Bone, Bacon Flavour, Wishbone, Medium","Zeus Nosh Strong Chew Bone, Bacon…",£6.50,£6.50 each,
"Zeus Nosh Strong Chew Bone, Chicken Flavour","Zeus Nosh Strong Chew Bone, Chicken Flavour",£4,£4.00 each,
