name,Price Per Unit,Price Per Measure,Promotion
Jungle Formula Maximum Insect Repellent Pump with DEET,Jungle Formul…90ml,£10.00,£111.11 per litre,
Radox Feel Ready Shower Gel,Radox Feel Re…250ml,£1.00,40p per 100ml,
Listerine Fresh Burst Mouthwash,Listerine Fresh…500ml,£2.00,40p per 100ml,"Offer price £2, was £3.35"
Radox Revive Shower Gel,Radox Revive Shower Gel250ml,£1.00,40p per 100ml,
Corsodyl Mild Mint Complete Protection Mouthwash,Corsodyl Mild Mint…500ml,£3.00,60p per 100ml,"Offer price £3, was £5"
Lynx Africa Body Spray Deodorant Aerosol,Lynx Africa Bod…150ml,£2.50,£1.67 per 100ml,
Sensodyne Daily Care Soft Bristle Sensitive Toothbrush,Sensodyne Daily…,£2.50,,
New Radox Shower Therapy Active Gel ,New Radox Sho…250ml,£1.00,40p per 100ml,
Sensodyne Repair & Protect Deep Repair Sensitive Toothpaste,Sensodyne Rep…75ml,£3.75,£5.00 per 100ml,"Offer price £3.75, was £5.75"
Jungle Formula Insect Repellent Maximum Aerosol,Jungle Formul…125ml,£10.00,£8.00 per 100ml,
Dove Gradual Self Tan Mousse Medium To Dark,Dove Gradua…150ml,£5.50,£3.67 per 100ml,"Offer price £5.50, was £10"
Lynx Africa Shower Gel,Lynx Africa Shower Gel500ml,£2.75,55p per 100ml,
Sensodyne Sensitive Teeth Toothpaste Sensitivity & Gum Whitening,Sensodyne Sensi…75ml,£3.50,£4.67 per 100ml,"Offer price £3.50, was £5"
Tresemme Salon Styling Extra Hold Hair Spray,Tresemme Salon St…400ml,£4.00,£1.00 per 100ml,"Offer price £4, was £5"
Lynx Epic Fresh Grapefruit & Tropical Pineapple ,Lynx Epic Fresh Gra…150ml,£2.50,£1.67 per 100ml,
Dove Gradual Self Tan Body Mousse Fair To Medium ,Dove Gradual Self T…150ml,£5.50,£3.67 per 100ml,"Offer price £5.50, was £10"
Tresemme Freeze Hold Hairspray,Tresemme Freeze…250ml,£3.00,£1.20 per 100ml,
Simple Soothing Facial Toner ,Simple Soothi…200ml,£3.00,£1.50 per 100ml,Buy 2 for £5
Morrisons Multi Vitamins    ,Morrisons Multi Vitamins    60 per pack,£1.00,1.7p each,
Morrisons Junior Paracetamol Suspension,Morrisons Jun…100ml,£2.15,£2.15 per 100ml,
Morrisons Long Lasting Pain Relief Ibuprofen Capsules,Morrisons Long…8 per pack,£2.00,25p each,
Sensodyne Daily Care Gentle Whitening Sensitive Teeth Toothpaste,Sensodyne Daily Care Gentle…75ml,£2.50,£3.33 per 100ml,
Sensodyne Sensitive Teeth Toothpaste Sensitivity & Gum Original,Sensodyne Sensitive Teeth…75ml,£3.50,£4.67 per 100ml,"Offer price £3.50, was £5"
Lynx Epic Fresh Grapefruit & Pineapple Scent Body Spray For Men ,Lynx Epic Fresh Grapefruit…150ml,£2.50,£1.67 per 100ml,
Simple Triple Protect Moisturiser Spf 30 Protect 'N' Glow,Simple Triple Protect Moisturiser…40ml,£7.00,£17.50 per 100ml,
Neutrogena Norwegian Formula Hand Cream 50ml,Neutrogena Norwegian Fo…50ml,£2.75,£5.50 per 100ml,"Offer price £2.75, was £3.75"
Dove Liquid Beauty Cream Wash Hand Wash,Dove Liquid Beauty Cr…250ml,£1.25,50p per 100ml,
Radox Bath Muscle Soak ,Radox Bath Muscle Soak 500ml,£1.50,30p per 100ml,
Radox  Feel Awake for Men Shower Gel,Radox  Feel Awake for Men Shower Gel250ml,£1,40p per 100ml,
Radox Feel Refreshed Shower Gel,Radox Feel Refreshed Shower Gel250ml,£1,40p per 100ml,
Radox Shower Gel Uplifting ,Radox Shower Gel Uplifting 250ml,£1,40p per 100ml,
Sensodyne Daily Care Deep Clean Gel Sensitive Toothpaste,Sensodyne Daily Care Deep Clean…75ml,£2.50,£3.33 per 100ml,
Sensodyne Repair & Protect Deep Repair Whitening Sensitive Toothpaste,Sensodyne Repair & Protect De…75ml,£3.75,£5.00 per 100ml,"Offer price £3.75, was £5.75"
7th Heaven Charcoal + Black Clay Peel - Off,7th Heaven Charcoal + Black Clay Peel - Off,£2,,
7th Heaven Cucumber Peel Off Mask ,7th Heaven Cucumber Peel Off Mask 10ml,£1,£10.00 per 100ml,
7th Heaven Dead Sea Mud Mask ,7th Heaven Dead Sea Mud Mask 20g,£1,£5.00 per 100g,
7Th Heaven Pink Oxygen Bubble Face Mask,7Th Heaven Pink Oxygen Bubble Face Mask,£2,,
7th Heaven Renew You Collagen Wrinkle Filler,7th Heaven Renew You Collagen Wrinkle Filler,£3,,
7th Heaven Renew You Detox & Replenish Hydrogel Mask,7th Heaven Renew You Detox &…,£5,,
7th Heaven Super Food 24Hr Hydration Sheet Mask Acai,7th Heaven Super Food 24Hr Hy…13g,£2.50,£19.23 per 100g,
7th Heaven Super Food 24Hr Hydration Sheet Mask Avocado Oil ,7th Heaven Super Food 24Hr Hydratio…13g,£2.50,£19.23 per 100g,
7th Heaven Super Food 24Hr Hydration Sheet Mask Tumeric ,7th Heaven Super Food 24Hr Hydr…13g,£2.50,£19.23 per 100g,
7th Heaven Tea Tree Peel - Off Face Mask,7th Heaven Tea Tree Peel - Off Face Mask,£1,,
7Th Heaven Wild Animals Elephant Face Mask Ginkgo And Lotus Blossom,7Th Heaven Wild Animals Ele…27g,£3,£11.11 per 100g,
7Th Heaven Wild Animals Giraffe Face Mask Aloe And Cucumber,7Th Heaven Wild Animals Giraffe F…27g,£3,£11.11 per 100g,
7Th Heaven Wild Animals Orangutan Face Mask Banana And Coconut,7Th Heaven Wild Animals Orangutan F…27g,£3,£11.11 per 100g,
Acnecide Face 5% W/W Gel,Acnecide Face 5% W/W Gel15g,£5.33,£35.54 per 100g,"Offer price £5.33, was £8"
Acnecide Face Wash 5% W/W Gel,Acnecide Face Wash 5% W/W Gel50g,£6.66,£13.32 per 100g,"Offer price £6.66, was £10"
Alberto Balsam Coconut & Lychee Conditioner ,Alberto Balsam Coconut & Lychee Conditioner 350ml,£1,28.6p per 100ml,Buy 2 for £1.80
Alberto Balsam Coconut & Lychee Nourishing Shampoo,Alberto Balsam Coconut & Ly…350ml,£1,28.6p per 100ml,Buy 2 for £1.80
Alberto Balsam Coconut & Lychee Shampoo Bar,Alberto Balsam Coconut & Lychee Shampoo Bar75g,£2.50,£3.33 per 100g,
Alberto Balsam Juicy Green Apple Conditioner ,Alberto Balsam Juicy Green Apple Conditioner 350ml,£1,28.6p per 100ml,Buy 2 for £1.80
Alberto Balsam Juicy Green Apple Shampoo ,Alberto Balsam Juicy Green Apple Shampoo 350ml,£1,28.6p per 100ml,Buy 2 for £1.80
Alberto Balsam Raspberry Conditioner,Alberto Balsam Raspberry Conditioner350ml,£1,28.6p per 100ml,Buy 2 for £1.80
Alberto Balsam Raspberry Shampoo,Alberto Balsam Raspberry Shampoo350ml,£1,28.6p per 100ml,Buy 2 for £1.80
Alberto Balsam Tea Tree Tingle Conditioner ,Alberto Balsam Tea Tree Tingle Conditioner 350ml,£1,28.6p per 100ml,Buy 2 for £1.80
Alberto Balsam Tea Tree Tingle Shampoo ,Alberto Balsam Tea Tree Tingle Shampoo 350ml,£1,28.6p per 100ml,Buy 2 for £1.80
Alberto Balsam Ultra Strong Gel ,Alberto Balsam Ultra Strong Gel 200ml,£1,50p per 100ml,
Alpecin C1 Caffeine Shampoo,Alpecin C1 Caffeine Shampoo250ml,£6.50,£2.60 per 100ml,
Alpecin C1 Caffeine Shampoo ,Alpecin C1 Caffeine Shampoo 375ml,£8.60,£2.29 per 100ml,
Always Dailies Extra Protect Panty Liners Long Plus 24 liners,Always Dailies Extra Protect Panty…24 per pack,£1.90,7.9p each,Buy 2 for £3.50
Always Dailies Fresh and Protect Panty Liners Normal,Always Dailies Fresh and Prot…32 per pack,£2,6.3p each,Buy 2 for £3.50
Always Dailies Large Profresh Panty Liners,Always Dailies Large Profresh Panty Liners40 per pack,£3.40,8.5p each,Buy 2 for £5.50
Always Dailies Panty Liners Long Plus,Always Dailies Panty Liners Long Plus48 per pack,£3.40,7.1p each,Buy 2 for £5.50
Always Dailies Panty Liners Long Unscented,Always Dailies Panty Liners Long Unscented58 per pack,£3.40,5.9p each,Buy 2 for £5.50
Always Dailies Panty Liners Normal Unscented,Always Dailies Panty Liners Normal Unscented68 per pack,£3.40,5p each,Buy 2 for £5.50
Always Dailies Singles Panty Liners Fresh 20 liners,Always Dailies Singles Panty…20 per pack,£1.20,6p each,
Always Discreet Boutique Incontinence Pants Medium,Always Discreet Boutique In…9 per pack,£8,88.9p each,"Offer price £8, was £9"
Always Discreet Boutique Incontinence Pants Plus Large Black 8 pack,Always Discreet Boutique Incontinence P…8 per pack,£8,£1.00 each,"Offer price £8, was £9"
Always Discreet Boutique Incontinence Pants Plus Medium Peach 9 pack,Always Discreet Boutique Incontinence P…9 per pack,£8,88.9p each,"Offer price £8, was £9"
Always Discreet For Sensitive Bladder Long Plus Pads Value Pack,Always Discreet For Sensitive Bladder…16 per pack,£4.70,29.4p each,Buy 2 for £9
Always Discreet Incontinence Liners Long For Sensitive Bladder 20 pack,Always Discreet Incontinence…20 per pack,£2.25,11.3p each,Buy 2 for £4
Always Discreet Incontinence Liners Normal For Sensitive Bladder 24 pack,Always Discreet Incontinence Li…24 per pack,£2.25,9.4p each,Buy 2 for £4
Always Discreet Incontinence Pads+ Long for Sensitive Bladder 10 pack,Always Discreet Incontinence…10 per pack,£2.75,27.5p each,Buy 2 for £5
Always Discreet Incontinence Pads+ Long For Sensitive Bladder 20 pack,Always Discreet Incontinence…20 per pack,£4.70,23.5p each,Buy 2 for £9
Always Discreet Incontinence Pads+ Long Plus Sensitive Bladder 8 pack,Always Discreet Incontinence…8 per pack,£2.75,34.4p each,Buy 2 for £5
Always Discreet Incontinence Pads Normal for Sensitive Bladder 12 pack,Always Discreet Incontinence…12 per pack,£2.75,22.9p each,Buy 2 for £5
Always Discreet Incontinence Pads Normal For Sensitive Bladder 24 pack,Always Discreet Incontinence…24 per pack,£4.70,19.6p each,Buy 2 for £9
Always Discreet Incontinence Pads Small for Sensitive Bladder 20 pack,Always Discreet Incontinence…20 per pack,£2.75,13.8p each,Buy 2 for £5
Always Discreet Incontinence Pants Plus Black,Always Discreet Incontine…9 per pack,£8,88.9p each,"Offer price £8, was £8.75"
Always Discreet Pads Ultimate Day,Always Discreet Pads Ultimate Day12 per pack,£4.70,39.2p each,Buy 2 for £9
Always Discreet Pads Ultimate Night,Always Discreet Pads Ultimate Night12 per pack,£4.70,39.2p each,Buy 2 for £9
Always Discreet Underwear Boutique Incontinence Pants Plus Large 8 pack,Always Discreet Underwear Bou…8 per pack,£8,£1.00 each,"Offer price £8, was £9"
Always Discreet Underwear Incontinence Pants Normal Large 10 pack,Always Discreet Underwear I…10 per pack,£9,90p each,
Always Discreet Underwear Incontinence Pants Normal Medium 12 pack,Always Discreet Underwear I…12 per pack,£9,75p each,
Always Discreet Underwear Incontinence Pants Plus Large 8 pack,Always Discreet Underwear Incontine…8 per pack,£9,£1.13 each,
Always Discreet Underwear Incontinence Pants Plus M 9 pack,Always Discreet Underwear Inconti…9 per pack,£9,£1.00 each,
Always Discreet Underwear Incontinence Pants Plus XL 7 pack,Always Discreet Underwear Inconti…7 per pack,£9,£1.29 each,
Always Maxi Long (Size2) Sanitary Towels Wings 12 pads,Always Maxi Long (Size2) Sanita…12 per pack,£2.49,20.8p each,
Always Maxi Long Plus,Always Maxi Long Plus12 per pack,£2.25,18.8p each,Buy 2 for £3.50
Always Maxi Profresh Night Sanitary Towels Without Wings 9 Pads,Always Maxi Profresh Night Sanitary T…9 per pack,£2,22.2p each,
Always Platinum Long Plus (Size 2) Sanitary Towels Wings 10 pads,Always Platinum Long Plus (Size 2) Sa…10 per pack,£2.25,22.5p each,Buy 2 for £3.50
Always Platinum Long Plus (Size 2) Sanitary Towels Wings 20 pads,Always Platinum Long Plus (Size 2) Sa…20 per pack,£3.40,17p each,Buy 2 for £5.50
Always Platinum Night (Size 3) Sanitary Towels Wings 16 pads,Always Platinum Night (Size 3) Sani…16 per pack,£3.40,21.3p each,Buy 2 for £5.50
Always Platinum Night (Size 3) Sanitary Towels Wings 8 pads,Always Platinum Night (Size 3) Sa…8 per pack,£2.25,28.1p each,Buy 2 for £3.50
Always Platinum Night (Size 4),Always Platinum Night (Size 4)14 per pack,£3.40,24.3p each,Buy 2 for £5.50
Always Platinum Normal (Size1) Sanitary Towels Wings 12 pads,Always Platinum Normal (Size1) Sani…12 per pack,£2.25,18.8p each,Buy 2 for £3.50
Always Platinum Normal (Size1) Sanitary Towels Wings 24 pads,Always Platinum Normal (Size1) Sani…24 per pack,£3.40,14.2p each,Buy 2 for £5.50
Always Sensitive Long Ultra (Size 2) Sanitary Towels Wings 12 pads,Always Sensitive Long Ultra (Size 2) Sa…12 per pack,£1,8.3p each,
Always Sensitive Night Ultra (Size 3) Sanitary Towels  Wings,Always Sensitive Night Ultra (Size…10 per pack,£1,10p each,
Always Sensitive Normal Ultra (Size 1) Sanitary Towels Wings 14 pads,Always Sensitive Normal Ultra (Size 1)…14 per pack,£1,7.1p each,
Always Ultra Day  Night With Wings Size 3,Always Ultra Day  Night With Wings Size 39 per pack,£2.25,25p each,Buy 2 for £3.50
Always Ultra Long Sanitary Towels Long With Wings (Size 2),Always Ultra Long Sanitary Towels…20 per pack,£3.40,17p each,Buy 2 for £5.50
Always Ultra Long With Wings Size 2,Always Ultra Long With Wings Size 211 per pack,£2.25,20.5p each,Buy 2 for £3.50
Always Ultra Night With Wings Size 4,Always Ultra Night With Wings Size 48 per pack,£2.25,28.1p each,Buy 2 for £3.50
Always Ultra Normal (Size 1) Sanitary Towels Wings 26 pads,Always Ultra Normal (Size 1) Sani…2 x 13 per pack,£3.40,13.1p each,Buy 2 for £5.50
Always Ultra Pads Secure Night Extra (Size 5),Always Ultra Pads Secure Night Extra (Size 5)8 per pack,£2.25,28.1p each,Buy 2 for £3.50
Always Ultra Sanitary Towels Day & Night With Wings (Size 3),Always Ultra Sanitary Towels Day &…18 per pack,£3.40,18.9p each,Buy 2 for £5.50
Always Ultra Sanitary Towels Normal Without Wings (Size 1),Always Ultra Sanitary Towels Norm…28 per pack,£3.40,12.1p each,Buy 2 for £5.50
Always Ultra Sanitary Towels Secure Night Ex With Wings (Size 5),Always Ultra Sanitary Towels Secure N…14 per pack,£3.40,24.3p each,Buy 2 for £5.50
Always Ultra Sanitary Towels Secure Night Size 4 With Wings,Always Ultra Sanitary Towels Secu…16 per pack,£3.40,21.3p each,Buy 2 for £5.50
Always Ultra Zzz Menstrual Pant Small / Medium,Always Ultra Zzz Menstrua…3 per pack,£2.99,99.7p each,Buy 2 for £5.50
Ambre Solaire After Sun Spray ,Ambre Solaire After Sun Spray 200ml,£10,£5.00 per 100ml,
Ambre Solaire Clear Protect Sun Cream Spray SPF30 ,Ambre Solaire Clear Protect…200ml,£14,£7.00 per 100ml,
Ambre Solaire Dry Mist SPF,Ambre Solaire Dry Mist SPF200ml,£14,£7.00 per 100ml,
Ambre Solaire Hydra 24 SPF 20 Lotion,Ambre Solaire Hydra 24 SPF 20 Lotion200ml,£10,£5.00 per 100ml,
Ambre Solaire Hydra 24 SPF 30 Spray,Ambre Solaire Hydra 24 SPF 30 Spray200ml,£10,£5.00 per 100ml,
Ambre Solaire Kids Anti Sand Mist SPF,Ambre Solaire Kids Anti Sand Mist SPF150ml,£16,£10.67 per 100ml,
Ambre Solaire Kids Sensitive Sun Cream SPF50+ ,Ambre Solaire Kids Sensit…200ml,£8,£4.00 per 100ml,
Ambre Solaire Kids Sensitive Sun Cream Spray SPF50+ ,Ambre Solaire Kids Sensitive…200ml,£16,£8.00 per 100ml,
Ambre Solaire Ultra-hydrating Sun Cream SPF30 ,Ambre Solaire Ultra-hydra…200ml,£10,£5.00 per 100ml,
Anusol Wipes ,Anusol Wipes 30 per pack,£5.50,18.3p each,
"Aquafresh Baby Toothpaste Milk Teeth 0-2 Years,",Aquafresh Baby Toothpaste…50ml,£1.70,£3.40 per 100ml,
Aquafresh Fresh and Minty Toothpaste,Aquafresh Fresh and Minty Toothpaste75ml,£1,£1.33 per 100ml,
Aquafresh Kids Big Teeth Mouthwash Fruity Flavour 6-8 Years,Aquafresh Kids Big Teeth Mouthwas…300ml,£1.20,40p per 100ml,"Offer price £1.20, was £2"
Aquafresh Kids Big Teeth Toothbrush 6-8 Years,Aquafresh Kids Big Teeth Toothbrush 6-8 Years,£1.50,,"Offer price £1.50, was £2"
Aquafresh Kids Toothbrush 0-7 years Soft bristles 3 pack,Aquafresh Kids Toothbrush 0-7 y…3 per pack,£2,66.7p each,
Aquafresh Kids Toothpaste Advance 9-12 Years,Aquafresh Kids Toothpas…75ml,£1.65,£2.20 per 100ml,"Offer price £1.65, was £2.50"
Aquafresh Kids Toothpaste Big Teeth 6-8 Years,Aquafresh Kids Toothpaste…75ml,£1.65,£2.20 per 100ml,"Offer price £1.65, was £2.20"
Aquafresh Kids Toothpaste Little Teeth 3-5 Years,Aquafresh Kids Toothpaste L…75ml,£1.65,£2.20 per 100ml,"Offer price £1.65, was £2.20"
Aquafresh Kids Toothpaste Splash 3-8 Years,Aquafresh Kids Toothpas…75ml,£1.65,£2.20 per 100ml,"Offer price £1.65, was £2.20"
Aquafresh Little Teeth 3-5 years Soft Bristles Kids Toothbrush,Aquafresh Little Teeth 3-5 years So…,£1.50,,"Offer price £1.50, was £2"
Aquafresh Milk Teeth 0-2 Years Soft Bristles Baby Toothbrush,Aquafresh Milk Teeth 0-2 Years Soft…,£1.50,,"Offer price £1.50, was £2"
Aquafresh Naturals Mint Clean Toothpaste,Aquafresh Naturals Mint Clean Toothpaste75ml,£1.50,£2.00 per 100ml,
"Aquafresh Senses Energising Grapefruit, Lemon & Mint Toothpaste",Aquafresh Senses Energising Grapefrui…75ml,£2,£2.67 per 100ml,
"Aquafresh Senses Watermelon, Cucumber & Mint Toothpaste","Aquafresh Senses Watermelon, Cu…75ml",£2,£2.67 per 100ml,
Aquafresh Toothpaste Complete Care Extra Fresh,Aquafresh Toothpaste Complete Care Extra Fresh100ml,£2,£2.00 per 100ml,
Arm & Hammer Advance White Pro Toothpaste ,Arm & Hammer Advance White Pro Toothpaste 75ml,£2.33,£3.11 per 100ml,"Offer price £2.33, was £3.50"
Arm & Hammer Charcoal White Toothpaste Peppermint,Arm & Hammer Charcoal White…75ml,£2,£2.67 per 100ml,"Offer price £2, was £3"
Astonish Protect + Care Anti-Bacterial Handwash Vitamin E,Astonish Protect + Care Anti-Bact…600ml,£1,16.7p per 100ml,
Astonish Protect + Care Anti-Bacterial Peony Bloom Hand Wash,Astonish Protect + Care Anti-Bacter…600ml,£1,16.7p per 100ml,
Atrixo Enriched Moisturising Cream,Atrixo Enriched Moisturising Cream100ml,£3.80,£3.80 per 100ml,
Aussie 3 Minute Miracle Colour Mate ,Aussie 3 Minute Miracle Colour Mate 225ml,£5,£2.22 per 100ml,Buy 3 for £10
Aussie 3 Minute Miracle Deep Moisture Conditioner 225ml,Aussie 3 Minute Miracle Deep Mo…225ml,£6,£2.67 per 100ml,Buy 3 for £10
Aussie 3 Minute Miracle Hemp,Aussie 3 Minute Miracle Hemp225ml,£5,£2.22 per 100ml,Buy 3 for £10
Aussie 3 Minute Miracle Moist,Aussie 3 Minute Miracle Moist225ml,£5,£2.22 per 100ml,Buy 3 for £10
Aussie 3 Minute Miracle Reconstructor Hair Mask,Aussie 3 Minute Miracle Reconstructor Hair Mask20ml,£1,£5.00 per 100ml,
Aussie 3 Minute Miracle Repair,Aussie 3 Minute Miracle Repair225ml,£5,£2.22 per 100ml,Buy 3 for £10
Aussie 3 Minute Miracle Shine 225ml,Aussie 3 Minute Miracle Shine 225ml225ml,£5,£2.22 per 100ml,Buy 3 for £10
Aussie 3 Miracle Hair Oil Smooth ,Aussie 3 Miracle Hair Oil Smooth 100ml,£6.66,£6.66 per 100ml,"Offer price £6.66, was £10"
Aussie Aussome Volume Conditioner,Aussie Aussome Volume Conditioner200ml,£4.50,£2.25 per 100ml,Buy 3 for £10
"Aussie Aussome Volume Shampoo For Fine, Flat Hair",Aussie Aussome Volume Shamp…300ml,£4.50,£1.50 per 100ml,Buy 3 for £10
Aussie Blonde Hydration Conditioner,Aussie Blonde Hydration Conditioner200ml,£4,£2.00 per 100ml,"Offer price £4, was £6"
Aussie Blonde Hydration Purple Shampoo,Aussie Blonde Hydration Purple Shampoo290ml,£4,£1.38 per 100ml,"Offer price £4, was £6"
Aussie Calm The Frizz Conditioner,Aussie Calm The Frizz Conditioner200ml,£4.50,£2.25 per 100ml,Buy 3 for £10
 Aussie Calm The Frizz Shampoo, Aussie Calm The Frizz Shampoo300ml,£4.50,£1.50 per 100ml,Buy 3 for £10
Aussie Colour Mate Conditioner,Aussie Colour Mate Conditioner200ml,£4.50,£2.25 per 100ml,Buy 3 for £10
"Aussie Colour Mate Shampoo For Vibrant, Coloured Hair",Aussie Colour Mate Shampoo Fo…300ml,£4.50,£1.50 per 100ml,Buy 3 for £10
Aussie Conditioner SOS Save My Lengths,Aussie Conditioner SOS Save My Lengths200ml,£4,£2.00 per 100ml,"Offer price £4, was £6"
Aussie Deep Moisture Hair Conditioner ,Aussie Deep Moisture Hair Conditioner 200ml,£4.50,£2.25 per 100ml,Buy 3 for £10
Aussie Deep Moisture Mask,Aussie Deep Moisture Mask450ml,£6.67,£1.48 per 100ml,"Offer price £6.67, was £10"
Aussie Deep Treatment 3 Minute Miracle Moist Hair Mask ,Aussie Deep Treatment 3 Minute…75ml,£2,£2.67 per 100ml,
Aussie Deep Treatment 3 Minute Miracle Reconstructor Hair Mask,Aussie Deep Treatment 3 Minute Mira…75ml,£2,£2.67 per 100ml,
Aussie Hair Mask 3 Minute Miracle SOS Deep Treatment,Aussie Hair Mask 3 Minute Mir…225ml,£4.67,£2.07 per 100ml,"Offer price £4.67, was £7"
Aussie Hair SOS Heat Saviour Hair Spray,Aussie Hair SOS Heat Saviour Hair Spray100ml,£4.67,£4.67 per 100ml,"Offer price £4.67, was £7"
Aussie Mega Conditioner,Aussie Mega Conditioner200ml,£4.50,£2.25 per 100ml,Buy 3 for £10
Aussie Mega Shampoo For That Mega Clean Feeling Every Day,Aussie Mega Shampoo For That Mega…300ml,£4.50,£1.50 per 100ml,Buy 3 for £10
Aussie Miracle Moist Conditioner,Aussie Miracle Moist Conditioner200ml,£4.50,£2.25 per 100ml,Buy 3 for £10
Aussie Miracle Moist Hair Conditioner,Aussie Miracle Moist Hair Conditioner250ml,£5,£2.00 per 100ml,Buy 3 for £10
Aussie Miracle Moist Hair Conditioner,Aussie Miracle Moist Hair Conditioner350ml,£6,£1.71 per 100ml,
Aussie Miracle Moist Shampoo,Aussie Miracle Moist Shampoo500ml,£6,£1.20 per 100ml,
"Aussie Miracle Moist Shampoo For Dry, Really Thirsty Hair",Aussie Miracle Moist Shampoo For…90ml,£2.50,£2.78 per 100ml,
"Aussie Miracle Moist Shampoo For Dry, Really Thirsty Hair",Aussie Miracle Moist Shampoo For…90ml,£2.50,£2.78 per 100ml,
Aussie Miracle Shine Shampoo With Ginseng extract & Pearl powder,Aussie Miracle Shine Shampoo With Gin…300ml,£4.50,£1.50 per 100ml,Buy 3 for £10
Aussie Save My Lengths! 3 Minute Miracle Hair Mask,Aussie Save My Lengths! 3 Minute Miracle Hair Mask225ml,£4.67,£2.07 per 100ml,"Offer price £4.67, was £7"
Aussie Shampoo Miracle Moist ,Aussie Shampoo Miracle Moist 300ml,£4.50,£1.50 per 100ml,Buy 3 for £10
Aussie Shampoo SOS Save My Lengths,Aussie Shampoo SOS Save My Lengths290ml,£4,£1.38 per 100ml,"Offer price £4, was £6"
Aussie Shine Miracle Conditioner,Aussie Shine Miracle Conditioner200ml,£4.50,£2.25 per 100ml,Buy 3 for £10
Aussie SOS 3MM Blonde Hair Mask,Aussie SOS 3MM Blonde Hair Mask225ml,£4.67,£2.07 per 100ml,"Offer price £4.67, was £7"
Aussie Sos Kiss Of Life Shampoo,Aussie Sos Kiss Of Life Shampoo290ml,£4,£1.38 per 100ml,"Offer price £4, was £6"
Aussie SOS Repair Vegan Hair Mask,Aussie SOS Repair Vegan Hair Mask450ml,£6.67,£1.48 per 100ml,"Offer price £6.67, was £10"
Aussie Sos Revive Hair Mask & Cap,Aussie Sos Revive Hair Mask & Cap,£8,,
 Aussie SOS Save My Lengths Conditioner, Aussie SOS Save My Lengths Conditioner200ml,£4,£2.00 per 100ml,"Offer price £4, was £6"
Aussie Spray Miracle Hair Insurance,Aussie Spray Miracle Hair Insurance250ml,£5,£2.00 per 100ml,Buy 3 for £10
Aussie Staycation Hair Mask & Cap Calm the Frizz ,Aussie Staycation Hair Mask…20ml,£4.67,£23.35 per 100ml,"Offer price £4.67, was £7"
Aussie Staycation Hair Mask & Cap Moisture Paradise ,Aussie Staycation Hair Mask &…20ml,£4.67,£23.35 per 100ml,"Offer price £4.67, was £7"
Aussie Work That Curl Hair Serum,Aussie Work That Curl Hair Serum90ml,£6.66,£7.40 per 100ml,"Offer price £6.66, was £10"
Aveeno Blackberry & Quinoa Conditioner ,Aveeno Blackberry & Quinoa Conditioner 354ml,£9,£2.54 per 100ml,
Aveeno Blackberry & Quinoa Shampoo ,Aveeno Blackberry & Quinoa Shampoo 354ml,£9,£2.54 per 100ml,
Aveeno Calm & Restore Cleanser,Aveeno Calm & Restore Cleanser200ml,£8,£4.00 per 100ml,
Aveeno Calm & Restore Gel Moisturiser,Aveeno Calm & Restore Gel Moisturiser50ml,£11,£22.00 per 100ml,
Aveeno Calm & Restore Oat Toning Lotion,Aveeno Calm & Restore Oat Toning Lotion200ml,£8,£4.00 per 100ml,
Aveeno Cream,Aveeno Cream500ml,£15,£3.00 per 100ml,
Aveeno Daily Care Spray,Aveeno Daily Care Spray200ml,£7.75,£3.88 per 100ml,
Aveeno Daily Moisturising Body Wash,Aveeno Daily Moisturising Body Wash300ml,£7,£2.33 per 100ml,
Aveeno Daily Moisturising Creamy Oil ,Aveeno Daily Moisturising Creamy Oil 300ml,£8,£2.67 per 100ml,
Aveeno Daily Moisturising Lotion ,Aveeno Daily Moisturising Lotion 200ml,£6,£3.00 per 100ml,
Aveeno Daily Moisturising Lotion ,Aveeno Daily Moisturising Lotion 300ml,£8.50,£2.83 per 100ml,
Aveeno Daily Moisturising Yogurt Body Cream Vanilla & Oat Scent ,Aveeno Daily Moisturising Yogurt Body…300ml,£7.75,£2.58 per 100ml,
Aveeno Fresh Greens Conditioner ,Aveeno Fresh Greens Conditioner 354ml,£9,£2.54 per 100ml,
Aveeno Fresh Greens Shampoo ,Aveeno Fresh Greens Shampoo 354ml,£9,£2.54 per 100ml,
Aveeno Hand Cream,Aveeno Hand Cream75ml,£5,£6.67 per 100ml,
Aveeno Kids Bubble Bath & Wash ,Aveeno Kids Bubble Bath & Wash 250ml,£4.30,£1.72 per 100ml,
Aveeno Kids Conditioner,Aveeno Kids Conditioner250ml,£4.30,£1.72 per 100ml,
Aveeno Kids Shampoo ,Aveeno Kids Shampoo 250ml,£4.30,£1.72 per 100ml,
Aveeno Oat Milk Conditioner ,Aveeno Oat Milk Conditioner 354ml,£9,£2.54 per 100ml,
Aveeno Oat Milk Shampoo ,Aveeno Oat Milk Shampoo 354ml,£8.99,£2.54 per 100ml,
Aveeno Skin Relief Lotion ,Aveeno Skin Relief Lotion 200ml,£6.25,£3.13 per 100ml,
Aveeno Skin Relief Moisturising Body Wash,Aveeno Skin Relief Moisturising Body Wash300ml,£8,£2.67 per 100ml,
Aveeno Skin Relief Moisturising Hand Cream ,Aveeno Skin Relief Moisturising Hand Cream 75ml,£6,£8.00 per 100ml,
Aveeno Skin Relief Moisturising Lotion Very Dry Skin ,Aveeno Skin Relief Moisturisi…300ml,£9.50,£3.17 per 100ml,
Aveeno Skin Relief Nourish & Repair Cica Balm,Aveeno Skin Relief Nouris…50ml,£7,£14.00 per 100ml,
Badedas Original Bath Gelee,Badedas Original Bath Gelee750ml,£12,£1.60 per 100ml,
"Badedas Revitalising Shower Gel, Shampoo & Conditioner ",Badedas Revitalising Shower Gel…200ml,£2.50,£1.25 per 100ml,
Bare In Mind Bamboo Facecloth,Bare In Mind Bamboo Facecloth,£3,,
Bare In Mind Bamboo Reusable Cleansing Pads,Bare In Mind Bamboo Reusable Cleansing Pads4 per pack,£4,£1.00 each,
Batiste Blush Dry Shampoo,Batiste Blush Dry Shampoo350ml,£5,£1.43 per 100ml,
Batiste Coconut & Exotic Tropical Dry Shampoo ,Batiste Coconut & Exotic Tropical Dry Shampoo 200ml,£3.25,£1.63 per 100ml,
Batiste Conditioning Foam Blush,Batiste Conditioning Foam Blush100ml,£3.06,£3.06 per 100ml,"Offer price £3.06, was £4.20"
Batiste Conditioning Foam Original,Batiste Conditioning Foam Original100ml,£3,£3.00 per 100ml,"Offer price £3, was £4.50"
Batiste Dry Blush Shampoo ,Batiste Dry Blush Shampoo 200ml,£3.25,£1.63 per 100ml,
Batiste Dry Cherry Shampoo ,Batiste Dry Cherry Shampoo 200ml,£3.25,£1.63 per 100ml,
Batiste Dry Shampoo Dark & Deep Brown,Batiste Dry Shampoo Dark & Deep Brown200ml,£2.84,£1.42 per 100ml,"Offer price £2.84, was £4.25"
Batiste Naturally Green Tea Chamomile Dry Shampoo,Batiste Naturally Green Tea…200ml,£2.84,£1.42 per 100ml,"Offer price £2.84, was £4.25"
Batiste Original Dry Shampoo,Batiste Original Dry Shampoo200ml,£3.25,£1.63 per 100ml,
Batiste Original Dry Shampoo,Batiste Original Dry Shampoo350ml,£5,£1.43 per 100ml,
 Batiste Tropical Dry Shampoo, Batiste Tropical Dry Shampoo350ml,£5,£1.43 per 100ml,
Baylis & Harding Antibacterial Hand Wash Jasmine & Apple Blossom,Baylis & Harding Antibacterial Hand W…500ml,£2.25,45p per 100ml,
Baylis & Harding Elements Hand Wash White Tea & Neroli,Baylis & Harding Elements Hand…500ml,£1.85,37p per 100ml,"Offer price £1.85, was £2.50"
Baylis & Harding Goodness Kids Strawberry Swirl Body Wash,Baylis & Harding Goodness Kids St…500ml,£4,80p per 100ml,
Baylis & Harding Goodness Natural Lavender & Bergamot Bath Soak,Baylis & Harding Goodness…500ml,£5,£1.00 per 100ml,
Baylis & Harding Goodness Natural Lavender & Bergamot Body Wash,Baylis & Harding Goodness…500ml,£5,£1.00 per 100ml,
"Baylis & Harding Goodness Oud, Cedar & Amber Bath Soak",Baylis & Harding Goodness Oud…500ml,£4,80p per 100ml,
"Baylis & Harding Goodness Oud, Cedar & Amber Body Wash ",Baylis & Harding Goodness Oud…500ml,£4,80p per 100ml,
"Baylis & Harding Goodness Oud, Cedar & Amber Natural Hand Wash",Baylis & Harding Goodness…500ml,£4,80p per 100ml,
Baylis & Harding Goodness Rose & Geranium Bath Soak ,Baylis & Harding Goodness Ros…500ml,£4,80p per 100ml,
Baylis & Harding Goodness Rose & Geranium Body Wash ,Baylis & Harding Goodness Ros…500ml,£4,80p per 100ml,
Baylis & Harding Goodness Rose & Geranium Natural Hand Wash,Baylis & Harding Goodne…500ml,£4,80p per 100ml,
Baylis & Harding Hand Wash Limited Edition,Baylis & Harding Hand Wash Limited Edition500ml,£2.25,45p per 100ml,
Baylis & Harding Jasmine & Apple Blossom Antibac Hand Wash Refill,Baylis & Harding Jasmine & Apple Blos…1L,£3,30p per 100ml,
"Baylis & Harding Jojoba, Vanilla & Almond Oil Hand Wash","Baylis & Harding Jojoba, Vanill…500ml",£2.25,45p per 100ml,
Baylis & Harding Sea Salt & Wild Mint Hand Wash,Baylis & Harding Sea Salt & Wild Mint Hand Wash500ml,£2.25,45p per 100ml,
Baylis & Harding Signature Collection Mini Stack Gift Set ,Baylis & Harding Signature Collec…,£12,,
Baylis & Harding Sweet Mandarin & Grapefruit Hand Wash,Baylis & Harding Sweet Mandarin…500ml,£2.25,45p per 100ml,
Baylis & Harding Wild Fig & Pomegranate Wash Bag,Baylis & Harding Wild Fig & Pomegranate Wash Bag,£30,,
Baylis & Harding Wild Rhubarb & Pink Pepper  Luxury Hand Wash ,Baylis & Harding Wild Rhubarb & Pin…500ml,£2.25,45p per 100ml,
B Blonde High Lift Powder Bleach          ,B Blonde High Lift Powder Bleach          ,£4,,
B Blonde Maximum Lift Cream Peroxide,B Blonde Maximum Lift Cream Peroxide75ml,£2,26.7p per 10ml,
Belle Color Natural Dark Ash Blonde 7.1,Belle Color Natural Dark Ash Blonde 7.1,£5,,
Belle Color Natural Dark Blonde 7,Belle Color Natural Dark Blonde 7,£5,,
Belle Color Natural Dark Golden Blonde 7.3,Belle Color Natural Dark Golden Blonde 7.3,£5,,
Belle Color Natural Light Brown 6,Belle Color Natural Light Brown 6,£5,,
Belle Color Natural Light Honey Blonde 9.3,Belle Color Natural Light Honey Blonde 9.3,£5,,
Belle Color Ultra Light Natural Blonde 110,Belle Color Ultra Light Natural Blonde 110,£5,,
BetterYou Immune Health Daily Oral Spray,BetterYou Immune Health Daily Oral Spray50ml,£12.50,£25.00 per 100ml,
BetterYou Magnesium Muscle Flakes ,BetterYou Magnesium Muscle Flakes 1kg,£9.95,99.5p per 100g,
BetterYou Magnesium Sleep Flakes ,BetterYou Magnesium Sleep Flakes 1kg,£9.95,99.5p per 100g,
BetterYou Vegan Vitamin Health Daily Oral Spray  ,BetterYou Vegan Vitamin Health Daily Oral Spray  25ml,£14.95,£5.98 per 10ml,
BIC 1 Sensitive Shaver,BIC 1 Sensitive Shaver10 per pack,£1.65,16.5p each,
BIC 2 Sensitive Shaver Pack,BIC 2 Sensitive Shaver Pack10 per pack,£2.10,21p each,
Bic Flex 3 Comfort Shaver,Bic Flex 3 Comfort Shaver4 per pack,£3.49,87.3p each,
Bic Miss Soleil 3 Blade Shaver ,Bic Miss Soleil 3 Blade Shaver 4 per pack,£3,75p each,
Bic Soleil Scent 3 Blade Shaver ,Bic Soleil Scent 3 Blade Shaver 4 per pack,£4,£1.00 each,
Bic Twin Lady Razors Pouch ,Bic Twin Lady Razors Pouch 5 per pack,£2,40p each,
Bigen Dark Chestnut 48,Bigen Dark Chestnut 48,£3.50,,
Bigen For Men Natural Brown 104,Bigen For Men Natural Brown 104,£6.50,,
Bio-Oil Skincare Oil  Helps Improve the Appearance of Scars & Stretch Marks,Bio-Oil Skincare Oil  Helps Improve the Appea…60ml,£10,£16.67 per 100ml,
Bionsen The Original Mineral Protective Deodorant,Bionsen The Original Minera…150ml,£2.60,£1.73 per 100ml,"Offer price £2.60, was £3.30"
Bionsen The Original Mineral Protective Deodorant,Bionsen The Original Minera…50ml,£1.75,£3.50 per 100ml,"Offer price £1.75, was £2.40"
Biore Charcoal Pore Strips 6Pk,Biore Charcoal Pore Strips 6Pk92ml,£9,£9.78 per 100ml,
Biore Clear & Bright Jelly Cleanser,Biore Clear & Bright Jelly Cleanser110ml,£7,£6.36 per 100ml,
Biore Clear & Bright Resurfacing Scrub,Biore Clear & Bright Resurfacing Scrub100ml,£7,£7.00 per 100ml,
Biore Ultra Deep Cleansing Pore Strips ,Biore Ultra Deep Cleansing Pore Strips 6 per pack,£8,£1.33 each,
Blistex Lipcare Intensive Moisuriser ,Blistex Lipcare Intensive Moisuriser 5g,£2.50,£50.00 per 100g,
Blistex Lip Infusions Hydration Spf 15,Blistex Lip Infusions Hydration Spf 153.7g,£3,£81.08 per 100g,
Blistex Relief Cream     ,Blistex Relief Cream     5g,£3.20,£64.00 per 100g,
Bodyform Cour-V Ultra Long Sanitary Towels,Bodyform Cour-V Ultra Long Sanitary Towels12 per pack,£1,8.3p each,
Bodyform Cour-V Ultra Night Sanitary Towels Wings,Bodyform Cour-V Ultra Night…18 per pack,£2,11.1p each,
Bodyform Cour-V Ultra Night Sanitary Towels Wings,Bodyform Cour-V Ultra Night…8 per pack,£1,12.5p each,
Bodyform Cour-V Ultra Towel,Bodyform Cour-V Ultra Towel10 per pack,£1,10p each,
Bodyform Cour V Ultra Normal Sanitary Towels Wings,Bodyform Cour V Ultra Norma…12 per pack,£1,8.3p each,
Bodyform Cour V Ultra Normal Sanitary Towels Wings,Bodyform Cour V Ultra Norma…24 per pack,£2,8.3p each,
Bodyform Dailies All Fluid XL Panty Liners,Bodyform Dailies All Fluid XL Panty Liners20 per pack,£1.25,6.3p each,
Bodyform Dailies Extra Protection 22 Extra Long Liners,Bodyform Dailies Extra Protecti…,£1.25,,"Offer price £1.25, was £2"
Bodyform Dailies Extra Protection Long Liners,Bodyform Dailies Extra Protection Long Liners24 per pack,£1.25,5.2p each,"Offer price £1.25, was £2"
Bodyform Dailies Long Panty Liners,Bodyform Dailies Long Panty Liners64 per pack,£2.49,3.9p each,
Bodyform Dailies Long Panty Liners,Bodyform Dailies Long Panty Liners58 per pack,£2.49,4.3p each,
Bodyform Dailies So Slim Panty Liners,Bodyform Dailies So Slim Panty Liners30 per pack,£1,3.3p each,
Bodyform Intimawear Cotton Hipster Underwear Black Size S,Bodyform Intimawear Cotton Hipste…,£19.99,,
Bodyform Intimawear Period Pants Washable Underwear Black Size M,Bodyform Intimawear Period Pants Wash…,£19.99,,
Bodyform Intimawear Washable Cotton Period Pants Underwear Size L,Bodyform Intimawear Washable Cotton P…,£19.99,,
Bodyform Multistyle Normal Panty Liners,Bodyform Multistyle Normal Panty Liners30 per pack,£1.55,5.2p each,
Bodyform So Slim Panty Liners,Bodyform So Slim Panty Liners34 per pack,£1.55,4.6p each,
Bodyform Ultra Long Sanitary Towels with wings,Bodyform Ultra Long Sanit…12 per pack,£1,8.3p each,"Offer price £1, was £1.55"
Bodyform Ultra Night XL Sanitary Towels with wings,Bodyform Ultra Night XL San…9 per pack,£1,11.1p each,"Offer price £1, was £1.55"
Bodyform Ultra Normal Sanitary Towels with wings,Bodyform Ultra Normal Sanit…14 per pack,£1,7.2p each,"Offer price £1, was £1.55"
Bondi Sands Everyday Gradual Tanning Milk ,Bondi Sands Everyday Gradual Tanning Milk 375ml,£12.99,£3.46 per 100ml,
Bondi Sands Reusable Self - Tan Application Mitt,Bondi Sands Reusable Self - Tan Application Mitt,£5,,
Braun Beard and Hair Trimmer,Braun Beard and Hair Trimmer,£30,,
Braun Series 3 Electric Shaver,Braun Series 3 Electric Shaver,£30,,
Britney Spears Curious EDP Spray,Britney Spears Curious EDP Spray30ml,£10,£33.33 per 100ml,
Brush-Baby Applemint Teething Toothpaste 0-3 Years ,Brush-Baby Applemint Teething…50ml,£2.35,£4.70 per 100ml,
Brush-Baby Baby Sonic Electric Toothbrush 0-3 Years,Brush-Baby Baby Sonic Electri…,£10,,
Brush-Baby My First Brush And Teether Set 0-18 Months,Brush-Baby My First Brush And…,£6.75,,
Brush-Baby Soft Chewable Toothbrush 10-36 Months,Brush-Baby Soft Chewable To…,£5.50,,
Brush-Baby Teething Toothpaste Applemint 0-2 Years,Brush-Baby Teething Toothpa…50ml,£2.35,£4.70 per 100ml,
Brut After Shave,Brut After Shave100ml,£7,£7.00 per 100ml,
Brut Anti-Perspirant Spray,Brut Anti-Perspirant Spray200ml,£2,£1.00 per 100ml,
Brut Deodorant Spray,Brut Deodorant Spray200ml,£2,£1.00 per 100ml,
Brut Splash On Lotion,Brut Splash On Lotion200ml,£4,£2.00 per 100ml,
Brylcreem  Protein Enriche Hair Cream,Brylcreem  Protein Enriche Hair Cream250ml,£4.25,£1.70 per 100ml,
Bulldog Anti-ageing Moisturiser,Bulldog Anti-ageing Moisturiser100ml,£5.60,£5.60 per 100ml,"Offer price £5.60, was £8.25"
Bulldog Original Face Wash,Bulldog Original Face Wash150ml,£3.20,£2.14 per 100ml,"Offer price £3.20, was £4.75"
Bulldog Original Moisturiser      ,Bulldog Original Moisturiser      100ml,£4.20,£4.20 per 100ml,"Offer price £4.20, was £6.25"
Bulldog Protective Moisturiser,Bulldog Protective Moisturiser100ml,£5.60,£5.60 per 100ml,"Offer price £5.60, was £8.25"
Bulldog Sensitive Face Wash,Bulldog Sensitive Face Wash150ml,£3.20,£2.14 per 100ml,"Offer price £3.20, was £4.75"
Bulldog Sensitive Moisturiser      ,Bulldog Sensitive Moisturiser      100ml,£4.20,£4.20 per 100ml,"Offer price £4.20, was £6.25"
Bulldog Skincare For Men Original Bamboo Razor,Bulldog Skincare For Men Original Bamboo Razor,£8,,"Offer price £8, was £12"
Bull Dog Skincare For Men Original Beard Balm,Bull Dog Skincare For Men Original Beard Balm75ml,£5.50,£7.34 per 100ml,"Offer price £5.50, was £8"
Bulldog Skincare For Men Original Beard Oil ,Bulldog Skincare For Men Original Beard Oil 30ml,£3.50,£11.66 per 100ml,"Offer price £3.50, was £5.50"
Bull Dog Skincare For Men Original Beard Shampoo & Conditioner,Bull Dog Skincare For Men Original…200ml,£4,£2.00 per 100ml,"Offer price £4, was £6"
Bulldog Skincare For Men Original Face Scrub,Bulldog Skincare For Men Original Face Scrub125ml,£3.50,£2.80 per 100ml,"Offer price £3.50, was £5.25"
Bulldog Skincare For Men Original Shave Gel,Bulldog Skincare For Men Original Shave Gel175ml,£2.50,£1.43 per 100ml,"Offer price £2.50, was £3.75"
Bulldog Skincare For Men Original Steel Blades,Bulldog Skincare For Men Original Steel Blades4 per pack,£6,£1.50 each,"Offer price £6, was £8"
Bulldog Skincare Lemon & Bergamot Shower Gel,Bulldog Skincare Lemon & Bergamot Shower Gel500ml,£3,60p per 100ml,"Offer price £3, was £4.50"
Bulldog Skincare Original Shower Gel,Bulldog Skincare Original Shower Gel500ml,£3,60p per 100ml,"Offer price £3, was £4.50"
Bulldog Skincare Peppermint & Eucalyptus Shower Gel,Bulldog Skincare Peppermint &…500ml,£3,60p per 100ml,"Offer price £3, was £4.50"
Burberry Mr. Eau De Toilette Spray For Men,Burberry Mr. Eau De Toilette Spray For Men50ml,£33,£66.00 per 100ml,
Burberry My Eau De Toilette Spray For Women ,Burberry My Eau De Toilette Spray For Women 50ml,£37.50,£75.00 per 100ml,
Burberry Touch For Men Eau De Toilette Spray,Burberry Touch For Men Eau De Toilette Spray30ml,£21,£70.00 per 100ml,
Burberry Touch For Women Edp,Burberry Touch For Women Edp30ml,£22.50,£75.00 per 100ml,
Burt's Bees Advanced Relief Unscented Lip Balm ,Burt's Bees Advanced Relief Unscented Lip Balm 4.2g,£5,£119.05 per 100g,
Burt's Bees Beeswax & Vanilla 2 Pack Lip Balm ,Burt's Bees Beeswax & Vanilla 2 Pack Lip Balm 2 x 8.5g,£6,£35.29 per 100g,
Burt's Bees Beeswax Lip Balm,Burt's Bees Beeswax Lip Balm4.25g,£4,£9.41 per 10g,
Burt's Bees Orange Blossom & Pistachio Hand Cream,Burt's Bees Orange Blossom…28.3g,£7,£2.47 per 10g,
Burt's Bees Ultra Conditioning Lip Balm,Burt's Bees Ultra Conditioning Lip Balm4.25g,£3.50,£8.24 per 10g,
Calvin Klein Ck In2U Him,Calvin Klein Ck In2U Him100ml,£19.95,£19.95 per 100ml,
Calvin Klein Reveal Men Eau De Toilette Spray,Calvin Klein Reveal Men Eau De Toilette Spray30ml,£16,£53.33 per 100ml,
Calypso After Sun Aloe Vera Gel 250Ml,Calypso After Sun Aloe Vera Gel 250Ml250ml,£4.50,£1.80 per 100ml,
Calypso Dry Oil Clear Protection SPF 30,Calypso Dry Oil Clear Protection SPF 30200ml,£5,£2.50 per 100ml,
Calypso Once A Day Sun Protection SPF 20,Calypso Once A Day Sun Protection SPF 20200ml,£6,£3.00 per 100ml,
Calypso Once A Day Sun Protection SPF 30,Calypso Once A Day Sun Protection SPF 30200ml,£6,£3.00 per 100ml,
Calypso Sun Protection Deep Tanning Oil Spray 15 Medium 200Ml,Calypso Sun Protection Deep Tanning…200ml,£5,£2.50 per 100ml,
Calypso Sun Protection Scalp Protection Spf30,Calypso Sun Protection Scalp Protection Spf3050ml,£3.50,£7.00 per 100ml,
Carefree Breathable Pantyliners with Aloe,Carefree Breathable Pantyliners with Aloe20 per pack,85p,4.3p each,
Carefree Cotton Breathable Pantyliners,Carefree Cotton Breathable Pantyliners20 per pack,85p,4.3p each,
Carefree Cotton Fresh Scented Breathable Pantyliners,Carefree Cotton Fresh Scented…20 per pack,85p,4.3p each,
Carefree Cotton Fresh Scent Pantyliners,Carefree Cotton Fresh Scent Pantyliners56 per pack,£2.85,5.1p each,
Carex Advanced Liquid Soap Macadamia,Carex Advanced Liquid Soap Macadamia250ml,£1.20,48p per 100ml,"Offer price £1.20, was £1.80"
Carex Advanced Liquid Soap Marine,Carex Advanced Liquid Soap Marine250ml,£1.20,48p per 100ml,"Offer price £1.20, was £1.80"
Carex Advanced Liquid Soap Moisture,Carex Advanced Liquid Soap Moisture250ml,£1.20,48p per 100ml,"Offer price £1.20, was £1.80"
Carex Advanced Macadamia Hand Wash,Carex Advanced Macadamia Hand Wash500ml,£2.50,50p per 100ml,
Carex Advanced Moisture Hand Wash 500Ml,Carex Advanced Moisture Hand Wash 500Ml500ml,£2.50,50p per 100ml,
Carex Antibacterial Aloe Vera Handwash,Carex Antibacterial Aloe Vera Handwash250ml,£1.20,48p per 100ml,
Carex Antibacterial Biodegradeable Hand Wipes,Carex Antibacterial Biode…15 per pack,£1.50,10p each,
Carex Antibacterial Hand Gel Aloe Vera,Carex Antibacterial Hand Gel Aloe Vera50ml,£1,£2.00 per 100ml,"Offer price £1, was £1.25"
Carex Antibacterial Handwash Original,Carex Antibacterial Handwash Original250ml,£1.20,48p per 100ml,
Carex Antibacterial Love Hearts Hand Gel,Carex Antibacterial Love Hearts Hand Gel50ml,£1,£2.00 per 100ml,"Offer price £1, was £1.25"
Carex Antibacterial Moisture Plus Handwash,Carex Antibacterial Moisture Plus Handwash250ml,£1.20,48p per 100ml,
Carex Antibacterial Sensitive Handwash,Carex Antibacterial Sensitive Handwash250ml,£1.20,48p per 100ml,
Carex Fun Edition Hand Wash Lovehearts Refill,Carex Fun Edition Hand Wash Lovehearts Refill500ml,£1.90,38p per 100ml,
Carex Fun Edition Love Heart Liquid Soap,Carex Fun Edition Love Heart Liquid Soap250ml,£1.20,48p per 100ml,
Carex Fun Edition Tropical Twist Hand Wash,Carex Fun Edition Tropical Twist Hand Wash250ml,£1.20,48p per 100ml,
Carex Hand Gel Aloe Vera,Carex Hand Gel Aloe Vera300ml,£3.50,£1.17 per 100ml,
Carex Moisture Handwash Refill Pack ,Carex Moisture Handwash Refill Pack 1000ml,£3.45,34.5p per 100ml,
Carex Original Antibacterial Soap,Carex Original Antibacterial Soap100g,95p,95p per 100g,
Carex Original Hand Gel,Carex Original Hand Gel50ml,£1.25,£2.50 per 100ml,
Carex Original Hand Wash Eco Refill,Carex Original Hand Wash Eco Refill500ml,£1.90,38p per 100ml,Carex Refil - 2 for £3.50
Carmex Cherry Tube,Carmex Cherry Tube10g,£2.75,£27.50 per 100g,
Carmex Classic Moisturising Lip Balm,Carmex Classic Moisturising Lip Balm10g,£2.75,£27.50 per 100g,
Carmex Moisturising Lip Balm Strawberry Spf 15,Carmex Moisturising Lip Balm Strawberry Spf 1510g,£3,£30.00 per 100g,
Carmex Naturally Intensely Hydrating Lip Balm Watermelon ,Carmex Naturally Intensely Hydrat…4.2ml,£4,£95.24 per 100ml,
Carolina Herrera 212 Mens Edition Spray,Carolina Herrera 212 Mens Edition Spray30ml,£22,£73.33 per 100ml,
Casting Creme Gloss Mahogany 550    ,Casting Creme Gloss Mahogany 550    ,£10,,Buy 2 for £14
Casting Creme Iced Brown 415,Casting Creme Iced Brown 415,£10,,Buy 2 for £14
Casting Creme Iced Chocolate 515,Casting Creme Iced Chocolate 515,£10,,Buy 2 for £14
Cerruti Image Femme Spray,Cerruti Image Femme Spray75ml,£19.95,£26.60 per 100ml,
Cerruti Pur Homme Spray ,Cerruti Pur Homme Spray 100ml,£18,£18.00 per 100ml,
Cetaphil Daily Defence Moisturiser Spf 50+ Uva,Cetaphil Daily Defence Moisturiser Spf 50+ Uva50g,£9.67,£19.34 per 100g,"Offer price £9.67, was £13"
Cetaphil Daily Hydrating Moisturiser ,Cetaphil Daily Hydrating Moisturiser 88ml,£9.67,£10.99 per 100ml,"Offer price £9.67, was £13"
Cetaphil Gentle Exfoliating Cleanser,Cetaphil Gentle Exfoliating Cleanser178ml,£7.99,£4.49 per 100ml,"Offer price £7.99, was £12"
Cetaphil Gentle Skin Cleanser,Cetaphil Gentle Skin Cleanser236ml,£6.67,£2.83 per 100ml,"Offer price £6.67, was £10"
Cetaphil Moisturising Lotion,Cetaphil Moisturising Lotion236ml,£6.67,£2.82 per 100ml,"Offer price £6.67, was £9.99"
Cetaphil Oily Skin Cleanser ,Cetaphil Oily Skin Cleanser 236ml,£6.67,£2.83 per 100ml,"Offer price £6.67, was £10"
Charlie Pink Body Spray,Charlie Pink Body Spray75ml,£1,£1.33 per 100ml,
Charlie Red Body Spray,Charlie Red Body Spray75ml,£1,£1.33 per 100ml,
Charlie Red EDT Natural Spray,Charlie Red EDT Natural Spray100ml,£4.95,£4.95 per 100ml,
 Childs Farm 50SPF Sunscreen Cream, Childs Farm 50SPF Sunscreen Cream125ml,£12,£9.60 per 100ml,
 Childs Farm 50SPF Sunscreen Spray, Childs Farm 50SPF Sunscreen Spray125ml,£12,£9.60 per 100ml,
Childs Farm Fig Conditioner,Childs Farm Fig Conditioner250ml,£4.25,£1.70 per 100ml,
Childs Farm Organic Fig Shampoo,Childs Farm Organic Fig Shampoo250ml,£4.25,£1.70 per 100ml,
Ck In2U Eau De Toilette,Ck In2U Eau De Toilette100ml,£19.95,£19.95 per 100ml,
Clairol Blonde It Up Permanent Hair Dye Platinum Blonde,Clairol Blonde It Up Permanent…,£9,,
Clairol Blonde It Up Permanent Hair Dye Platinum Blonde,Clairol Blonde It Up Permanent…,£9,,
Clairol Colour Gloss Up ,Clairol Colour Gloss Up 130ml,£6,£4.61 per 100ml,"Offer price £6, was £9"
Clairol Gloss Up Blonde,Clairol Gloss Up Blonde130ml,£6,£4.61 per 100ml,"Offer price £6, was £9"
Clairol Gloss Up Copper,Clairol Gloss Up Copper130ml,£6,£4.61 per 100ml,"Offer price £6, was £9"
Clairol Gloss Up Espresso,Clairol Gloss Up Espresso130ml,£6,£4.61 per 100ml,"Offer price £6, was £9"
Clairol Natural Instincts 3 Brown Black,Clairol Natural Instincts 3 Brown Black,£5.50,,"Offer price £5.50, was £7"
Clairol Natural Instincts 4 Dark Brown,Clairol Natural Instincts 4 Dark Brown,£5.50,,"Offer price £5.50, was £7"
Clairol Natural Instincts 4Rv Dark Burgundy,Clairol Natural Instincts 4Rv Dark Burgundy,£5.50,,"Offer price £5.50, was £7"
Clairol Natural Instincts 5 Medium Brown,Clairol Natural Instincts 5 Medium Brown,£5.50,,"Offer price £5.50, was £7"
Clairol Natural Instincts 6A Light Cool Brown,Clairol Natural Instincts 6A Light Cool Brown,£5.50,,"Offer price £5.50, was £7"
Clairol Natural Instincts 6G Light Gold Brown,Clairol Natural Instincts 6G Light Gold Brown,£5.50,,"Offer price £5.50, was £7"
Clairol Natural Instincts 6 Light Brown,Clairol Natural Instincts 6 Light Brown,£5.50,,"Offer price £5.50, was £7"
Clairol Natural Instincts 6Rr Light Red,Clairol Natural Instincts 6Rr Light Red,£5.50,,"Offer price £5.50, was £7"
Clairol Natural Instincts 7 Dark Blonde,Clairol Natural Instincts 7 Dark Blonde,£5.50,,"Offer price £5.50, was £7"
Clairol Natural Instincts 7Rg Dark Gold Blonde,Clairol Natural Instincts 7Rg Dark Gold Blonde,£5.50,,"Offer price £5.50, was £7"
Clairol Natural Instincts 8A Medium Cool Blonde,Clairol Natural Instincts 8A Medium Cool Blonde,£5.50,,"Offer price £5.50, was £7"
Clairol Natural Instincts 9 Light Blonde,Clairol Natural Instincts 9 Light Blonde,£5.50,,"Offer price £5.50, was £7"
Clairol Nice'N Easy Creme 1 Blackest Black,Clairol Nice'N Easy Creme 1 Blackest Black,£6.50,,Buy 2 for £10.50
Clairol Nice'N Easy Creme 6Rr Ruby Red,Clairol Nice'N Easy Creme 6Rr Ruby Red,£6.50,,Buy 2 for £10.50
Clairol Root Touch-Up 4R Reddish Brown,Clairol Root Touch-Up 4R Reddish Brown,£6,,
Clairol Root Touch Up Black 2,Clairol Root Touch Up Black 2,£6.50,,Buy 2 for £10
Clairol Root Touch Up Brown 5,Clairol Root Touch Up Brown 5,£6,,Buy 2 for £10
Clairol Root Touch Up Dark Blonde 7,Clairol Root Touch Up Dark Blonde 7,£6,,Buy 2 for £10
Clairol Root Touch Up Dark Brown 4,Clairol Root Touch Up Dark Brown 4,£6,,Buy 2 for £10
Clairol Root Touch Up Light Blonde 9,Clairol Root Touch Up Light Blonde 9,£6,,Buy 2 for £10
Clairol Root Touch Up Light Brown 6,Clairol Root Touch Up Light Brown 6,£6,,Buy 2 for £10
Clairol Root Touch Up Medium Blonde 8,Clairol Root Touch Up Medium Blonde 8,£6.50,,Buy 2 for £10
Clairol Root Touch Up Medium Golden Brown 5G,Clairol Root Touch Up Medium Golden Brown 5G,£6,,Buy 2 for £10
Clean & Clear Advantage Rapid Gel,Clean & Clear Advantage Rapid Gel15ml,£3,£20.00 per 100ml,"Offer price £3, was £4.50"
Clean & Clear Blackhead Clearing Daily Scrub,Clean & Clear Blackhead Clearing Daily Scrub150ml,£3,£2.00 per 100ml,"Offer price £3, was £4.50"
Clean & Clear Deep Action Cream Wash,Clean & Clear Deep Action Cream Wash150ml,£2.33,£1.56 per 100ml,"Offer price £2.33, was £3.49"
Clean & Clear Deep Cleansing Lotion,Clean & Clear Deep Cleansing Lotion200ml,£2.33,£1.17 per 100ml,"Offer price £2.33, was £3.49"
Clean & Clear Dual Action Moisturiser,Clean & Clear Dual Action Moisturiser100ml,£2.33,£2.33 per 100ml,"Offer price £2.33, was £3.49"
Clean & Clear Exfoliating Daily Wash,Clean & Clear Exfoliating Daily Wash150ml,£2.33,£1.56 per 100ml,"Offer price £2.33, was £3.49"
Clean & Clear Morning Energy Scrub,Clean & Clear Morning Energy Scrub150ml,£3,£2.00 per 100ml,"Offer price £3, was £4"
Clean & Clear Soap Bar ,Clean & Clear Soap Bar 75g,£2.33,£3.11 per 100g,"Offer price £2.33, was £3.50"
Clearasil Gentle Gel Wash ,Clearasil Gentle Gel Wash 150ml,£2,£1.33 per 100ml,"Offer price £2, was £3"
Clearasil Gentle Skin Perfecting Sensitive Wash ,Clearasil Gentle Skin Perfecting Sensitive Wash 150ml,£2,£1.33 per 100ml,"Offer price £2, was £3"
Clearasil Multi Action 5in1 Exfoliating Scrub ,Clearasil Multi Action 5in1 Exfoliating Scrub 150ml,£6,£4.00 per 100ml,
Clearasil Ultra Dual Action Pads,Clearasil Ultra Dual Action Pads65 per pack,£4,6.2p each,"Offer price £4, was £6.50"
Clearasil Ultra Dual Action Treatment Cream,Clearasil Ultra Dual Action Treatment Cream25ml,£4,£16.00 per 100ml,"Offer price £4, was £6.50"
Clearasil Ultra Rapid Action Gel Wash,Clearasil Ultra Rapid Action Gel Wash150ml,£4,£2.66 per 100ml,"Offer price £4, was £6.50"
Clearasil Ultra Rapid Action Treatment Cream ,Clearasil Ultra Rapid Action Treatment Cream 125ml,£4,£3.20 per 100ml,
Coconut Oil Infused Paddle Brush,Coconut Oil Infused Paddle Brush,£8,,
Coconut Oil Infused Shower Comb,Coconut Oil Infused Shower Comb,£3.50,,
Colgate 360 Degree Toothbrush Charcoal Medium Toothbrush,Colgate 360 Degree Toothbrush C…,£5,,
Colgate 360 Max White One Toothbrush,Colgate 360 Max White One Toothbrush,£2.50,,"Offer price £2.50, was £5"
Colgate Advanced White Charcoal Whitening Toothpaste ,Colgate Advanced White Charco…75ml,£2,£2.67 per 100ml,
Colgate Advanced White Medium Toothbrush,Colgate Advanced White Medium Toothbrush,£1.50,,
Colgate Advanced White Toothpaste,Colgate Advanced White Toothpaste125ml,£5,£4.00 per 100ml,
Colgate Advanced White Toothpaste,Colgate Advanced White Toothpaste75ml,£2,£2.66 per 100ml,"Offer price £2, was £2.50"
Colgate Advance White Toothpaste Pump ,Colgate Advance White Toothpaste Pump 100ml,£3.50,£3.50 per 100ml,
Colgate Bamboo Charcoal Soft Toothbrush,Colgate Bamboo Charcoal Soft Toothbrush,£3,,"Offer price £3, was £4"
Colgate Bamboo Charcoal Soft Toothbrushes,Colgate Bamboo Charcoal Soft Toothbrushes2 per pack,£6,£3.00 each,
Colgate Cavity Protection Toothpaste,Colgate Cavity Protection Toothpaste75ml,£1.50,£2.00 per 100ml,
Colgate Cavity Protection Toothpaste Pump ,Colgate Cavity Protection Toothpaste Pump 100ml,£2,£2.00 per 100ml,
Colgate Cool Stripe Toothpaste,Colgate Cool Stripe Toothpaste75ml,£1,£1.33 per 100ml,
Colgate Deep Clean Whitening Toothpaste ,Colgate Deep Clean Whitening Toothpaste 75ml,£2,£2.67 per 100ml,
Colgate FluoriGard Daily Rinse Mouthwash,Colgate FluoriGard Daily Rinse Mouthwash400ml,£6,£1.50 per 100ml,
Colgate Kids 0-3 Years Extra Soft Toothbrush,Colgate Kids 0-3 Years Extra Soft Toothbrush,£1.25,,
Colgate Kids Barbie Extra Soft Battery Toothbrush 3+ Years,Colgate Kids Barbie Extra Soft Ba…,£4,,"Offer price £4, was £8"
Colgate Kids Batman Battery Toothbrush 3+ Years,Colgate Kids Batman Batte…,£4,,"Offer price £4, was £8"
Colgate Kids Minions Extra Soft Battery Toothbrush 3+ Years ,Colgate Kids Minions Extra Soft Bat…,£4,,"Offer price £4, was £8"
Colgate Link Whitening Medium Brush Heads,Colgate Link Whitening Medium Brush Heads2 per pack,£6,£3.00 each,
Colgate Link Whitening Toothbrush Handle With Replaceable Heads,Colgate Link Whitening Toothbrush Han…2 per pack,£10,£5.00 each,
Colgate Max Fresh Cooling Crystals Flouride Toothpaste,Colgate Max Fresh Cooling Cryst…75ml,£2,£2.66 per 100ml,"Offer price £2, was £2.25"
Colgate Max Fresh Cooling Crystals Toothpaste,Colgate Max Fresh Cooling…125ml,£4,£3.20 per 100ml,
Colgate Maximum Cavity Protection Kids Toothpaste 3+ Years ,Colgate Maximum Cavity Protection…50ml,£2,£4.00 per 100ml,
Colgate Max White Crystal Fluoride Toothpaste ,Colgate Max White Crystal…125ml,£5,£4.00 per 100ml,
Colgate Max White Expert +  Anti-Stain Toothpaste ,Colgate Max White Expert +  Anti-Stain Toothpaste 75ml,£12,£16.00 per 100ml,
Colgate Max White Expert Whitening Sonic Power Toothbrush,Colgate Max White Expert Whitenin…,£7,,
Colgate Max White Luminous Sparkling Mint Whitening Toothpaste,Colgate Max White Luminous Sparklin…75ml,£2.50,£3.34 per 100ml,"Offer price £2.50, was £5"
Colgate Max White Medium Toothbrush ,Colgate Max White Medium Toothbrush ,£2.15,,
Colgate Max White Medium Toothbrushes,Colgate Max White Medium Toothbrushes3 per pack,£3.50,£1.17 each,"Offer price £3.50, was £5"
Colgate Max White Mouthwash,Colgate Max White Mouthwash500ml,£2.50,50p per 100ml,"Offer price £2.50, was £5"
Colgate Max White Optic Whitening Toothpaste,Colgate Max White Optic Whitening Toothpaste75ml,£2.50,£3.34 per 100ml,"Offer price £2.50, was £5"
Colgate Max White Overnight Whitening Pen,Colgate Max White Overnight Whitening Pen,£20,,
Colgate Max White Purple Reveal Teeth Whitening Toothpaste,Colgate Max White Purple Reveal T…75ml,£2.50,£3.34 per 100ml,"Offer price £2.50, was £5"
Colgate Max White Sparkle Diamonds Toothpaste,Colgate Max White Sparkle…75ml,£2,£2.66 per 100ml,"Offer price £2, was £2.50"
Colgate Max White Ultimate Catalyst Whitening Toothpaste,Colgate Max White Ultimate Cata…75ml,£12,£16.00 per 100ml,"Offer price £12, was £20"
Colgate Max White Ultra Active Foam Whitening Toothpaste 75ml,Colgate Max White Ultra Active Foam…75ml,£8,£10.67 per 100ml,
Colgate Max White Ultra Fresh Pearls Whitening Toothpaste 75ml,Colgate Max White Ultra Fresh Pearl…75ml,£8,£10.67 per 100ml,
Colgate Periogard Gum Protection Sensitive Toothpaste 75ml,Colgate Periogard Gum Protection…75ml,£2.50,£3.34 per 100ml,"Offer price £2.50, was £5"
Colgate Periogard Gum Protection Toothpaste 75ml,Colgate Periogard Gum Prote…75ml,£2.50,£3.34 per 100ml,"Offer price £2.50, was £5"
Colgate Periogard Gum Protect Mouthwash 400ml,Colgate Periogard Gum Protect Mouthwash 400ml400ml,£2.50,62.5p per 100ml,"Offer price £2.50, was £5"
Colgate Plax Cool Mint Mouthwash ,Colgate Plax Cool Mint Mouthwash 500ml,£2.25,45p per 100ml,"Offer price £2.25, was £3.50"
Colgate Plax Cool Mint Mouthwash,Colgate Plax Cool Mint Mouthwash250ml,£1.25,50p per 100ml,
Colgate Plax Soft Mint Mouthwash ,Colgate Plax Soft Mint Mouthwash 500ml,£2.25,45p per 100ml,"Offer price £2.25, was £3.50"
Colgate Plax Soft Mint Mouthwash with CPC,Colgate Plax Soft Mint Mouthwash with CPC250ml,£1.25,50p per 100ml,
Colgate Recyclean Medium Toothbrush,Colgate Recyclean Medium Toothbrush,£4,,
Colgate Sensitive Instant Relief Enamel Repair Toothpaste,Colgate Sensitive Instant Relief…75ml,£2.50,£3.33 per 100ml,
Colgate Sensitive Instant Relief Multi Protection Toothpaste,Colgate Sensitive Instant Relief Mu…75ml,£2.50,£3.33 per 100ml,
Colgate Sensitive Instant Relief Repair & Prevent Toothpaste,Colgate Sensitive Instant Relief Re…75ml,£2.50,£3.33 per 100ml,
Colgate Sensitive Instant Relief Whitening Toothpaste,Colgate Sensitive Instant Rel…75ml,£2.50,£3.33 per 100ml,
Colgate Sensitive Multi Protection Toothpaste ,Colgate Sensitive Multi Protection Toothpaste 75ml,£2,£2.67 per 100ml,
Colgate Sensitive with Sensifoam Whitening Toothpaste,Colgate Sensitive with Sensif…75ml,£2,£2.67 per 100ml,
Colgate Slim Soft Advanced Toothbrush,Colgate Slim Soft Advanced Toothbrush,£4,,
Colgate Total 24 Hour Protection Peppermint Blast Mouthwash ,Colgate Total 24 Hour Protection Pe…500ml,£5,£1.00 per 100ml,
Colgate Total Active Fresh Toothpaste 125ml ,Colgate Total Active Fresh Toothpaste 125ml 125ml,£3,£2.40 per 100ml,"Offer price £3, was £4"
Colgate Total Advanced Deep Clean Toothpaste,Colgate Total Advanced Deep Clean Toothpaste75ml,£5,£6.67 per 100ml,
Colgate Total Advanced Enamel Strength Toothpaste,Colgate Total Advanced Enam…75ml,£5,£6.67 per 100ml,
Colgate Total Advanced Sensitive Care Toothpaste,Colgate Total Advanced Sensitive Care Toothpaste75ml,£5,£6.67 per 100ml,
Colgate Total Advanced Whitening Toothpaste Pump ,Colgate Total Advanced Whit…100ml,£3,£3.00 per 100ml,"Offer price £3, was £3.50"
Colgate Total Advance Whitening Toothpaste ,Colgate Total Advance Whitening Toothpaste 75ml,£2,£2.66 per 100ml,"Offer price £2, was £2.50"
Colgate Total Advance Whitening Toothpaste,Colgate Total Advance Whitening Toothpaste125ml,£3,£2.40 per 100ml,"Offer price £3, was £4"
Colgate Total Kids Toothpaste 7-12 Years ,Colgate Total Kids Toothpaste 7-12 Years 50ml,£2,£4.00 per 100ml,
Colgate Total Original Care Toothpaste,Colgate Total Original Care Toothpaste125ml,£3,£2.40 per 100ml,"Offer price £3, was £4"
Colgate Total Original Toothpaste,Colgate Total Original Toothpaste75ml,£2,£2.66 per 100ml,"Offer price £2, was £2.50"
Colgate Total Original Toothpaste ,Colgate Total Original Toothpaste 20ml,£1,50p per 10ml,
Colgate Total Spearmint Burst Mouthwash,Colgate Total Spearmint Burst Mouthwash500ml,£5,£1.00 per 100ml,
Colgate Triple Action Extra White Toothpaste,Colgate Triple Action Extra White Toothpaste75ml,£1.50,£2.00 per 100ml,
Colgate Triple Action Mouthwash,Colgate Triple Action Mouthwash500ml,£1.75,35p per 100ml,
Colgate Triple Action Toothpaste,Colgate Triple Action Toothpaste75ml,£1,£1.33 per 100ml,
Colgate White Teeth Toothpaste,Colgate White Teeth Toothpaste75ml,£1,£1.33 per 100ml,
Colgate ZigZag Charcoal Medium Toothbrushes,Colgate ZigZag Charcoal Medium Toothbrushes3 per pack,£3,£1.00 each,"Offer price £3, was £4"
Colgate Zig Zag Firm Toothbrush ,Colgate Zig Zag Firm Toothbrush ,£3,,
Colgate Zig Zag Flexible Medium Toothbrush With Compact Head,Colgate Zig Zag Flexible Medium Too…,£1.50,,"Offer price £1.50, was £3"
Collection Glam Crystals Face & Body Glitter Royal Diva,Collection Glam Crystals Face &…,£2.50,,
Collection Glam Crystals Face & Body Glitter Splash,Collection Glam Crystals Face & Body Glitter Splash,£2.50,,
Collection Glam Crystals Face & Body Glitter Temptation,Collection Glam Crystals Face &…,£2.50,,
Colourless Max Condition Hair Colour Remover,Colourless Max Condition Hair Colour Remover341g,£10,£2.93 per 100g,
Colourless Max Effect Colour Remover,Colourless Max Effect Colour Remover235g,£10,£4.26 per 100g,
Corsodyl Complete Protection Gum Care Mouthwash Extra Fresh,Corsodyl Complete Protection Gum…500ml,£3,60p per 100ml,"Offer price £3, was £5"
Corsodyl Complete Protection Gum Care Toothpaste Extra Fresh,Corsodyl Complete Protection Gum Ca…75ml,£3,£4.00 per 100ml,"Offer price £3, was £4.50"
Corsodyl Complete Protection Gum Care Toothpaste Whitening,Corsodyl Complete Protection Gum…75ml,£3,£4.00 per 100ml,"Offer price £3, was £4.50"
Corsodyl Cool Mint Daily Mouthwash ,Corsodyl Cool Mint Daily Mouthwash 500ml,£5,£1.00 per 100ml,Corsodyl Daily - Buy Any 3 for £9
Corsodyl Daily Gum Care Mouthwash Alcohol Free Fresh Mint,Corsodyl Daily Gum Care Mouthwash…500ml,£5,£1.00 per 100ml,Corsodyl Daily - Buy Any 3 for £9
Corsodyl Gum + Breath & Sensitivity Whitening Toothpaste 75ml,Corsodyl Gum + Breath & Sensitivity…75ml,£5.50,£7.33 per 100ml,
Corsodyl Gum Breath & Sensitivity Toothpaste ,Corsodyl Gum Breath & Sensitivity Toothpaste 75ml,£5.50,£7.33 per 100ml,
Corsodyl Gum Care Toothpaste Daily Fluoride Original,Corsodyl Gum Care Toothpaste…75ml,£4,£5.33 per 100ml,
"Corsodyl Gum Disease & Bleeding Gum Treatment Mouthwash, Freshmint, 0.2%,",Corsodyl Gum Disease & Bleeding…300ml,£5,£1.67 per 100ml,
Corsodyl Gum Disease & Bleeding Gum Treatment Original Mouthwash,Corsodyl Gum Disease & Bleeding Gum T…300ml,£5,£1.67 per 100ml,
Corsodyl Medicated Alcohol Free Mint Mouthwash,Corsodyl Medicated Alcoho…300ml,£5,£1.67 per 100ml,
Corsodyl Mild Mint Complete Protection Mouthwash,Corsodyl Mild Mint Complete…500ml,£3,60p per 100ml,"Offer price £3, was £5"
Corsodyl Ultra Clean Daily Gum Care Fluoride Toothpaste,Corsodyl Ultra Clean Daily Gum…75ml,£4,£5.33 per 100ml,
Creightons Argan Conditioner,Creightons Argan Conditioner250ml,£1.09,43.6p per 100ml,
Creightons Argan Shampoo,Creightons Argan Shampoo250ml,£1.09,43.6p per 100ml,
Creightons Argan Smooth Miracle Hair Oil ,Creightons Argan Smooth Miracle Hair Oil 50ml,£2.50,£5.00 per 100ml,
Creightons Argan Smooth Soothing Deep Treatment Masque,Creightons Argan Smooth Soothin…100ml,£1.50,£1.50 per 100ml,
Creightons Frizz No More Instant Curls Revitalising Spray ,Creightons Frizz No More Instant…150ml,£2,£1.33 per 100ml,
Creightons Frizz No More Sleek & Shine Miracle Serum ,Creightons Frizz No More Slee…50ml,£2,£4.00 per 100ml,
Creightons Frizz No More Smooth & Shine Blow Dry Cream ,Creightons Frizz No More Smooth…100ml,£1.50,£1.50 per 100ml,
 Creightons Pro Keratin Conditioner, Creightons Pro Keratin Conditioner250ml,£1.09,43.6p per 100ml,
Creightons Pro Keratin Repairing Deep Treatment Masque ,Creightons Pro Keratin Repairin…100ml,£1.50,£1.50 per 100ml,
Creightons Pro Keratin Rescue & Repair 2 Minute Treatment ,Creightons Pro Keratin Rescue & R…125ml,£1.50,£1.20 per 100ml,
 Creightons Pro Keratin Shampoo, Creightons Pro Keratin Shampoo250ml,£1.09,43.6p per 100ml,
Creightons Salicylic Acid Exfoliating Tonic,Creightons Salicylic Acid Exfoliating Tonic200ml,£3,£1.50 per 100ml,
Creightons Salicylic Acid Foaming Clay Cleanser ,Creightons Salicylic Acid Foaming Clay Cleanser 125ml,£2,£1.60 per 100ml,
Creightons Salicylic Acid Intense Serum 2% Salicylic,Creightons Salicylic Acid Intense Serum 2% Salicylic30ml,£3,£10.00 per 100ml,
Creightons Salicylic Acid Soothing Gel Lotion,Creightons Salicylic Acid Soothing Gel Lotion75ml,£2,£2.67 per 100ml,
Creightons Sunshine Blonde Silver Brightening Treatment Masque,Creightons Sunshine Blonde Silver B…100ml,£1.50,£1.50 per 100ml,
 Creightons Sunshine Blonde Silver Conditioner, Creightons Sunshine Blonde Silver Conditioner200ml,£1.09,54.5p per 100ml,
 Creightons Sunshine Blonde Silver Shampoo, Creightons Sunshine Blonde Silver Shampoo200ml,£1.09,54.5p per 100ml,
Creightons Vitamin C Superfruits 2% Bright Eye Serum,Creightons Vitamin C Superfru…15ml,£3,£20.00 per 100ml,
Creightons Vitamin C Superfruits 2% Ultra Glow Serum,Creightons Vitamin C Superfru…30ml,£3,£10.00 per 100ml,
Creightons Vitamin C Superfruits Daily Brightening Wash,Creightons Vitamin C Superfruit…150ml,£2,£1.33 per 100ml,
Creightons Vitamin C Superfruits Glow Enzyme Scrub,Creightons Vitamin C Superf…150ml,£2,£1.33 per 100ml,
Creightons Vitamin C Superfruits Skin Radiance Gel Moisturiser ,Creightons Vitamin C Superfruits Skin…75ml,£2,£2.67 per 100ml,
Cussons Antibacterial Carex Protects Moisture Plus Hand Gel,Cussons Antibacterial Carex Prote…50ml,£1,£2.00 per 100ml,"Offer price £1, was £1.25"
Cussons Creations Marshmallow Skies Bath Soak,Cussons Creations Marshma…500ml,£1,20p per 100ml,
Cussons Creations Marshmallow Skies Hand Wash,Cussons Creations Marshma…500ml,£1,20p per 100ml,
Cussons Creations Marshmallow Skies Shower Gel,Cussons Creations Marshma…250ml,£1,40p per 100ml,
Cussons Creations To The Moon & Back Bath Soak,Cussons Creations To The Moon & Back Bath Soak500ml,£1,20p per 100ml,
Cussons Creations To The Moon And Back Hand Wash,Cussons Creations To The Mo…500ml,£1,20p per 100ml,
Cussons Creations To The Moon And Back Shower Gel,Cussons Creations To The Mo…250ml,£1,40p per 100ml,
Cutex All-In-One Strengthener,Cutex All-In-One Strengthener13.6ml,£5,£36.77 per 100ml,"Offer price £5, was £6"
Cutex Care Ultra-Powerful Nail Polish Remover,Cutex Care Ultra-Powerful Nail Polish Remover200ml,£3,£1.50 per 100ml,
Cutex Twist & Scrub Sponge Nail Polish Remover Jar,Cutex Twist & Scrub Sponge…59ml,£4,£6.78 per 100ml,
Cuticura Cucumber Hand Gel,Cuticura Cucumber Hand Gel100ml,£1,£1.00 per 100ml,"Offer price £1, was £2"
David Beckham Homme Deodorant Spray,David Beckham Homme Deodorant Spray150ml,£3,£2.00 per 100ml,
David Beckham Instinct Sport Body Spray ,David Beckham Instinct Sport Body Spray 150ml,£3,£2.00 per 100ml,
Deep Heat Well Patch       ,Deep Heat Well Patch       4 per pack,£6,£1.50 each,
Dentyl Dual Action Fresh Clove Mouthwash,Dentyl Dual Action Fresh Clove Mouthwash500ml,£3.75,75p per 100ml,
Dentyl Dual Action Smooth Mint Mouthwash,Dentyl Dual Action Smooth Mint Mouthwash500ml,£3.75,75p per 100ml,
Dettol Antibacterial Bar Soap Original with Moisturising Agents,Dettol Antibacterial Bar Soap Origina…2 x 100g,£1.30,65p per 100g,
Donate £10 To Support A Food Bank With Morrisons,Donate £10 To Support A Food Bank With Morrisons,£10,,
Donate £1 To Support A Food Bank With Morrisons ,Donate £1 To Support A Food Bank With Morrisons ,£1,,
Donate £3 To Support A Food Bank With Morrisons,Donate £3 To Support A Food Bank With Morrisons,£3,,
Donate £5 To Support A Food Bank With Morrisons,Donate £5 To Support A Food Bank With Morrisons,£5,,
Dove Advanced Antiperspirant Deodorant Original Aerosol,Dove Advanced Antiperspirant De…200ml,£4,£2.00 per 100ml,
Dove Advanced Antiperspirant Deodorant Passion Fruit Aerosol ,Dove Advanced Antiperspirant Deodor…200ml,£4,£2.00 per 100ml,
Dove Advanced Antiperspirant Deodorant Pear & Aloe Vera Aerosol ,Dove Advanced Antiperspirant Deodoran…200ml,£4,£2.00 per 100ml,
Dove Advanced Antiperspirant Deodorant Pomegranate Aerosol,Dove Advanced Antiperspirant Deod…200ml,£4,£2.00 per 100ml,
Dove Anti Stress Body Wash Shower Gel ,Dove Anti Stress Body Wash Shower Gel 450ml,£3,66.7p per 100ml,
Dove Bath Soak Restoring,Dove Bath Soak Restoring450ml,£3,66.7p per 100ml,"Offer price £3, was £4.50"
Dove Beauty Cream Soap Bars,Dove Beauty Cream Soap Bars6 x 90g,£3.50,64.8p per 100g,
Dove Care & Protect Hand Cream Spf15,Dove Care & Protect Hand Cream Spf1575ml,£5,£6.67 per 100ml,
Dove Care And Protect Body Wash Shower Gel,Dove Care And Protect Body Wash Shower Gel450ml,£3,66.7p per 100ml,
Dove Caring Bath Almond Cream,Dove Caring Bath Almond Cream450ml,£3,66.7p per 100ml,
Dove Caring Bath Indulging Cream,Dove Caring Bath Indulging Cream450ml,£3,66.7p per 100ml,
Dove Caring Bath Shea Butter,Dove Caring Bath Shea Butter450ml,£3,66.7p per 100ml,
 Dove Colour Care Conditioner, Dove Colour Care Conditioner350ml,£2,57.1p per 100ml,
Dove Colour Care Shampoo,Dove Colour Care Shampoo400ml,£2,50p per 100ml,
Dove Cream Bar,Dove Cream Bar2 x 90g,£1.50,83.3p per 100g,
Dove Daily Moisture Conditioner ,Dove Daily Moisture Conditioner 350ml,£2,57.1p per 100ml,
Dove Daily Moisture Light Shampoo ,Dove Daily Moisture Light Shampoo 400ml,£2,50p per 100ml,
Dove Daily Moisture Shampoo ,Dove Daily Moisture Shampoo 400ml,£2,50p per 100ml,
Dove Daily Moisturiser Light Conditioner ,Dove Daily Moisturiser Light Conditioner 350ml,£2,57.1p per 100ml,
Dove Deeply Nourishing Body Wash Shower Gel ,Dove Deeply Nourishing Body Wash Shower Gel 450ml,£3,66.7p per 100ml,
Dove Derma Lotion Summer Rev Dark,Dove Derma Lotion Summer Rev Dark200ml,£4,£2.00 per 100ml,"Offer price £4, was £6"
Dove Derma Lotion Summer Rev Fair,Dove Derma Lotion Summer Rev Fair200ml,£4,£2.00 per 100ml,"Offer price £4, was £6"
Dove DermaSpa Summer Revived Fair to Medium Gradual Self Tan,Dove DermaSpa Summer Revived Fair t…200ml,£3.50,£1.75 per 100ml,
Dove Essential Nourish Hand Cream,Dove Essential Nourish Hand Cream75ml,£4,£5.33 per 100ml,
Dove Essential Nourishing Body Lotion,Dove Essential Nourishing Body Lotion400ml,£5,£1.25 per 100ml,
Dove Glow & Go Gradual Self Tan Gift Set,Dove Glow & Go Gradual Self Tan Gift Set,£8,,
Dove Go Fresh Pear & Aloe Vera Roll On Deodorant,Dove Go Fresh Pear & Aloe V…50ml,£1.50,£3.00 per 100ml,"Offer price £1.50, was £2.40"
Dove Gradual Self Tan Body Mousse Fair To Medium ,Dove Gradual Self Tan Body…150ml,£5.50,£3.67 per 100ml,"Offer price £5.50, was £10"
Dove Gradual Self Tan Mousse Medium To Dark,Dove Gradual Self Tan Mousse Medium To Dark150ml,£5.50,£3.67 per 100ml,"Offer price £5.50, was £10"
Dove Intense Repair Conditioner  ,Dove Intense Repair Conditioner  350ml,£2,56.9p per 100ml,"Offer price £2, was £3.97"
Dove Intensive Repair Shampoo ,Dove Intensive Repair Shampoo 400ml,£2,50p per 100ml,"Offer price £2, was £3.97"
Dove  Invisible Dry Antiperspirant Deodorant Stick,Dove  Invisible Dry Antiper…40ml,£2,£5.00 per 100ml,
Dove Liquid Beauty Cream Wash Hand Wash,Dove Liquid Beauty Cream Wash Hand Wash250ml,£1.25,50p per 100ml,
Dove Liquid Hand Wash Cream Refill Pouch,Dove Liquid Hand Wash Cream Refill Pouch500ml,£1.80,36p per 100ml,
Dove Men+Care Advanced Antiperspirant Deodorant Clean Comfort,Dove Men+Care Advanced Antiperspira…200ml,£4,£2.00 per 100ml,
Dove Men+Care Advanced Antiperspirant Deodorant Extra Fresh,Dove Men+Care Advanced Antiperspi…200ml,£4,£2.00 per 100ml,
Dove Men+Care Advanced Antiperspirant Deodorant Sport Fresh ,Dove Men+Care Advanced Antiperspira…200ml,£4,£2.00 per 100ml,
Dove Men+Care Antiperspirant Deodorant Classic Aerosol ,Dove Men+Care Antiperspirant De…200ml,£2.50,£1.25 per 100ml,
Dove Men+Care Antiperspirant Deodorant Fresh Aerosol ,Dove Men+Care Antiperspirant…200ml,£2.50,£1.25 per 100ml,
Dove Men + Care Clean Comfort Body Wash Shower Gel,Dove Men + Care Clean Comfo…400ml,£3,75p per 100ml,
Dove Men + Care Extra Fresh Body Wash Shower Gel,Dove Men + Care Extra Fresh…400ml,£3,75p per 100ml,
Dove Mini Body Wash Deeply Nourishing,Dove Mini Body Wash Deeply Nourishing55ml,£1.50,£2.73 per 100ml,
Dove Nutritive Solutions Daily Moisture 2in1,Dove Nutritive Solutions Daily Moisture 2in1400ml,£2,50p per 100ml,"Offer price £2, was £3.97"
Dove  Original Anti-perspirant Deodorant Stick,Dove  Original Anti-persp…40ml,£2,£5.00 per 100ml,
Dove Pink Soap Bar,Dove Pink Soap Bar2 x 90g,£1.50,83.3p per 100g,
Dove Pro-Age Nourishing Body Wash Shower Gel,Dove Pro-Age Nourishing Body Wash Shower Gel450ml,£3,66.7p per 100ml,
Dove Pro Age Nourishing Body Butter ,Dove Pro Age Nourishing Body Butter 250ml,£6,£2.40 per 100ml,
Dove Pro Age Nourishing Body Cream ,Dove Pro Age Nourishing Body Cream 400ml,£6,£1.50 per 100ml,
Dove Salts Pouch Renewing,Dove Salts Pouch Renewing900g,£3.50,38.9p per 100g,"Offer price £3.50, was £5.25"
Dove Salts Pouch Restoring,Dove Salts Pouch Restoring900g,£3.50,3.9p per 10g,"Offer price £3.50, was £5.25"
Dove Sensitive Body Wash,Dove Sensitive Body Wash450ml,£3,66.7p per 100ml,
Dove Silk Glow Body Wash Shower Gel ,Dove Silk Glow Body Wash Shower Gel 450ml,£3,66.7p per 100ml,
Dove Silky Nourishing Body Cream,Dove Silky Nourishing Body Cream300ml,£3.50,£1.17 per 100ml,"Offer price £3.50, was £7"
Dove Spf 15 Body Lotion,Dove Spf 15 Body Lotion400ml,£8,£2.00 per 100ml,
Dove Supreme Silk Beauty Cream Wash,Dove Supreme Silk Beauty Cream Wash250ml,£1.25,50p per 100ml,
Dove Women Advanced Antiperspirant Deodorant Roll on Invisible Dry ,Dove Women Advanced Antiperspirant Deod…50ml,£3,£6.00 per 100ml,
Dove Women Advanced Antiperspirant Deodorant Roll on Original ,Dove Women Advanced Antiperspirant…50ml,£3,£6.00 per 100ml,
Dove Women Advanced Antiperspirant Deodorant Roll on Pomegranate,Dove Women Advanced Antiperspirant De…50ml,£3,£6.00 per 100ml,
Dove Women Antiperspirant Deodorant Classic Aerosol,Dove Women Antiperspirant Deo…200ml,£2.50,£1.25 per 100ml,
Dove Women Antiperspirant Deodorant Powder Aerosol ,Dove Women Antiperspirant Deo…200ml,£2.50,£1.25 per 100ml,
Dulcolax 5Mg Gastro - Resistant Tablets 20S,Dulcolax 5Mg Gastro - Resistant Tablets 20S,£3,,
E45 Daily Fast Absorption Moisturiser Lotion,E45 Daily Fast Absorption Moisturiser Lotion400ml,£6,£1.50 per 100ml,
E45 Eczema Repair,E45 Eczema Repair200ml,£17.50,£8.75 per 100ml,
"E45 Moisturiser Lotion, Body, Face And Hand Lotion For Very Dry Skin","E45 Moisturiser Lotion, Body, Face And…500g",£14,£2.80 per 100g,
"E45 Moisturiser Lotion, body, face and hands lotion For Very Dry Skin","E45 Moisturiser Lotion, body, face and ha…200ml",£4.50,£2.25 per 100ml,
Eco Warrior All Over Body Bar,Eco Warrior All Over Body Bar100g,£4.50,£4.50 per 100g,
Eco Warrior Clear Skin Charcoal Bar 100g,Eco Warrior Clear Skin Charcoal Bar 100g100g,£4.50,£4.50 per 100g,
Elegant Touch 103 Medium Bare Natural F/Nails,Elegant Touch 103 Medium…,£6,,
Elegant Touch 144 Petite Bare Natural False Nails,Elegant Touch 144 Petite Bare Natural False Nails,£6,,
Elegant Touch Brush On Nail Glue,Elegant Touch Brush On Nail Glue6ml,£3,£5.00 per 10ml,"Offer price £3, was £3.75"
Elegant Touch Nails With Glue - New Nude,Elegant Touch Nails With Glue - New Nude24 per pack,£5,20.8p each,
Elizabeth Arden Sunflowers Edition,Elizabeth Arden Sunflowers Edition100ml,£10.95,£10.95 per 100ml,
 Elnett Coloured Hair Hairspray, Elnett Coloured Hair Hairspray200ml,£3.50,£1.75 per 100ml,"Offer price £3.50, was £4.50"
 Elnett Coloured Hair Hairspray, Elnett Coloured Hair Hairspray400ml,£7.50,£1.88 per 100ml,
 Elnett Damaged Hair Hairspray, Elnett Damaged Hair Hairspray400ml,£7.50,£1.88 per 100ml,
 Elnett Damaged Hair Hairspray, Elnett Damaged Hair Hairspray200ml,£3.50,£1.75 per 100ml,"Offer price £3.50, was £4.50"
 Elnett Extra Strong Hairspray, Elnett Extra Strong Hairspray400ml,£7.50,£1.88 per 100ml,
Elnett Flexible Hold Hairspray,Elnett Flexible Hold Hairspray400ml,£7.50,£1.88 per 100ml,
Elnett Infinite Shine Supreme Hold,Elnett Infinite Shine Supreme Hold400ml,£7.50,£1.88 per 100ml,
Elnett Infinite Shine Supreme Hold ,Elnett Infinite Shine Supreme Hold 200ml,£3.50,£1.75 per 100ml,"Offer price £3.50, was £4.50"
 Elnett Strong Hairspray , Elnett Strong Hairspray 200ml,£3.50,£1.75 per 100ml,"Offer price £3.50, was £4.50"
 Elnett Supreme Hold Hairspray, Elnett Supreme Hold Hairspray200ml,£3.50,£1.75 per 100ml,"Offer price £3.50, was £4.50"
 Elnett Supreme Hold Hairspray, Elnett Supreme Hold Hairspray400ml,£7.50,£1.88 per 100ml,
Elnett Volume Flat Hair Hairspray,Elnett Volume Flat Hair Hairspray400ml,£7.50,£1.88 per 100ml,
Elvive Colour Protect Conditioner,Elvive Colour Protect Conditioner200ml,£3,£1.50 per 100ml,Buy 2 for £4
Elvive Colour Protect Conditioner,Elvive Colour Protect Conditioner300ml,£3,£1.00 per 100ml,"Offer price £3, was £6"
 Elvive Colour Protect Shampoo, Elvive Colour Protect Shampoo250ml,£3,£1.20 per 100ml,Buy 2 for £4
Elvive Colour Protect Shampoo Refillable Eco Pouch,Elvive Colour Protect Shamp…500ml,£6.80,£1.36 per 100ml,
Elvive Dream Lengths Blowdry Cream,Elvive Dream Lengths Blowdry Cream150ml,£3,£2.00 per 100ml,"Offer price £3, was £5.99"
Elvive Dream Lengths Curl Foam,Elvive Dream Lengths Curl Foam200ml,£3,£1.50 per 100ml,"Offer price £3, was £6"
Elvive Dream Lengths Defeat Heat Spray,Elvive Dream Lengths Defeat Heat Spray150ml,£3,£2.00 per 100ml,"Offer price £3, was £5.99"
Elvive Dream Lengths Dry Shampoo,Elvive Dream Lengths Dry Shampoo200ml,£2.50,£1.25 per 100ml,"Offer price £2.50, was £5"
Elvive Dream Lengths Shampoo Refillable Eco Pouch,Elvive Dream Lengths Shampo…500ml,£6.80,£1.36 per 100ml,
Elvive Extraordinary Clay Conditioner,Elvive Extraordinary Clay Conditioner300ml,£3,£1.00 per 100ml,"Offer price £3, was £6"
Elvive Extraordinary Oil Conditioner,Elvive Extraordinary Oil Conditioner300ml,£3,£1.00 per 100ml,"Offer price £3, was £6"
Elvive Extraordinary Oil Miracle Hair Perfecter ,Elvive Extraordinary Oil Miracle Hair Perfecter 100ml,£6.50,£6.50 per 100ml,"Offer price £6.50, was £10"
Elvive Extraordinary Oils Coconut Conditioner ,Elvive Extraordinary Oils Coconut Conditioner 300ml,£3,£1.00 per 100ml,"Offer price £3, was £6"
Elvive Full Restore 5 Conditioner,Elvive Full Restore 5 Conditioner300ml,£3,£1.00 per 100ml,"Offer price £3, was £6"
Elvive Hydra Hyaluronic Shampoo,Elvive Hydra Hyaluronic Shampoo400ml,£3.50,87.5p per 100ml,"Offer price £3.50, was £7"
Eucryl Freshmint Powerful Stain Removal Toothpowder,Eucryl Freshmint Powerful Sta…50g,£1.40,£2.80 per 100g,
Euthymol Original Toothpaste,Euthymol Original Toothpaste75ml,£2.50,£3.33 per 100ml,
Excellence Natural Ash Blonde 8.1,Excellence Natural Ash Blonde 8.1,£10,,Buy 2 for £13
Excellence Natural Dark Brown 4,Excellence Natural Dark Brown 4,£10,,Buy 2 for £13
Excellence Natural Golden Brown 5.3,Excellence Natural Golden Brown 5.3,£10,,Buy 2 for £13
Excellence Natural Light Blonde 9,Excellence Natural Light Blonde 9,£10,,Buy 2 for £13
Excellence Natural Light Brown 6,Excellence Natural Light Brown 6,£10,,Buy 2 for £13
Excellence Natural Light Golden Brown 6.3,Excellence Natural Light Golden Brown 6.3,£10,,Buy 2 for £13
Excellence Natural Mahogany Brown 5.5,Excellence Natural Mahogany Brown 5.5,£10,,Buy 2 for £13
 Excellence Supreme Lightest Natural Blonde 01, Excellence Supreme Light…,£10,,Buy 2 for £13
Eylure Dybrow Eyebrow Dye Kit Dark Brown,Eylure Dybrow Eyebrow Dye Kit Dark Brown,£7.50,,
Eylure Fluttery Light No. 117 Light & Wispy,Eylure Fluttery Light No. 117 Light & Wispy,£5.50,,
Eylure Texture No 157 Lashes,Eylure Texture No 157 Lashes,£5,,
Eylure Volume Lashes No. 101 Light Volume,Eylure Volume Lashes No. 101 Light Volume,£5,,
Fcuk Friction For Him Parfum 100Ml,Fcuk Friction For Him Parfum 100Ml100ml,£10,£10.00 per 100ml,
Fcuk Friction Her Parfum ,Fcuk Friction Her Parfum 100ml,£12.95,£12.95 per 100ml,
Feather & Down Melting Shower Cream,Feather & Down Melting Shower Cream250ml,£6,£2.40 per 100ml,
Feather & Down Sweet Dreams Bath Essence ,Feather & Down Sweet Dreams Bath Essence 500ml,£7,£1.40 per 100ml,
Femfresh 0% Wash ,Femfresh 0% Wash 250ml,£2.75,£1.10 per 100ml,
Femfresh Intimate Daily Deodorant,Femfresh Intimate Daily Deodorant125ml,£2.75,£2.20 per 100ml,
Femfresh Intimate Hygiene Large Feminine Freshness Wipes,Femfresh Intimate Hygiene Large…25 per pack,£2.75,11p each,
Femfresh Natural Balance Daily Intimate Wash,Femfresh Natural Balance Daily Intimate Wash250ml,£2.75,£1.10 per 100ml,
Feminax Express Ibuprofen Lysine 342mg Tablets,Feminax Express Ibuprofen…16 per pack,£4.50,28.1p each,
Fenjal Classic Creme Bath Oil,Fenjal Classic Creme Bath Oil125ml,£8.49,£6.79 per 100ml,
Fenjal Classic Creme Body Wash,Fenjal Classic Creme Body Wash200ml,£4.25,£2.13 per 100ml,
Fixodent Complete Original Denture Adhesive,Fixodent Complete Original Denture Adhesive65g,£4,£6.15 per 100g,
Fixodent Complete Original Denture Adhesive,Fixodent Complete Original Denture Adhesive40g,£3,£7.50 per 100g,
Fixodent Plus Best Food Seal Denture Adhesive Cream,Fixodent Plus Best Food Seal…40g,£3.50,£8.75 per 100g,
Fixodent Premium Adhesive Denture Cream ,Fixodent Premium Adhesive Denture Cream 40g,£4,£10.00 per 100g,
Fixodent Professional Adhesive Denture Cream ,Fixodent Professional Adhesive Denture Cream 40g,£4.50,£11.25 per 100g,
Flarin Joint & Muscular Pain Relief 200Mg Ibuprofen Soft Capsules,Flarin Joint & Muscular Pain Relief 2…12 per pack,£5.25,43.8p each,
Flo Bamboo Liners 24 Wrapped Ultra - Thin,Flo Bamboo Liners 24 Wrapped Ultra - Thin24 per pack,£2.50,10.4p each,
Frizz Ease Original Serum  ,Frizz Ease Original Serum  50ml,£5.32,£10.64 per 100ml,"Offer price £5.32, was £8"
Garnier Ambre Solaire Kids Sensitive Advanced S P F 50+ ,Garnier Ambre Solaire Kids Sens…200ml,£8,£4.00 per 100ml,
Garnier Ambre Solaire Protection Lotion High Spf50,Garnier Ambre Solaire Prote…50ml,£5.20,£10.40 per 100ml,
Garnier Belle Color Color-Ease Cream 5 Natural Brown,Garnier Belle Color Color-Eas…,£5,,
Garnier Belle Color Dark Brown,Garnier Belle Color Dark Brown,£5,,
Garnier Belle Color Ease Gel Auburn 5.5,Garnier Belle Color Ease Gel Auburn 5.5,£5,,
Garnier Belle Color Ease Gel Black 1,Garnier Belle Color Ease Gel Black 1,£5,,
Garnier Belle Color Ease Gel Medium Blonde 8,Garnier Belle Color Ease Gel Medium Blonde 8,£5,,
Garnier Belle Color Extra Light Ash Blonde 111,Garnier Belle Color Extra Light Ash Blonde 111,£5,,
Garnier Body Intensive 7 Days Hydrating Lotion Normal Skin,Garnier Body Intensive 7 Days Hyd…400ml,£2.50,62.5p per 100ml,"Offer price £2.50, was £5"
Garnier Body Intensive 7 Days Nourishing Mango Lotion ,Garnier Body Intensive 7 Days N…400ml,£2.50,62.5p per 100ml,"Offer price £2.50, was £5"
Garnier Body Intensive 7 Days Ultra Replenishing Lotion,Garnier Body Intensive 7 Days U…400ml,£2.50,62.5p per 100ml,"Offer price £2.50, was £5"
Garnier Body Superfood Aloe,Garnier Body Superfood Aloe380ml,£10,£2.63 per 100ml,
Garnier Body Superfood Avocado,Garnier Body Superfood Avocado380ml,£10,£2.63 per 100ml,
Garnier Body Superfood Cocoa,Garnier Body Superfood Cocoa380ml,£10,£2.63 per 100ml,
Garnier Gradual Tan Moisturiser Dark,Garnier Gradual Tan Moisturiser Dark250ml,£8,£3.20 per 100ml,
Garnier Gradual Tan Moisturiser Light,Garnier Gradual Tan Moisturiser Light250ml,£8,£3.20 per 100ml,
Garnier Hyaluronic Acid Ampoule Sheet Mask Watermelon ,Garnier Hyaluronic Acid Ampoule…15g,£4.50,£30.00 per 100g,
Garnier Micellar Cleansing Water  ,Garnier Micellar Cleansing Water  400ml,£4,£1.00 per 100ml,"Offer price £4, was £7"
Garnier Micellar Cleansing Water,Garnier Micellar Cleansing Water400ml,£4,£1.00 per 100ml,"Offer price £4, was £7"
Garnier Micellar Cleansing Water ,Garnier Micellar Cleansing Water 700ml,£5,71.3p per 100ml,"Offer price £5, was £8"
Garnier Micellar Eco Pad,Garnier Micellar Eco Pad,£9,,
Garnier Micellar Oil Infused Cleansing Water ,Garnier Micellar Oil Infused Cleansing Water 400ml,£7,£1.75 per 100ml,
Garnier Micellar Rose Water Cleanse & Glow,Garnier Micellar Rose Water Cleanse & Glow400ml,£7,£1.75 per 100ml,
Garnier Moisture Bomb Coconut Eye Tissue Mask,Garnier Moisture Bomb Coconut Eye Tissue Mask,£3,,Buy 2 for £4
Garnier Moisture Bomb Hydrating Tissue Mask,Garnier Moisture Bomb Hydrating Tissue Mask,£3,,Buy 2 for £4
Garnier Moisture Bomb Orange Eye Tissue Mask,Garnier Moisture Bomb Orange Eye Tissue Mask,£3,,Buy 2 for £4
Garnier Moisture Bomb Tissue Mask ,Garnier Moisture Bomb Tissue Mask 42g,£3,£7.14 per 100g,Buy 2 for £4
Garnier Moisture Bomb Tissue Mask,Garnier Moisture Bomb Tissue Mask,£3,,Buy 2 for £4
Garnier Nutri Bomb Milky Tissue Mask,Garnier Nutri Bomb Milky Tissue Mask,£3,,Buy 2 for £4
Garnier Nutrisse Auburn 4.5 Permanent Hair Dye  ,Garnier Nutrisse Auburn 4.5 Permanent Hair Dye  ,£8,,Buy 2 for £11.50
Garnier Nutrisse Creme 5.25 Frosted Chestnut,Garnier Nutrisse Creme 5.25 Frosted Chestnut,£8,,Buy 2 for £11.50
Garnier Nutrisse Dark Brown 4 Permanent Hair Dye,Garnier Nutrisse Dark Brown…,£8,,Buy 2 for £11.50
Garnier Nutrisse Darkest Brown 3 Permanent Hair Dye,Garnier Nutrisse Darkest Brow…,£8,,Buy 2 for £11.50
Garnier Nutrisse Dark Golden Blonde 7.3 Permanent Hair Dye,Garnier Nutrisse Dark Golden Blon…,£8,,Buy 2 for £11.50
Garnier Nutrisse Dark Golden Brown 4.3 Permanent Hair Dye,Garnier Nutrisse Dark Golden Brow…,£8,,Buy 2 for £11.50
Garnier Nutrisse Deep Burgundy 4.26 Permanent Hair Dye,Garnier Nutrisse Deep Burgundy…,£8,,Buy 2 for £11.50
Garnier Nutrisse Deep Red 4.6 Permanent Hair Dye,Garnier Nutrisse Deep Red 4.6 Permanent Hair Dye,£8,,Buy 2 for £11.50
Garnier Nutrisse Deep Reddish Brown 3.6 Permanent Hair Dye,Garnier Nutrisse Deep Reddish Bro…,£8,,Buy 2 for £11.50
Garnier Nutrisse Golden Light Brown 6.3 Permanent Hair Dye,Garnier Nutrisse Golden Light Bro…,£8,,Buy 2 for £11.50
Garnier Nutrisse Light Brown 6 Permanent Hair Dye,Garnier Nutrisse Light Brow…,£8,,Buy 2 for £11.50
Garnier Nutrisse Medium Dark Brown 4 1/2 Permanent Hair Dye,Garnier Nutrisse Medium Dark Brow…,£8,,Buy 2 for £11.50
Garnier Nutrisse Natural Baby Blonde 10.01 Permanent Hair Dye,Garnier Nutrisse Natural Baby Blond…,£8,,Buy 2 for £11.50
Garnier Nutrisse Ultra Color 2.6 Dark Cherry,Garnier Nutrisse Ultra Color 2.6 Dark Cherry,£8,,Buy 2 for £11.50
Garnier Nutrisse Ultra Colour Fiery Red 6.60,Garnier Nutrisse Ultra Colour Fiery Red 6.60,£8,,Buy 2 for £11.50
Garnier Nutrisse Ultra Iced Coffee Brown 4.15 Permanent Hair Dye,Garnier Nutrisse Ultra Iced Coffee Br…,£8,,Buy 2 for £11.50
Garnier Olia 3.0 Soft Black                       ,Garnier Olia 3.0 Soft Black                       ,£10,,Buy 2 for £14
Garnier Olia 4.0 Dark Brown                       ,Garnier Olia 4.0 Dark Brown                       ,£10,,Buy 2 for £14
Garnier Olia 4.15Iced Chocolate                   ,Garnier Olia 4.15Iced Chocolate                   ,£10,,Buy 2 for £14
Garnier Olia 5.0 Brown                            ,Garnier Olia 5.0 Brown                            ,£10,,Buy 2 for £14
Garnier Olia 6.0 Light Brown                      ,Garnier Olia 6.0 Light Brown                      ,£10,,Buy 2 for £14
Garnier Olia 6.60Intense Red                      ,Garnier Olia 6.60Intense Red                      ,£10,,Buy 2 for £14
Garnier Olia 7.4 Intense Copper,Garnier Olia 7.4 Intense Copper,£10,,Buy 2 for £14
Garnier Olia 8.0 Blonde                           ,Garnier Olia 8.0 Blonde                           ,£10,,Buy 2 for £14
Garnier Olia 9.0 Light Blonde                     ,Garnier Olia 9.0 Light Blonde                     ,£10,,Buy 2 for £14
Garnier Olia 9.3 Golden Light Blonde,Garnier Olia 9.3 Golden Light Blonde,£10,,Buy 2 for £14
Garnier Olia Hair Colourant 10 Very Light Blond,Garnier Olia Hair Coloura…,£10,,Buy 2 for £14
Garnier Olia Vivid Garnet 6.66 Colourant,Garnier Olia Vivid Garnet 6.66 Colourant,£10,,Buy 2 for £14
Garnier Organic Lemongrass Detox Gel Face Wash,Garnier Organic Lemongras…150ml,£4,£2.67 per 100ml,"Offer price £4, was £6"
Garnier Organic Restoring Hemp Multi-Restore Gel Cream,Garnier Organic Restoring Hemp…50ml,£5.34,£10.68 per 100ml,"Offer price £5.34, was £8"
Garnier Organic Restoring Hemp Multi-Restore Sleeping Oil,Garnier Organic Restoring Hemp Mu…30ml,£8,£26.67 per 100ml,"Offer price £8, was £12"
Garnier Pure Active 3in1 Clay Cleanser ,Garnier Pure Active 3in1 Clay Cleanser 150ml,£3.34,£2.23 per 100ml,"Offer price £3.34, was £5"
Garnier Pure Active Anti-Blackhead Nose Strips,Garnier Pure Active Anti-Blackhead Nose Strips4 per pack,£6,£1.50 each,
Garnier Pure Active Intensive Charcoal 3 In 1 Wash,Garnier Pure Active Intensi…150ml,£3.34,£2.23 per 100ml,"Offer price £3.34, was £5"
Garnier Pure Active Intensive Exfoliating Scrub ,Garnier Pure Active Intensive Exfoliating Scrub 150ml,£3.34,£2.23 per 100ml,"Offer price £3.34, was £5"
Garnier Repair Body Moisturiser ,Garnier Repair Body Moisturiser 400ml,£2.50,62.5p per 100ml,"Offer price £2.50, was £5"
Garnier Repair Hand Cream,Garnier Repair Hand Cream100ml,£2,£2.00 per 100ml,"Offer price £2, was £4"
Garnier Skin Active Micellar Cleansing Water ,Garnier Skin Active Micellar Cleansing Water 100ml,£1.50,£1.50 per 100ml,
Garnier Skin Active Moisture Bomb Tissue Chamomile Mask,Garnier Skin Active Moisture Bo…32g,£3,£9.38 per 100g,Buy 2 for £4
Garnier Skin Active Moisture Bomb Tissue Mask Green Tea 32G,Garnier Skin Active Moisture Bomb…,£3,,Buy 2 for £4
Garnier Skin Active Pure Charcoal Black Tissue Mask,Garnier Skin Active Pure Char…28g,£3,£10.71 per 100g,
Garnier Skin Active Pure Charcoal Black Tissue Mask,Garnier Skin Active Pure Char…,£3,,
Garnier Skin Active Ultra Lift Tissue Mask,Garnier Skin Active Ultra Lift Tissue Mask,£4,,
Garnier Skinactive Vitamin C Ampoule Sheet Mask Pineapple,Garnier Skinactive Vitamin C Ampo…15g,£4.50,£30.00 per 100g,
Garnier Skin Active Vitamin C Day Cream,Garnier Skin Active Vitamin C Day Cream50ml,£10,£20.00 per 100ml,
Garnier Skin Active Vitamin C Serum Cream,Garnier Skin Active Vitamin C Serum Cream50ml,£10,£20.00 per 100ml,
Garnier Skin Active Vitamin C Sheet Mask,Garnier Skin Active Vitamin C Sheet Mask,£3,,Buy 2 for £4
Garnier Ultimate Blends Almond Crush Conditioner ,Garnier Ultimate Blends Almond Crush Conditioner 400ml,£2.50,62.5p per 100ml,Buy 2 for £4
Garnier Ultimate Blends Almond Crush Shampoo ,Garnier Ultimate Blends Almond Crush Shampoo 400ml,£2.50,62.5p per 100ml,Buy 2 for £4
Garnier Ultimate Blends Argan Oil & Camellia Conditioner,Garnier Ultimate Blends Argan O…400ml,£2.50,62.5p per 100ml,Buy 2 for £4
Garnier Ultimate Blends Argan Oil & Camellia Shampoo,Garnier Ultimate Blends Argan…400ml,£2.50,62.5p per 100ml,Buy 2 for £4
Garnier Ultimate Blends Argan Oil & Cranberry Conditioner ,Garnier Ultimate Blends Argan Oil…400ml,£2.50,62.5p per 100ml,Buy 2 for £4
Garnier Ultimate Blends Argan Oil & Cranberry Shampoo ,Garnier Ultimate Blends Argan O…400ml,£2.50,62.5p per 100ml,Buy 2 for £4
Garnier Ultimate Blends Argan Richness Conditioner,Garnier Ultimate Blends Arg…400ml,£2.50,62.5p per 100ml,Buy 2 for £4
Garnier Ultimate Blends Argan Richness Shampoo ,Garnier Ultimate Blends Argan Richness Shampoo 400ml,£2.50,62.5p per 100ml,Buy 2 for £4
Garnier Ultimate Blends Coco Milk Conditioner ,Garnier Ultimate Blends Coco Milk Conditioner 400ml,£2.50,62.5p per 100ml,Buy 2 for £4
Garnier Ultimate Blends Coco Milk Shampoo ,Garnier Ultimate Blends Coco Milk Shampoo 400ml,£2.50,62.5p per 100ml,Buy 2 for £4
Garnier Ultimate Blends Coco Sleek Conditioner ,Garnier Ultimate Blends Coco Sleek Conditioner 400ml,£2.50,62.5p per 100ml,Buy 2 for £4
Garnier Ultimate Blends Coco Sleek Shampoo ,Garnier Ultimate Blends Coco Sleek Shampoo 400ml,£2.50,62.5p per 100ml,Buy 2 for £4
Garnier Ultimate Blends Coco Water Shampoo ,Garnier Ultimate Blends Coco Water Shampoo 400ml,£2.50,62.5p per 100ml,Buy 2 for £4
Garnier Ultimate Blends Core Coco Water Conditioner ,Garnier Ultimate Blends Core…400ml,£2.50,62.5p per 100ml,Buy 2 for £4
 Garnier Ultimate Blends Hair Food Aloe Vera Conditioner, Garnier Ultimate Blends Hair F…350ml,£6,£1.71 per 100ml,
Garnier Ultimate Blends Hair Food Aloe Vera Shampoo,Garnier Ultimate Blends Hair…350ml,£6,£1.71 per 100ml,
 Garnier Ultimate Blends Hair Food Banana 3 In 1 Dry Hair Mask, Garnier Ultimate Blends Hair Food…390ml,£8,£2.05 per 100ml,
 Garnier Ultimate Blends Hair Food Coconut Conditioner , Garnier Ultimate Blends Hair F…350ml,£6,£1.71 per 100ml,
 Garnier Ultimate Blends Hair Food Coconut Oil 3 In 1 Hair Mask, Garnier Ultimate Blends Hair Food Co…390ml,£8,£2.05 per 100ml,
 Garnier Ultimate Blends Hair Food Coconut Shampoo, Garnier Ultimate Blends Ha…350ml,£6,£1.71 per 100ml,
 Garnier Ultimate Blends Hair Food Papaya 3 In 1 Damaged Hair Mask, Garnier Ultimate Blends Hair Food Papa…390ml,£8,£2.05 per 100ml,
Garnier Ultimate Blends Hair Food Papaya Shampoo,Garnier Ultimate Blends Hai…350ml,£6,£1.71 per 100ml,
Garnier Ultimate Blends Hair Food Watermelon Conditioner,Garnier Ultimate Blends Hair Fo…350ml,£6,£1.71 per 100ml,
Garnier Ultimate Blends Hair Food Watermelon Shampoo,Garnier Ultimate Blends Hair…350ml,£6,£1.71 per 100ml,
Garnier Ultimate Blends Honey Treasures Conditioner ,Garnier Ultimate Blends Honey…400ml,£2.50,62.5p per 100ml,Buy 2 for £4
Garnier Ultimate Blends Honey Treasures Shampoo ,Garnier Ultimate Blends Hon…400ml,£2.50,62.5p per 100ml,Buy 2 for £4
Garnier Ultimate Blends Nourishing Hair Food Banana Conditioner Dry Hair,Garnier Ultimate Blends Nourish…350ml,£6,£1.71 per 100ml,
Garnier Ultimate Blends Nourishing Hair Food Banana Shampoo For Dry Hair,Garnier Ultimate Blends Nourish…350ml,£6,£1.71 per 100ml,
Garnier Ultimate Blends Oat Conditioner ,Garnier Ultimate Blends Oat Conditioner 400ml,£2.50,62.5p per 100ml,Buy 2 for £4
Garnier Ultimate Blends Oat Shampoo ,Garnier Ultimate Blends Oat Shampoo 400ml,£2.50,62.5p per 100ml,Buy 2 for £4
Garnier Ultimate Blends Repairing Hair Food Papaya Conditioner Damaged Hair,Garnier Ultimate Blends Repairi…350ml,£6,£1.71 per 100ml,
Garnier Ultralift Cream Day Cream ,Garnier Ultralift Cream Day Cream 50ml,£10,£20.00 per 100ml,
Garnier Ultra lift Day Cream SPF 15      ,Garnier Ultra lift Day Cream SPF 15      50ml,£10,£20.00 per 100ml,
Garnier Ultraliftnight Cream          ,Garnier Ultraliftnight Cream          50ml,£10,£20.00 per 100ml,
Garnier Vitamin C Serum,Garnier Vitamin C Serum30ml,£12,£40.00 per 100ml,
Get Fruity Get Cherried Away Body Wash & Butter,Get Fruity Get Cherried A…,£3,,
Gillet Simply Venus 2 Blades,Gillet Simply Venus 2 Blades4 per pack,£2,50p each,
Gillette Blue 3 Disposable Razors 4 pack,Gillette Blue 3 Disposable Razors 4 pack4 per pack,£2.35,58.8p each,"Offer price £2.35, was £4"
Gillette Blue 3 Smooth Disposable Razors 8 pack,Gillette Blue 3 Smooth Disposable Razors 8 pack8 per pack,£8,£1.00 each,
Gillette Blue Disposable Razors 20 pack,Gillette Blue Disposable Razors 20 pack20 per pack,£5.25,26.3p each,"Offer price £5.25, was £6"
Gillette Blue Plus Slalom Disposable Razors 8 pack,Gillette Blue Plus Slalom Disposable Razors 8 pack8 per pack,£4,50p each,
Gillette Classic Shaving Foam For Sensitive Skin,Gillette Classic Shaving Foam For Sensitive Skin200ml,£1.50,75p per 100ml,
Gillette Clear Gel Arctic Ice Deodorant,Gillette Clear Gel Arctic Ice Deodorant70ml,£3.25,£4.64 per 100ml,
Gillette Fusion 5 Power Razors For Men 4 Refill Razor Blades,Gillette Fusion 5 Power Razors For…4 per pack,£15,£3.75 each,
Gillette Fusion 5 Power Razors For Men 8 Refill Razor Blades,Gillette Fusion 5 Power Razors For…8 per pack,£24.50,£3.06 each,
Gillette Fusion5 ProGlide Manual Razor with FlexBall Technology For Men,Gillette Fusion5 ProGlide Man…,£8.65,,"Offer price £8.65, was £13"
Gillette Fusion 5 ProGlide Razors For Men 4 Refill Razor Blades,Gillette Fusion 5 ProGlide Razors For…4 per pack,£16,£4.00 each,
Gillette Fusion 5 ProGlide Razors For Men 8 Refill Razor Blades,Gillette Fusion 5 ProGlide Razors For…8 per pack,£29,£3.63 each,
Gillette Fusion5 ProGlide Starter Pack Handle + 4 Razor Blades,Gillette Fusion5 ProGlide Starter P…,£15,,"Offer price £15, was £22.50"
Gillette Fusion5 Razor For Men,Gillette Fusion5 Razor For Men,£11,,
Gillette Fusion 5 Razors For Men 4 Refill Razor Blades,Gillette Fusion 5 Razors For Me…4 per pack,£13,£3.25 each,
Gillette Fusion 5 Razors For Men 8 Refill Razor Blades,Gillette Fusion 5 Razors For Me…8 per pack,£23.50,£2.94 each,
Gillette Fusion5 Starter Pack Handle + 4 Razor Blades,Gillette Fusion5 Starter Pack…,£13.35,,"Offer price £13.35, was £20"
Gillette Fusion 5 Ultra Moisturising Shaving Gel,Gillette Fusion 5 Ultra Moisturising Shaving Gel200ml,£4,£2.00 per 100ml,
Gillette Fusion 5 Ultra Sensitive Shaving Gel,Gillette Fusion 5 Ultra Sensitive Shaving Gel250ml,£4,£1.60 per 100ml,
Gillette Fusion5 Ultra Shaving Foam for Sensitive Skin,Gillette Fusion5 Ultra Shaving…250ml,£2.20,88p per 100ml,"Offer price £2.20, was £4"
Gillette Fusion Power Razor,Gillette Fusion Power Razor,£13,,
Gillette Fusion ProGlide Big Pack Handle +9 Razor Blades,Gillette Fusion ProGlide Big Pa…,£27,,"Offer price £27, was £32"
Gillette Fusion ProGlide Styler,Gillette Fusion ProGlide Styler,£15,,"Offer price £15, was £22.50"
Gillette Fusion Value Pack Razor + 9 Blades,Gillette Fusion Value Pack Razor + 9 Blades,£28,,
Gillette Labs Exfoliating Razor With Magnetic Stand & Cartridge,Gillette Labs Exfoliating Razor With…,£15,,"Offer price £15, was £22.49"
Gillette Labs Exfoliating Razor With Magnetic Stand Black & Gold,Gillette Labs Exfoliating Razor With…,£22.49,,
Gillette Labs Neon Night Exfoliating Bar Men's Razor,Gillette Labs Neon Night Exfo…,£29.99,,
Gillette Labs Razor Blades Refill Cartridges,Gillette Labs Razor Blades Refill Cartridges4 per pack,£19.99,£5.00 each,
Gillette Labs Razor Blades Refill  Cartridges,Gillette Labs Razor Blades Refill  Cartridges6 per pack,£26.99,£4.50 each,
Gillette Labs Razor Blades Refill Cartridges,Gillette Labs Razor Blades Refill Cartridges9 per pack,£39.99,£4.44 each,
Gillette Labs Shave Foam ,Gillette Labs Shave Foam 240ml,£4,£1.67 per 100ml,"Offer price £4, was £5.99"
Gillette Labs Shave Gel ,Gillette Labs Shave Gel 198ml,£4,£2.02 per 100ml,"Offer price £4, was £5.99"
Gillette Labs With Exfoliating Bar Men's Razor,Gillette Labs With Exfoli…,£30,,
Gillette Mach3 Disposable Razors 3 Pack,Gillette Mach3 Disposable Razors 3 Pack3 per pack,£8,£2.67 each,
Gillette Mach3 Extra Comfort Shaving Gel,Gillette Mach3 Extra Comfort Shaving Gel200ml,£1.79,89.5p per 100ml,"Offer price £1.79, was £3"
Gillette Mach 3 Manual Blades,Gillette Mach 3 Manual Blades4 per pack,£9,£2.25 each,
Gillette Mach 3 Razor Blades 12 Pack,Gillette Mach 3 Razor Blades 12 Pack12 per pack,£21,£1.75 each,
Gillette Mach 3 Razor For Men and 1 Refill Razor Blades,Gillette Mach 3 Razor For Men a…,£8,,
Gillette Mach3 Razor for Men Big Pack-Handle + 11 Refill Razor Bladess,Gillette Mach3 Razor for Men Big Pack-Han…,£18,,"Offer price £18, was £24"
Gillette Mach 3 Razors For Men 8 Refill Razor Blades,Gillette Mach 3 Razors For Men 8 Refill Razor Blades8 per pack,£17,£2.13 each,
Gillette Mach 3 Turbo 3D Razor,Gillette Mach 3 Turbo 3D Razor,£6.65,,"Offer price £6.65, was £10"
Gillette Mach 3 Turbo Razors For Men 4 Refill Razor Blades,Gillette Mach 3 Turbo Razors For…4 per pack,£11.50,£2.88 each,
Gillette Mach 3 Turbo Razors For Men 8 Refill Razor Blades,Gillette Mach 3 Turbo Razors For…8 per pack,£19,£2.38 each,
Gillette Proglide Razor Blades,Gillette Proglide Razor Blades12 per pack,£25,£2.08 each,
Gillette Pro Sensitive Shave Gel,Gillette Pro Sensitive Shave Gel200ml,£5,£2.50 per 100ml,
Gillette Proshield Blades ,Gillette Proshield Blades 4 per pack,£18,£4.50 each,
Gillette Proshield Power 1 Razor + 8 Razor Blades,Gillette Proshield Power 1 Razor + 8 Razor Blades,£30,,"Offer price £30, was £35"
Gillette Proshield Power Razor,Gillette Proshield Power Razor,£15,,
Gillette Proshield Power Razor Blades Refill,Gillette Proshield Power Razor Blades Refill8 per pack,£30,£3.75 each,
Gillette Sensitive Shaving Gel For Sensitive Skin,Gillette Sensitive Shaving Gel For Sensitive Skin200ml,£1.70,85p per 100ml,
Gillette Sensor 3 Comfort Disposable Razors 4 pack,Gillette Sensor 3 Comfort Disposable Razors 4 pack4 per pack,£3.35,84.1p each,"Offer price £3.35, was £5.50"
Gillette Sensor 3 Comfort Disposable Razors 8 pack,Gillette Sensor 3 Comfort Disposable Razors 8 pack8 per pack,£9.50,£1.19 each,
Gillette Sensor3 Sensitive Disposable Razors 4 pack,Gillette Sensor3 Sensitive Disposable Razors 4 pack4 per pack,£3.35,83.9p each,"Offer price £3.35, was £5.75"
Gillette SensorExcel Razor Blades,Gillette SensorExcel Razor Blades5 per pack,£7.50,£1.50 each,
Gillette Series Sensitive Shaving Gel For Sensitive Skin,Gillette Series Sensitive Shavi…200ml,£1.70,85p per 100ml,"Offer price £1.70, was £3"
Gillette Skinguard Sensitive Flexball Power Razor,Gillette Skinguard Sensitiv…,£14.50,,
Gillette SkinGuard Sensitive Razor Designed for Men with Sensitive Skin,Gillette SkinGuard Sensitive…,£7.35,,"Offer price £7.35, was £11.30"
Gillette SkinGuard Sensitive Razor Handle + 4 Razor Blades,Gillette SkinGuard Sensitive Razo…,£18.50,,
Gillette SkinGuard Sensitive Razors For Men 4 Refill Razor Blades,Gillette SkinGuard Sensitive Razors F…4 per pack,£13,£3.25 each,
Gillette SkinGuard Sensitive Razors For Men 8 Refill Razor Blades,Gillette SkinGuard Sensitive Razors F…8 per pack,£21.50,£2.69 each,
Gillette Venus 2-In-1 Cleanser + Shave Gel For Pubic Hair & Skin ,Gillette Venus 2-In-1 Cleanser + Shav…190ml,£6.66,£3.50 per 100ml,"Offer price £6.66, was £10"
Gillette Venus Blades For Pubic Hair & Skin 4 Blades,Gillette Venus Blades For Pubic Hair & Skin 4 Blades4 per pack,£9.75,£2.44 each,"Offer price £9.75, was £12"
Gillette Venus Comfortglide Coconut Plus Olay Razor + 3 Blades,Gillette Venus Comfortglide Coconut…,£13.33,,"Offer price £13.33, was £20"
Gillette Venus Comfortglide Spa Breeze Razor,Gillette Venus Comfortg…,£4.50,,"Offer price £4.50, was £9"
Gillette Venus Comfortglide With Olay Razor,Gillette Venus Comfortg…,£13,,
Gillette Venus Deluxe Smooth Sensitive Razor +3 Blades,Gillette Venus Deluxe Smooth Se…,£18,,
Gillette Venus Extra Smooth Razor,Gillette Venus Extra Smooth Razor,£10,,
Gillette Venus Extra Smooth Sensitive Blades 3 Blades,Gillette Venus Extra Smooth S…3 per pack,£12,£4.00 each,
Gillette Venus Platinum Rose Gold Extra Smooth Sensitive Razor,Gillette Venus Platinum Rose Gold E…,£6.50,,"Offer price £6.50, was £13"
Gillette Venus Razor For Pubic Hair & Skin,Gillette Venus Razor For Pubic Hair & Skin,£7.30,,"Offer price £7.30, was £10"
Gillette Venus Snap Extra Smooth Razor (Pink Case),Gillette Venus Snap Extra Smooth Razor (Pink Case),£10,,
Glow Hair Hoops Black 4 Pack,Glow Hair Hoops Black 4 Pack,£2.50,,
Glow Hair Hoops Clear 4 Pack,Glow Hair Hoops Clear 4 Pack,£2.50,,
Got2B Roaring High Powder To Cream,Got2B Roaring High Powder To Cream20g,£3,£15.00 per 100g,
Got2b Ultra Glued Styling Gel ,Got2b Ultra Glued Styling Gel 150ml,£4,£2.66 per 100ml,"Offer price £4, was £5"
Harry's 5 Blade Cartridge And Handle Bright Orange 1 Pack,Harry's 5 Blade Cartridge And Han…,£8.75,,
Harry's 5 Blade Cartridge And Handle Indigo Blue 1 Pack,Harry's 5 Blade Cartridge And H…,£8.75,,
Harry's 5 Blade Cartridge And Handle Tropical Green 1 Pack,Harry's 5 Blade Cartridge And Han…,£8.75,,
Harry's 5 Blade Catridges,Harry's 5 Blade Catridges8 per pack,£17,£2.13 each,
Harry's 5 Blade Catridges,Harry's 5 Blade Catridges4 per pack,£9,£2.25 each,
Harry's Face Wash With Peppermint,Harry's Face Wash With Peppermint150ml,£6,£4.00 per 100ml,
Harry's Post Shave Balm With Aloe,Harry's Post Shave Balm With Aloe100ml,£7,£7.00 per 100ml,
Harry's Shave Cream With Eucalyptus,Harry's Shave Cream With Eucalyptus100ml,£7,£7.00 per 100ml,
Harry's Shave Foam With Aloe Gel,Harry's Shave Foam With Aloe Gel191g,£5,£2.62 per 100g,
Head & Shoulders Anti Hair Fall & Dandruff Caffeine Shampoo,Head & Shoulders Anti Hair Fall &…400ml,£5,£1.25 per 100ml,Buy 3 for £10
Head & Shoulders Apple 2in1 Shampoo ,Head & Shoulders Apple 2in1 Shampoo 400ml,£5,£1.25 per 100ml,Buy 3 for £10
 Head & Shoulders Apple Fresh Shampoo, Head & Shoulders Apple Fresh Shampoo250ml,£3,£1.20 per 100ml,Buy 2 for £5
Head & Shoulders Apple Shampoo,Head & Shoulders Apple Shampoo400ml,£5,£1.25 per 100ml,Buy 3 for £10
Head & Shoulders Citrus 2in1 Shampoo ,Head & Shoulders Citrus 2in1 Shampoo 400ml,£5,£1.25 per 100ml,Buy 3 for £10
Head & Shoulders Citrus Shampoo,Head & Shoulders Citrus Shampoo400ml,£5,£1.25 per 100ml,Buy 3 for £10
Head & Shoulders Classic Clean 2in1 Shampoo,Head & Shoulders Classic Clean 2in1 Shampoo400ml,£5,£1.25 per 100ml,Buy 3 for £10
Head & Shoulders Classic Clean Shampoo,Head & Shoulders Classic Clean Shampoo400ml,£5,£1.25 per 100ml,Buy 3 for £10
 Head & Shoulders Conditioner Supreme Anti-frizz, Head & Shoulders Condition…275ml,£5,£1.82 per 100ml,Buy 3 for £10
Head & Shoulders Deep Cleanse Oil Control Shampoo,Head & Shoulders Deep Clean…400ml,£6,£1.50 per 100ml,
Head & Shoulders Deep Cleanse Scalp Detox Shampoo,Head & Shoulders Deep Clean…400ml,£6,£1.50 per 100ml,
Head & Shoulders Deep Hydration Coconut Oil Conditioner,Head & Shoulders Deep Hydration…275ml,£5,£1.82 per 100ml,Buy 3 for £10
Head & Shoulders Deep Hydration Shampoo 400ml,Head & Shoulders Deep Hyd…400ml,£5,£1.25 per 100ml,Buy 3 for £10
Head & Shoulders Derma X Pro Hydrate Conditioner,Head & Shoulders Derma X Pro Hydrate Conditioner200ml,£6,£3.00 per 100ml,
Head & Shoulders Derma X Pro Hydrate Shampoo,Head & Shoulders Derma X Pro Hydrate Shampoo300ml,£6,£2.00 per 100ml,
Head & Shoulders Derma X Pro Hydrate Treatment,Head & Shoulders Derma X Pro Hydrate Treatment145ml,£10,£6.90 per 100ml,
Head & Shoulders Derma X Pro Soothe Conditioner,Head & Shoulders Derma X Pro Soothe Conditioner200ml,£6,£3.00 per 100ml,
Head & Shoulders Derma X Pro Soothe Shampoo,Head & Shoulders Derma X Pro Soothe Shampoo300ml,£6,£2.00 per 100ml,
Head & Shoulders Derma X Pro Soothe Treatment,Head & Shoulders Derma X Pro Soothe Treatment145ml,£10,£6.90 per 100ml,
Head & Shoulders Derma X Pro Strength Shampoo,Head & Shoulders Derma X Pro Strength Shampoo300ml,£6,£2.00 per 100ml,
Head & Shoulders Itchy Scalp 2in1 Shampoo ,Head & Shoulders Itchy Scalp 2in1 Shampoo 400ml,£5,£1.25 per 100ml,Buy 3 for £10
Head & Shoulders Itchy Scalp Shampoo ,Head & Shoulders Itchy Scalp Shampoo 400ml,£5,£1.25 per 100ml,Buy 3 for £10
Head & Shoulders Menthol Shampoo ,Head & Shoulders Menthol Shampoo 400ml,£5,£1.25 per 100ml,Buy 3 for £10
Head & Shoulders Men Total Care 2in1 Shampoo,Head & Shoulders Men Total Care 2in1 Shampoo225ml,£3,£1.33 per 100ml,Buy 2 for £5
 Head & Shoulders Men Ultra Hair Booster, Head & Shoulders Men Ultra Hair Booster400ml,£6,£1.50 per 100ml,
Head & Shoulders Shampoo Daily Protect,Head & Shoulders Shampoo Daily Protect400ml,£6,£1.50 per 100ml,
  Head & Shoulders Shampoo Deep Cleanse Itch Prevention,  Head & Shoulders Shampoo Deep…400ml,£6,£1.50 per 100ml,
 Head & Shoulders Shampoo Supreme Anti-frizz, Head & Shoulders Shamp…400ml,£5,£1.25 per 100ml,Buy 3 for £10
Head & Shoulders Smooth & Silky Shampoo ,Head & Shoulders Smooth & Silky Shampoo 400ml,£5,£1.25 per 100ml,Buy 3 for £10
 Head & Shoulders Supreme Colour Protect Conditioner, Head & Shoulders Supreme Col…275ml,£5,£1.82 per 100ml,Buy 3 for £10
 Head & Shoulders Supreme Colour Protect Shampoo, Head & Shoulders Supreme C…400ml,£5,£1.25 per 100ml,Buy 3 for £10
 Head & Shoulders Supreme Repair Shampoo, Head & Shoulders Supreme Repair Shampoo400ml,£5,£1.25 per 100ml,Buy 3 for £10
Head and Shoulders Anti Dandruff Damage Repair Hair Conditioner,Head and Shoulders Anti Dandruff Dama…275ml,£5,£1.82 per 100ml,Buy 3 for £10
Head and Shoulders Anti Dandruff Shampoo Itchy Scalp,Head and Shoulders Anti Dandr…250ml,£3,£1.20 per 100ml,Buy 2 for £5
Head and Shoulders Anti Dandruff Supreme Moisture Hair Conditioner,Head and Shoulders Anti Dandruff Suprem…275ml,£5,£1.82 per 100ml,Buy 3 for £10
Head and Shoulders Anti Dandruff Supreme Moisture Shampoo Dry Hair ,Head and Shoulders Anti Dan…400ml,£5,£1.25 per 100ml,Buy 3 for £10
Head and Shoulders Classic Anti Dandruff Hair Conditioner,Head and Shoulders Classic Anti D…275ml,£5,£1.82 per 100ml,Buy 3 for £10
Head and Shoulders Classic Clean Anti Dandruff 2in1 Shampoo,Head and Shoulders Classic Clean…225ml,£3,£1.33 per 100ml,Buy 2 for £5
Head and Shoulders Classic Clean Anti Dandruff Shampoo,Head and Shoulders Classic Clea…250ml,£3,£1.20 per 100ml,Buy 2 for £5
Head and Shoulders Classic Clean Anti Dandruff Shampoo,Head and Shoulders Classic Clea…90ml,£1.75,£1.94 per 100ml,
Head and Shoulders Smooth and Silky Anti Dandruff Hair Conditioner,Head and Shoulders Smooth and Silky Ant…275ml,£5,£1.82 per 100ml,Buy 3 for £10
Health & Her Menopause Multi Nutrient Support,Health & Her Menopause Multi Nutrient Support,£15,,"Offer price £15, was £20"
Health & Her Perimenopause Mind+ Multi Nutrient Support,Health & Her Perimenopause Mind…30 per pack,£13.50,45p each,"Offer price £13.50, was £20"
Health & Her Perimenopause Multi Nutrient Support,Health & Her Perimenopause…,£15,,"Offer price £15, was £20"
Health & Her Sleep+ Multi Nutrient Support,Health & Her Sleep+ Multi Nutrient Support30 per pack,£15,50p each,"Offer price £15, was £20"
Herbal Essences Argan Oil Repairing Oil Mist Hair Mask,Herbal Essences Argan Oil Repai…100ml,£3,£3.00 per 100ml,"Offer price £3, was £6"
Herbal Essences Bio Renew Argan Oil Hair Mask,Herbal Essences Bio Renew…450ml,£4.95,£1.10 per 100ml,"Offer price £4.95, was £7.50"
Herbal Essences Bio Renew Argan Oil Repair Conditioner,Herbal Essences Bio Renew Argan…275ml,£3,£1.09 per 100ml,"Offer price £3, was £4.50"
Herbal Essences Bio Renew Argan Oil Repair Conditioner,Herbal Essences Bio Renew Argan…180ml,£3,£1.67 per 100ml,
Herbal Essences Bio Renew Bourbon & Manuka Honey Deep Repair Shampoo,Herbal Essences Bio Renew Bou…400ml,£3,75.3p per 100ml,"Offer price £3, was £4.50"
Herbal Essences Bio Renew Coconut Milk Hair Mask,Herbal Essences Bio Renew C…450ml,£4.95,£1.10 per 100ml,"Offer price £4.95, was £7.50"
Herbal Essences Bio Renew Coconut Milk Hydrate Conditioner,Herbal Essences Bio Renew Coconut…275ml,£3,£1.09 per 100ml,"Offer price £3, was £4.50"
Herbal Essences Bio Renew Coconut Milk Hydrate Conditioner,Herbal Essences Bio Renew Coconut…180ml,£3,£1.67 per 100ml,
Herbal Essences Bio Renew Grapefruit & Mosa Mint Volume Shampoo,Herbal Essences Bio Renew Grapefruit…400ml,£3,75.3p per 100ml,"Offer price £3, was £4.50"
Herbal Essences Bio Renew Hair Shampoo White Grapefruit & Mint,Herbal Essences Bio Renew Hair Sham…400ml,£3,75.3p per 100ml,"Offer price £3, was £4.50"
Herbal Essences Bio Renew Hemp Seed Oil & Aloe Hair Oil,Herbal Essences Bio Renew Hemp…100ml,£3,£3.00 per 100ml,"Offer price £3, was £6"
Herbal Essences Bio Renew Hydrate Coconut Milk Shampoo,Herbal Essences Bio Renew Hydra…400ml,£3,75.3p per 100ml,"Offer price £3, was £4.50"
Herbal Essences Bio Renew Manuka Honey Deep Repair Conditioner,Herbal Essences Bio Renew Manuka Ho…275ml,£3,£1.09 per 100ml,"Offer price £3, was £4.50"
Herbal Essences Bio Renew Passion Flower Conditioner,Herbal Essences Bio Renew Pas…275ml,£3,£1.09 per 100ml,"Offer price £3, was £4.50"
Herbal Essences Bio Renew Passion Flower Shampoo,Herbal Essences Bio Renew P…400ml,£3,75.3p per 100ml,"Offer price £3, was £4.50"
Herbal Essences Bio Renew Potent Aloe & Hemp Conditioner,Herbal Essences Bio Renew Poten…275ml,£4,£1.45 per 100ml,"Offer price £4, was £6"
Herbal Essences Bio Renew Potent Aloe & Hemp Shampoo,Herbal Essences Bio Renew Pot…380ml,£4,£1.05 per 100ml,"Offer price £4, was £6"
 Herbal Essences Bio Renew Potent Aloe & Mango Conditioner, Herbal Essences Bio Renew Potent…275ml,£4,£1.45 per 100ml,"Offer price £4, was £6"
 Herbal Essences Bio Renew Potent Aloe & Mango Shampoo, Herbal Essences Bio Renew Pote…380ml,£4,£1.05 per 100ml,"Offer price £4, was £6"
Herbal Essences Bio Renew Shampoo Argan Oil of Morocco,Herbal Essences Bio Renew Shamp…400ml,£3,75.3p per 100ml,"Offer price £3, was £4.50"
Herbal Essences Bio Renew Shampoo Argan Oil of Morocco ,Herbal Essences Bio Renew Shamp…250ml,£3,£1.20 per 100ml,
Herbal Essences Bio Renew Shampoo Coconut Milk Hydrate ,Herbal Essences Bio Renew Shamp…250ml,£3,£1.20 per 100ml,
 Herbal Essences Bio Renew Strawberry & Mint Conditioner, Herbal Essences Bio Renew Stra…275ml,£3,£1.09 per 100ml,"Offer price £3, was £4.50"
Herbal Essences Bio Renew White Grapefruit & Mosa Mint Shine Conditioner,Herbal Essences Bio Renew White…275ml,£3,£1.09 per 100ml,"Offer price £3, was £4.50"
 Herbal Essences Daily Detox Clean Conditioner, Herbal Essences Daily Detox Clean Conditioner400ml,£2,50p per 100ml,
 Herbal Essences Daily Detox Clean Shampoo, Herbal Essences Daily Detox Clean Shampoo400ml,£2,50p per 100ml,
 Herbal Essences Daily Detox Shine Conditioner, Herbal Essences Daily Detox Shine Conditioner400ml,£2,50p per 100ml,
 Herbal Essences Daily Detox Shine Shampoo, Herbal Essences Daily Detox Shine Shampoo400ml,£2,50p per 100ml,
Herbal Essences Hair Conditioner Beautiful Ends Pomegranate ,Herbal Essences Hair Conditioner Be…400ml,£2,50p per 100ml,
Herbal Essences Hair Conditioner Dazzling Shine with Lime Essence ,Herbal Essences Hair Conditioner Dazzli…400ml,£2,50p per 100ml,
Herbal Essences Hair Conditioner Hello Hydration Coconut Essences ,Herbal Essences Hair Condit…400ml,£2,50p per 100ml,
Herbal Essences Hair Conditioner Ignite My Colour Rose Essences,Herbal Essences Hair Conditioner Igni…400ml,£2,50p per 100ml,
Herbal Essences Hydrating Hair Mask,Herbal Essences Hydrating Hair Mask25ml,£2.25,£9.00 per 100ml,"Offer price £2.25, was £3.50"
Herbal Essences Shampoo Beautiful Ends Pomegranate Essences,Herbal Essences Shampoo Beautiful…400ml,£2,50p per 100ml,
Herbal Essences Shampoo Dazzling Shine with Lime Essences,Herbal Essences Shampoo Dazzling…400ml,£2,50p per 100ml,
Herbal Essences Shampoo Hello Hydration With Coconut Essences ,Herbal Essences Shampoo Hello Hydra…400ml,£2,50p per 100ml,
Herbal Essences Shampoo Ignite My Colour With Rose Essences,Herbal Essences Shampoo Ignite My…400ml,£2,50p per 100ml,
Imperial Leather Antibacterial Hand Wash Cotton Flower & Vanilla,Imperial Leather Antibacterial Hand W…500ml,£1.50,30p per 100ml,"Offer price £1.50, was £2"
Imperial Leather Antibacterial Hand Wash Oud & Frankincense,Imperial Leather Antibacterial Ha…500ml,£1.50,30p per 100ml,"Offer price £1.50, was £2"
Imperial Leather Body Wash Blue Cypress & Eucalyptus,Imperial Leather Body Wash Bl…250ml,£1.50,60p per 100ml,
Imperial Leather Energising Body Wash Bergamot & Sea Salt,Imperial Leather Energising Body…250ml,£1.50,60p per 100ml,
Imperial Leather Foamburst Body Wash Golden Amber & Coconut Oil ,Imperial Leather Foamburst…200ml,£3,£1.50 per 100ml,"Offer price £3, was £5"
Imperial Leather Foamburst Body Wash Pistachio & Cocoa Butter,Imperial Leather Foamburst Body Was…200ml,£5,£2.50 per 100ml,
Imperial Leather Foamburst Body Wash Rose & Argan Oil,Imperial Leather Foamburst Bo…200ml,£3,£1.50 per 100ml,"Offer price £3, was £5"
Imperial Leather Foamburst Shower Gel Bergamot & Sea Minerals,Imperial Leather Foamburst Shower G…200ml,£2.50,£1.25 per 100ml,
Imperial Leather Foamburst Shower Gel Cotton & Vanilla Orchid,Imperial Leather Foamburst Shower G…200ml,£2.50,£1.25 per 100ml,
Imperial Leather Foamburst Shower Gel Lychee & Lotus Flower,Imperial Leather Foamburst Shower…200ml,£2.50,£1.25 per 100ml,
Imperial Leather Foamburst White Orchid & Pistachio,Imperial Leather Foamburst Wh…200ml,£5,£2.50 per 100ml,
Imperial Leather Gentle Care Soap Bars,Imperial Leather Gentle Care Soap Bars4 per pack,£2,50p each,
Imperial Leather Invigorating Body Wash Blue Cypress & Eucalyptus,Imperial Leather Invigorating Body Wa…500ml,£2,40p per 100ml,
Imperial Leather Moisturising Bath Soak Flower & Vanilla,Imperial Leather Moisturising B…500ml,£1.60,32p per 100ml,
Imperial Leather Moisturising Body Wash Cotton Flower & Vanilla,Imperial Leather Moisturising Body Wa…250ml,£1.50,60p per 100ml,
Imperial Leather Moisturising Body Wash Cotton Flower & Vanilla,Imperial Leather Moisturising Body Wa…500ml,£2,40p per 100ml,
Imperial Leather Muscle Recovery Bath Soak Bergamot & Sea Salt,Imperial Leather Muscle Recovery Ba…500ml,£1.60,32p per 100ml,
Imperial Leather Original Soap Bars,Imperial Leather Original Soap Bars4 per pack,£2,50p each,
Imperial Leather Pampering Bath Soak Mallow & Rose Milk,Imperial Leather Pampering Bath…500ml,£1.60,32p per 100ml,
Imperial Leather Pampering Body Wash Mallow & Rose Milk,Imperial Leather Pampering Body…250ml,£1.50,60p per 100ml,
Imperial Leather Refreshing Body Wash Mandarin & Neroli,Imperial Leather Refreshing Bod…250ml,£1.50,60p per 100ml,
Imperial Leather Relaxing Bath Soak Lavender & Wild Iris,Imperial Leather Relaxing Bath…500ml,£1.60,32p per 100ml,
Impulse Hint Of Musk Deodorant,Impulse Hint Of Musk Deodorant150ml,£2,£1.33 per 100ml,
Impulse Petal Pop Deodorant,Impulse Petal Pop Deodorant100ml,£2,£2.00 per 100ml,
Impulse Tease Body Spray Deodorant,Impulse Tease Body Spray Deodorant75ml,£1,£1.33 per 100ml,
Impulse Tease Deodorant,Impulse Tease Deodorant150ml,£2,£1.33 per 100ml,
Impulse Tropic Twist Deodorant,Impulse Tropic Twist Deodorant100ml,£2,£2.00 per 100ml,
Impulse True Love Body Spray Deodorant,Impulse True Love Body Spray Deodorant75ml,£1,£1.33 per 100ml,
Impulse Very Pink Body Spray Deodorant,Impulse Very Pink Body Spray Deodorant75ml,£1,£1.33 per 100ml,
Inecto Coconut Hair Mask,Inecto Coconut Hair Mask300ml,£3,£1.00 per 100ml,
Inecto Naturals Argan Hair Mask,Inecto Naturals Argan Hair Mask300ml,£3,£1.00 per 100ml,
Ineos Anti Bacterial Sterile Sanitiser For Hands,Ineos Anti Bacterial Sterile Sanitiser For Hands500ml,£4.35,87p per 100ml,
Ineos Cleansing Hand Wash With Cucumber & Aloe Vera,Ineos Cleansing Hand Wash Wit…250ml,£1,40p per 100ml,
Ineos Moisturising Hand Wash Refill With White Rose & Neroli,Ineos Moisturising Hand Wash Refill…1000ml,£2.75,27.5p per 100ml,
Ineos Moisturising Hand Wash With White Rose & Neroli,Ineos Moisturising Hand Wash…250ml,£1,40p per 100ml,
Ineos Protective Hand Wash With Sea Minerals,Ineos Protective Hand Wash With Sea Minerals250ml,£1,40p per 100ml,
Ineos Sanitiser Spray For Hands,Ineos Sanitiser Spray For Hands100ml,£2.40,£2.40 per 100ml,
Insette Sensitive Shave Foam,Insette Sensitive Shave Foam250ml,£1.10,44p per 100ml,
Invisibobble Original Crystal Clear Hair Ties,Invisibobble Original Crystal Clear Hair Ties3 per pack,£5,£1.67 each,
Invisibobble Power Crystal Clear Hair Ties,Invisibobble Power Crystal Clear Hair Ties3 per pack,£6,£2.00 each,
Invisibobble Slim Bronze Me Pretty Hair Ties,Invisibobble Slim Bronze Me Pretty Hair Ties3 per pack,£6,£2.00 each,
Invisibobble Sprunchie,Invisibobble Sprunchie,£6,,
Jerome Russell B Blonde Blonding Kit No.1,Jerome Russell B Blonde Blonding Kit No.1,£6,,
Jerome Russell Bblonde Maximum Blonde Toner Atomic Blonde,Jerome Russell Bblonde Maximum Bl…75ml,£4.50,£6.00 per 100ml,
Jerome Russell Bblonde Maximum Blonde Toner Platinum,Jerome Russell Bblonde Maximu…75ml,£4.50,£6.00 per 100ml,
Jerome Russell B Blonde Maximum Colour Toner Aqua ,Jerome Russell B Blonde Max…75ml,£4.47,£5.96 per 100ml,
Jerome Russell B Blonde Maximum Colour Toner Silver,Jerome Russell B Blonde Maxim…75ml,£4.50,£6.00 per 100ml,
Jerome Russell B Blonde Maximum Highlighting Kit No.1,Jerome Russell B Blonde Maxim…,£6,,
J.Lo Glow Eau De Toilette,J.Lo Glow Eau De Toilette30ml,£13,£43.33 per 100ml,
J.Lo Still Edition Spray,J.Lo Still Edition Spray30ml,£15,£50.00 per 100ml,
John Frieda Brazilian Sleek Conditioner,John Frieda Brazilian Sleek Conditioner250ml,£4.66,£1.87 per 100ml,"Offer price £4.66, was £6.99"
John Frieda Brazilian Sleek Shampoo,John Frieda Brazilian Sleek Shampoo250ml,£4.66,£1.87 per 100ml,"Offer price £4.66, was £6.99"
John Frieda Brilliant Brunette Conditioner ,John Frieda Brilliant Brunette Conditioner 50ml,£2,£4.00 per 100ml,
John Frieda Brilliant Brunette Moisturising Conditioner ,John Frieda Brilliant Brunette…250ml,£4,£1.60 per 100ml,"Offer price £4, was £6"
John Frieda Brilliant Brunette Moisturising Shampoo ,John Frieda Brilliant Brunett…250ml,£4,£1.60 per 100ml,"Offer price £4, was £6"
John Frieda Deep Sea Hydration Moisturising Conditioner,John Frieda Deep Sea Hydration…250ml,£4.66,£1.86 per 100ml,"Offer price £4.66, was £7"
John Frieda Deep Sea Hydration Moisturising Shampoo,John Frieda Deep Sea Hydratio…250ml,£4.66,£1.86 per 100ml,"Offer price £4.66, was £7"
John Frieda Dream Curls Creme Oil,John Frieda Dream Curls Creme Oil100ml,£7,£7.00 per 100ml,
John Frieda Frizz Ease 3 Day Spray,John Frieda Frizz Ease 3 Day Spray100ml,£7,£7.00 per 100ml,
John Frieda Frizz Ease Curl Reviver Mousse,John Frieda Frizz Ease Curl Reviver Mousse200ml,£4.66,£2.33 per 100ml,"Offer price £4.66, was £7"
John Frieda Frizz Ease Dream Curls Conditioner,John Frieda Frizz Ease Dream Curls Conditioner250ml,£4.66,£1.86 per 100ml,"Offer price £4.66, was £7"
John Frieda Frizz Ease Dream Curls Curl Defining Creme ,John Frieda Frizz Ease Dream Cu…150ml,£4.66,£3.11 per 100ml,"Offer price £4.66, was £7"
John Frieda Frizz Ease Dream Curls Daily Styling Spray,John Frieda Frizz Ease Dream Cu…200ml,£4.66,£2.33 per 100ml,"Offer price £4.66, was £7"
John Frieda Frizz Ease Dream Curls Shampoo,John Frieda Frizz Ease Dream Curls Shampoo250ml,£4.66,£1.86 per 100ml,"Offer price £4.66, was £7"
John Frieda Frizz Ease Extra Strength Serum,John Frieda Frizz Ease Extra Strength Serum50ml,£5.32,£10.64 per 100ml,"Offer price £5.32, was £8"
John Frieda Frizz Ease Intense Hold Hairspray,John Frieda Frizz Ease Intense Hold Hairspray150ml,£4.66,£3.11 per 100ml,"Offer price £4.66, was £7"
John Frieda Frizz Ease Recover Conditioner ,John Frieda Frizz Ease Recover Conditioner 250ml,£4.66,£1.86 per 100ml,"Offer price £4.66, was £7"
John Frieda Frizz Ease Secret Agent Touch Up Creme,John Frieda Frizz Ease Secr…100ml,£4.66,£4.66 per 100ml,"Offer price £4.66, was £7"
John Frieda Frizz Ease Shampoo ,John Frieda Frizz Ease Shampoo 250ml,£4.66,£1.86 per 100ml,"Offer price £4.66, was £7"
John Frieda Frizz Ease Straight Ahead Conditioner,John Frieda Frizz Ease Stra…250ml,£4.66,£1.86 per 100ml,"Offer price £4.66, was £7"
John Frieda Frizz Ease Straight Ahead Shampoo,John Frieda Frizz Ease Straight Ahead Shampoo250ml,£4.66,£1.86 per 100ml,"Offer price £4.66, was £7"
John Frieda Frizz Ease Weightless Wonder Creme ,John Frieda Frizz Ease We…250ml,£7,£2.80 per 100ml,
John Frieda Frizz Ease Weightless Wonder Shampoo ,John Frieda Frizz Ease Weig…250ml,£3.50,£1.40 per 100ml,
John Frieda Highlight Activating for Blondes Moisturising Conditioner ,John Frieda Highlight Activating for Blon…250ml,£4,£1.60 per 100ml,"Offer price £4, was £6"
John Frieda Highlight Activating for Blondes Moisturising Shampoo ,John Frieda Highlight Activating for Bl…250ml,£4,£1.60 per 100ml,"Offer price £4, was £6"
John Frieda Luxurious Volume Blow-dry Lotion,John Frieda Luxurious Volume Blow-dry Lotion125ml,£6,£4.80 per 100ml,
John Frieda Luxurious Volume Lift Mousse,John Frieda Luxurious Volume Lift Mousse200ml,£4,£2.00 per 100ml,"Offer price £4, was £6"
John Frieda Luxurious Volume Thickening Conditioner,John Frieda Luxurious Volume…250ml,£4,£1.60 per 100ml,"Offer price £4, was £6"
John Frieda Miraculous Recovery Tropical Oil,John Frieda Miraculous Recovery Tropical Oil100ml,£7,£7.00 per 100ml,"Offer price £7, was £8.99"
John Frieda Profiller & Thickening Spray,John Frieda Profiller & Thickening Spray150ml,£6,£4.00 per 100ml,
John Frieda Profiller Thickening Conditioner,John Frieda Profiller Thickening Conditioner250ml,£6,£2.40 per 100ml,"Offer price £6, was £9"
John Frieda Profiller Thickening Shampoo,John Frieda Profiller Thickening Shampoo250ml,£6,£2.40 per 100ml,"Offer price £6, was £9"
John Frieda Sheer Blonde Colour Renew Conditioner,John Frieda Sheer Blonde Colour Renew Conditioner250ml,£4.66,£1.86 per 100ml,"Offer price £4.66, was £7"
John Frieda Sheer Blonde Colour Renew Shampoo,John Frieda Sheer Blonde Colour Renew Shampoo250ml,£4.66,£1.86 per 100ml,"Offer price £4.66, was £7"
John Frieda Sheer Blonde Go Blonder Lightening Conditioner,John Frieda Sheer Blonde Go Blond…250ml,£4.66,£1.86 per 100ml,"Offer price £4.66, was £7"
 John Frieda Sheer Blonde Go Blonder Shampoo, John Frieda Sheer Blonde Go Blonder Shampoo250ml,£4.66,£1.86 per 100ml,"Offer price £4.66, was £7"
John Frieda Violet Crush For Blondes Intensive Purple Shampoo,John Frieda Violet Crush For Blonde…250ml,£5.32,£2.13 per 100ml,"Offer price £5.32, was £8"
John Frieda Volume Lift Shampoo ,John Frieda Volume Lift Shampoo 250ml,£4,£1.60 per 100ml,"Offer price £4, was £6"
Johnson's Face Care Pampering Face Wipes,Johnson's Face Care Pampering Face Wipes25 per pack,£1.50,6p each,"Offer price £1.50, was £3"
Johnson's Face Care Refreshing Face Wipes,Johnson's Face Care Refreshing Face Wipes25 per pack,£1.50,6p each,"Offer price £1.50, was £3"
Joop Homme Aftershave,Joop Homme Aftershave75ml,£20,£26.67 per 100ml,
Joop Homme Deodorant Spray  ,Joop Homme Deodorant Spray  75ml,£10,£13.33 per 100ml,
Jungle Formula Insect Repellent Maximum Aerosol,Jungle Formula Insect Rep…125ml,£10,£8.00 per 100ml,
Jungle Formula Maximum Insect Repellent Pump with DEET,Jungle Formula Maximum Insect R…90ml,£10,£111.11 per litre,
Jungle Formula Outdoor & Camping Insect Repellent Factor,Jungle Formula Outdoor & Campin…90ml,£8,£88.89 per litre,
Just For Men Beard & Moustache Medium Brown,Just For Men Beard & Moustache Medium Brown,£8.40,,
Just For Men Control Gx Grey Reducing Shampoo With Aloe Vera,Just For Men Control Gx Grey Reduci…118ml,£9,£7.63 per 100ml,
Just for Men Dark Brown / Black Hair Colour,Just for Men Dark Brown / Black Hair Colour,£6.75,,
Just for Men for Natural Medium Brown Hair Colour,Just for Men for Natural Me…60ml,£6.75,£11.25 per 100ml,
Just For Men Moustache & Beard Dark Brown - Black,Just For Men Moustache & Beard Dark Brown - Black,£8.40,,
Just For Men Original Formula H-55 Real Black,Just For Men Original Formula H-55 Real Black,£6.75,,
Keia Brightening Everything Oil Vitamin C,Keia Brightening Everything Oil Vitamin C100ml,£4.49,£4.49 per 100ml,
Keia Brightening Serum,Keia Brightening Serum30ml,£4.49,£14.97 per 100ml,
Keia Energising Body & Hand Cream Ginger,Keia Energising Body & Hand Cream Ginger75ml,£3.50,£4.67 per 100ml,
Keia Energising Body Butter Ginger,Keia Energising Body Butter Ginger200ml,£3.50,£1.75 per 100ml,
Keia Energising Body Mist Ginger,Keia Energising Body Mist Ginger100ml,£3.49,£3.49 per 100ml,
Keia Energising Body Wash Ginger,Keia Energising Body Wash Ginger250ml,£2.50,£1.00 per 100ml,
Keia Energising Bubble Bath Ginger ,Keia Energising Bubble Bath Ginger 250ml,£2.99,£1.20 per 100ml,
Keia Energising Cleansing & Scrub Body Bar Ginger ,Keia Energising Cleansing & Scrub Body Bar Ginger 100g,£2.49,£2.49 per 100g,
Keia Energising Shower Oil Ginger ,Keia Energising Shower Oil Ginger 200ml,£3.49,£1.75 per 100ml,
Keia Hydrating Face Cleansing Bar,Keia Hydrating Face Cleansing Bar65g,£2.49,£3.83 per 100g,
Keia Hydrating Face Mist,Keia Hydrating Face Mist50ml,£2.99,£5.98 per 100ml,
Keia Moisturising Conditioner Argan Oil,Keia Moisturising Conditioner Argan Oil250ml,£2.99,£1.20 per 100ml,
Keia Moisturising Conditioner Bar Argan Oil,Keia Moisturising Conditioner Bar Argan Oil65g,£2.99,£4.60 per 100g,
Keia Moisturising Hair Mask Argan Oil,Keia Moisturising Hair Mask Argan Oil150ml,£3.99,£2.66 per 100ml,
Keia Moisturising Shampoo Argan Oil,Keia Moisturising Shampoo Argan Oil250ml,£2.99,£1.20 per 100ml,
Keia Moisturising Shampoo Bar Argan Oil ,Keia Moisturising Shampoo Bar Argan Oil 65g,£2.99,£4.60 per 100g,
Keia Nourishing Body & Hand Cream Macadamia,Keia Nourishing Body & Hand Cream Macadamia75ml,£3.75,£5.00 per 100ml,
Keia Nourishing Body Butter Macadamia,Keia Nourishing Body Butter Macadamia200ml,£3.50,£1.75 per 100ml,
Keia Nourishing Body Wash Macadamia ,Keia Nourishing Body Wash Macadamia 250ml,£2.50,£1.00 per 100ml,
Keia Nourishing Bubble Bath Macadamia,Keia Nourishing Bubble Bath Macadamia250ml,£2.99,£1.20 per 100ml,
Keia Nourishing Cleansing & Scrub Body Bar Macadamia,Keia Nourishing Cleansing & S…100g,£2.49,£2.49 per 100g,
Keia Nourishing Lip Balm ,Keia Nourishing Lip Balm 10ml,£2.75,£2.75 per 10ml,
Keia Nourishing Shower Oil Macadamia ,Keia Nourishing Shower Oil Macadamia 200ml,£3.49,£1.75 per 100ml,
Keia Purifying Cleansing & Scrub Bar,Keia Purifying Cleansing & Scrub Bar65g,£2.49,£3.83 per 100g,
Keia Purifying Face Mask ,Keia Purifying Face Mask 100ml,£3.50,£3.50 per 100ml,
Keia Purifying Toner,Keia Purifying Toner100ml,£2.99,£2.99 per 100ml,
Keia Repairing Conditioner Orchid Extract ,Keia Repairing Conditioner Orchid Extract 250ml,£2.99,£1.20 per 100ml,
Keia Repairing Hair Mask Orchid Extract ,Keia Repairing Hair Mask Orchid Extract 150ml,£3.99,£2.66 per 100ml,
Keia Repairing Shampoo Orchid Extract ,Keia Repairing Shampoo Orchid Extract 250ml,£2.99,£1.20 per 100ml,
Keia Reviving Body Mist Macadamia ,Keia Reviving Body Mist Macadamia 100ml,£3.49,£3.49 per 100ml,
Keia Softening Conditioner Bar Coconut Oil ,Keia Softening Conditioner Bar Coconut Oil 65g,£2.99,£4.60 per 100g,
Keia Softening Conditioner Coconut Oil,Keia Softening Conditioner Coconut Oil250ml,£2.99,£1.20 per 100ml,
Keia Softening Hair Mask Coconut Oil,Keia Softening Hair Mask Coconut Oil150ml,£3.99,£2.66 per 100ml,
Keia Softening Shampoo Bar Coconut Oil,Keia Softening Shampoo Bar Coconut Oil65g,£2.99,£4.60 per 100g,
Keia Softening Shampoo Coconut Oil ,Keia Softening Shampoo Coconut Oil 250ml,£2.99,£1.20 per 100ml,
Keia Soothing Body & Hand Cream ,Keia Soothing Body & Hand Cream 75ml,£3.75,£5.00 per 100ml,
Keia Soothing Body Butter Lavender ,Keia Soothing Body Butter Lavender 200ml,£3.50,£1.75 per 100ml,
Keia Soothing Body Mist Lavender ,Keia Soothing Body Mist Lavender 100ml,£3.49,£3.49 per 100ml,
Keia Soothing Body Wash Lavender,Keia Soothing Body Wash Lavender250ml,£2.50,£1.00 per 100ml,
Keia Soothing Bubble Bath Lavender,Keia Soothing Bubble Bath Lavender250ml,£2.99,£1.20 per 100ml,
Keia Soothing Cleansing & Scrub Body Bar Lavender ,Keia Soothing Cleansing & Scrub Body Bar Lavender 100g,£2.49,£2.49 per 100g,
Keia Soothing Pillow Mist ,Keia Soothing Pillow Mist 100ml,£3.99,£3.99 per 100ml,
Keia Soothing Shower Oil Lavender,Keia Soothing Shower Oil Lavender200ml,£3.49,£1.75 per 100ml,
Keia Universal Hydrating Face Cream,Keia Universal Hydrating Face Cream50ml,£4.49,£8.98 per 100ml,
King C Gillette Beard and Face Wash,King C Gillette Beard and Face Wash350ml,£10,£2.86 per 100ml,
King C Gillette Beard Oil,King C Gillette Beard Oil30ml,£10,£33.33 per 100ml,
King C Gillette Beard Trimmer,King C Gillette Beard Trimmer,£30,,
King C Gillette Double Edge Razor +5 Refill Blades,King C Gillette Double Edge…,£20,,
King C Gillette Double Edge Razors Blades 10 Pack,King C Gillette Double Edge…,£5,,
King C. Gillette Face & Stubble Moisturizer,King C. Gillette Face & Stubble Moisturizer100ml,£10,£10.00 per 100ml,
King C Gillette Soft Beard Balm,King C Gillette Soft Beard Balm100ml,£10,£10.00 per 100ml,
King C. Gillette Style Master Plus 3 Trimmers,King C. Gillette Style Master Plus 3 Trimmers,£40,,
King C Gillette Transparent Shave Gel,King C Gillette Transparent Shave Gel150ml,£7,£4.67 per 100ml,
King Of Shaves Antibacterial Shave Gel,King Of Shaves Antibacterial Shave Gel175ml,£4.50,£2.57 per 100ml,
King Of Shaves Refillable Sensitive Advanced Shave Oil,King Of Shaves Refillable Sensi…30ml,£4.49,£14.97 per 100ml,"Offer price £4.49, was £5.99"
King Of Shaves Refillable Sensitive Shave Gel Aloe And Tea Tree ,King Of Shaves Refillable Sensitive S…250ml,£2.99,£1.20 per 100ml,
Kleenex Allergy Comfort Tissues Water Fresh Wipes,Kleenex Allergy Comfort Tis…40 per pack,£2,5p each,
L'Air Du Temps Edition Spray        ,L'Air Du Temps Edition Spray        30ml,£22.50,£75.00 per 100ml,
lights by TENA Incontinence Liners,lights by TENA Incontinence Liners24 per pack,£1.90,7.9p each,"Offer price £1.90, was £2.25"
lights by TENA Incontinence Liners Duo,lights by TENA Incontinence Liners Duo48 per pack,£3.75,7.8p each,
lights by TENA Light Incontinence Liners,lights by TENA Light Incontinence Liners28 per pack,£1.90,6.8p each,"Offer price £1.90, was £2.25"
lights by TENA Long Incontinence Liners,lights by TENA Long Incontinence Liners,£1.90,,"Offer price £1.90, was £2.25"
Lil-lets Regular Tampons,Lil-lets Regular Tampons16 per pack,£2.20,13.8p each,Buy 2 for £3.50
Lil-lets Super Plus Extra Tampons,Lil-lets Super Plus Extra Tampons14 per pack,£2.20,15.7p each,Buy 2 for £3.50
Lil-lets Super Plus Tampons,Lil-lets Super Plus Tampons,£2.20,,Buy 2 for £3.50
Lil-lets Super Tampons,Lil-lets Super Tampons16 per pack,£2.20,13.8p each,Buy 2 for £3.50
Lil-Lets Teens Ultra Towels Day,Lil-Lets Teens Ultra Towels Day,£1.25,,"Offer price £1.25, was £1.60"
Listerine Advanced Defence Gum Treatment Mouthwash ,Listerine Advanced Defence Gu…500ml,£3.80,76p per 100ml,"Offer price £3.80, was £5.50"
Listerine Advanced Nightly Reset Mouthwash,Listerine Advanced Nightly Reset Mouthwash400ml,£3.80,95.4p per 100ml,"Offer price £3.80, was £5.50"
Listerine Advanced White Milder Taste Mouthwash,Listerine Advanced White Milder Taste Mouthwash500ml,£3.80,76p per 100ml,"Offer price £3.80, was £5.50"
Listerine Cool Mint Milder Taste Mouthwash ,Listerine Cool Mint Milder Taste Mouthwash 500ml,£2,40p per 100ml,"Offer price £2, was £3.35"
Listerine Coolmint Mouthwash,Listerine Coolmint Mouthwash500ml,£2,40p per 100ml,"Offer price £2, was £3.35"
Listerine Fresh Burst Mouthwash,Listerine Fresh Burst Mouthwash500ml,£2,40p per 100ml,"Offer price £2, was £3.35"
Listerine Total Care 10 In One Mouthwash ,Listerine Total Care 10 In One Mouthwash 1L,£5,£5.00 per litre,"Offer price £5, was £6.50"
Listerine Total Care Milder Taste Mouthwash,Listerine Total Care Milder Taste Mouthwash500ml,£5,£1.00 per 100ml,
Listerine Total Care Mouthwash,Listerine Total Care Mouthwash500ml,£5,£1.00 per 100ml,
Listerine Total Care Mouthwash,Listerine Total Care Mouthwash95ml,£1.55,£1.63 per 100ml,
Listerine Total Care Stay White Mouthwash,Listerine Total Care Stay White Mouthwash500ml,£5,£1.00 per 100ml,
Listerine Total Care Teeth & Gum Mouthwash,Listerine Total Care Teeth & Gum Mouthwash500ml,£5,£1.00 per 100ml,
Little Soap Company Naturals Citrus & Lavender Soap,Little Soap Company Naturals…100g,£2,20p per 10g,"Offer price £2, was £2.30"
L. O. L. Surprise! Bath And Shower Bubbles ,L. O. L. Surprise! Bath And Shower Bubbles 400ml,£2,50p per 100ml,
L. O. L. Surprise! Colour Changing Bath Fizzer,L. O. L. Surprise! Colour Changing Bath Fizzer,£2.50,,
L. O. L. Surprise! Magic Face Cloth,L. O. L. Surprise! Magic Face Cloth,£2,,
Lol Surprise Bath Soap Goo,Lol Surprise Bath Soap Goo200ml,£3.50,£1.75 per 100ml,
L'Oreal Age Perfect Day Cream ,L'Oreal Age Perfect Day Cream 50ml,£12.99,£25.98 per 100ml,
L'Oreal Age Perfect Eye Cream ,L'Oreal Age Perfect Eye Cream 15ml,£12.99,£86.60 per 100ml,
L'Oreal Age Perfect Golden Age Night Cream,L'Oreal Age Perfect Golden Age Night Cream50ml,£7.99,£15.98 per 100ml,
L'Oreal Age Perfect Golden Age Rosy Radiant Cream Eye,L'Oreal Age Perfect Golden Ag…15ml,£7.99,£53.27 per 100ml,
L'Oreal Age Perfect Night Pot ,L'Oreal Age Perfect Night Pot 50ml,£12.99,£25.98 per 100ml,
L'Oreal Age Perfect Toner ,L'Oreal Age Perfect Toner 200ml,£5,£2.50 per 100ml,
L'Oreal Age Perfect Wipes ,L'Oreal Age Perfect Wipes 25 per pack,£5,20p each,
L'Oreal Barberclub Shower Gel,L'Oreal Barberclub Shower Gel300ml,£1.95,65.2p per 100ml,"Offer price £1.95, was £3.95"
L'Oreal Dermo Expertise Age Perfect Cleanser ,L'Oreal Dermo Expertise Age Perfect Cleanser 200ml,£5,£2.50 per 100ml,
 L'Oreal Elnett Strong Hairspray , L'Oreal Elnett Strong Hairspray 75ml,£3,£4.00 per 100ml,
L'Oreal Elvive Aminexil Conditioner,L'Oreal Elvive Aminexil Conditioner300ml,£3.50,£1.17 per 100ml,"Offer price £3.50, was £7"
L'Oreal Elvive Aminexil Shampoo,L'Oreal Elvive Aminexil Shampoo400ml,£3.50,87.5p per 100ml,"Offer price £3.50, was £7"
L'Oreal Elvive Bond Repair Conditioner,L'Oreal Elvive Bond Repair Conditioner150ml,£6,£4.00 per 100ml,"Offer price £6, was £12"
L'Oreal Elvive Bond Repair Pre Shampoo,L'Oreal Elvive Bond Repair Pre Shampoo200ml,£7.50,£3.75 per 100ml,"Offer price £7.50, was £15"
L'Oreal Elvive Bond Repair Shampoo,L'Oreal Elvive Bond Repair Shampoo200ml,£6,£3.00 per 100ml,"Offer price £6, was £12"
L'Oreal Elvive Colour Protect Intensive Purple Mask 250ml,L'Oreal Elvive Colour Protect Int…250ml,£3.50,£1.40 per 100ml,"Offer price £3.50, was £6"
L'Oreal Elvive Colour Protect More Than Shampoo,L'Oreal Elvive Colour Pro…200ml,£7,£3.50 per 100ml,
L' Oreal Elvive Colour Protect Purple Conditioner ,L' Oreal Elvive Colour Protect Purple Conditioner 150ml,£3,£2.00 per 100ml,"Offer price £3, was £5.50"
L' Oreal Elvive Colour Protect Purple Shampoo ,L' Oreal Elvive Colour Protect Purple Shampoo 200ml,£3,£1.50 per 100ml,"Offer price £3, was £6"
LOreal Elvive Colour Protect Shampoo ,LOreal Elvive Colour Protect Shampoo 400ml,£3,75p per 100ml,"Offer price £3, was £6"
L'Oreal Elvive Colour Protect Wonder Water ,L'Oreal Elvive Colour Protect Wonder Water 200ml,£5,£2.50 per 100ml,"Offer price £5, was £10"
L'Oreal Elvive Dream Lengths Conditioner,L'Oreal Elvive Dream Lengths Conditioner200ml,£3,£1.50 per 100ml,Buy 2 for £4
L'Oreal Elvive Dream Lengths Conditioner,L'Oreal Elvive Dream Lengths Conditioner300ml,£3,£1.00 per 100ml,"Offer price £3, was £6"
L'Oreal Elvive Dream Lengths More Than Shampoo,L'Oreal Elvive Dream Leng…200ml,£7,£3.50 per 100ml,
L'Oreal Elvive Dream Lengths Wonder Water,L'Oreal Elvive Dream Lengths Wonder Water200ml,£5,£2.50 per 100ml,"Offer price £5, was £10"
 L'Oreal Elvive Extraordinary Oil Nourishing Shampoo, L'Oreal Elvive Extraordinary…250ml,£3,£1.20 per 100ml,Buy 2 for £4
L'Oreal Elvive Extraordinary Oil Nourishing Shampoo,L'Oreal Elvive Extraordinary…400ml,£3,75p per 100ml,"Offer price £3, was £6"
L'Oreal Elvive Extraordinary Oils Conditioner,L'Oreal Elvive Extraordin…200ml,£3,£1.50 per 100ml,Buy 2 for £4
LOreal Elvive Extraordinary Oil Shampoo,LOreal Elvive Extraor…400ml,£3,75p per 100ml,"Offer price £3, was £6"
L'Oreal Elvive Extraordinary Shampoo,L'Oreal Elvive Extraordinary Shampoo400ml,£3,75p per 100ml,"Offer price £3, was £6"
L'Oreal Elvive Fibrology Conditioner,L'Oreal Elvive Fibrology Conditioner200ml,£3,£1.50 per 100ml,Buy 2 for £4
L'Oreal Elvive Fibrology Shampoo ,L'Oreal Elvive Fibrology Shampoo 250ml,£3,£1.20 per 100ml,Buy 2 for £4
L'Oreal Elvive Fibrology Shampoo,L'Oreal Elvive Fibrology Shampoo400ml,£3,75p per 100ml,"Offer price £3, was £6"
L'Oreal Elvive Full Restore 5 Shampoo ,L'Oreal Elvive Full Restore 5 Shampoo 400ml,£3,75p per 100ml,"Offer price £3, was £6"
L'Oreal Elvive Mens Anti Dandruff Shampoo,L'Oreal Elvive Mens Anti Dandruff Shampoo400ml,£6,£1.50 per 100ml,
L'Oreal Elvive Nutri Gloss Conditioner,L'Oreal Elvive Nutri Gloss Conditioner200ml,£3,£1.50 per 100ml,Buy 2 for £4
L' Oreal Elvive Reviver Colour Protect ,L' Oreal Elvive Reviver Colour Protect 180ml,£3,£1.67 per 100ml,"Offer price £3, was £6"
L' Oreal Elvive Reviver Dream Lengths ,L' Oreal Elvive Reviver Dream Lengths 180ml,£3,£1.67 per 100ml,"Offer price £3, was £6"
L' Oreal Elvive Reviver Extr Oils ,L' Oreal Elvive Reviver Extr Oils 180ml,£3,£1.67 per 100ml,"Offer price £3, was £6"
L'oreal Excellence Creme Blonde Beige 7.31,L'oreal Excellence Creme Blonde Beige 7.31,£10,,Buy 2 for £13
L'oreal Excellence Creme Rich Auburn 5.6,L'oreal Excellence Creme Rich Auburn 5.6,£10,,Buy 2 for £13
 L'Oreal Kids Strawberry Conditioner, L'Oreal Kids Strawberry Conditioner250ml,£2.40,96p per 100ml,"Offer price £2.40, was £3"
 L'Oreal Kids Strawberry Shampoo, L'Oreal Kids Strawberry Shampoo250ml,£2.40,96p per 100ml,"Offer price £2.40, was £3"
L'Oreal  Kids Tropical Mango Shampoo,L'Oreal  Kids Tropical Mango Shampoo250ml,£2.40,96p per 100ml,"Offer price £2.40, was £3"
L'Oreal Laser Renew Revitalift Serum,L'Oreal Laser Renew Revitalift Serum30ml,£28,£93.33 per 100ml,
L'Oreal Magic Retouch Black ,L'Oreal Magic Retouch Black 73g,£6,£8.22 per 100g,"Offer price £6, was £10"
L'Oreal Magic Retouch Brown ,L'Oreal Magic Retouch Brown 73g,£6,£8.22 per 100g,"Offer price £6, was £10"
L'Oreal Magic Retouch Dark Blonde ,L'Oreal Magic Retouch Dark Blonde 73g,£6,£8.22 per 100g,"Offer price £6, was £10"
L'Oreal Magic Retouch Dark Brown ,L'Oreal Magic Retouch Dark Brown 73g,£6,£8.22 per 100g,"Offer price £6, was £10"
L'Oreal Magic Retouch Dark Iced Brown ,L'Oreal Magic Retouch Dark Iced Brown 75ml,£6,£8.00 per 100ml,"Offer price £6, was £10"
L'Oreal Magic Retouch Light Golden Blonde ,L'Oreal Magic Retouch Light Golden Blonde 73g,£6,£8.22 per 100g,"Offer price £6, was £10"
L'Oreal Magic Retouch Medium Iced Brown ,L'Oreal Magic Retouch Medium Iced Brown 75ml,£6,£8.00 per 100ml,"Offer price £6, was £10"
L'Oreal Men Carbon Intense,L'Oreal Men Carbon Intense250ml,£3,£1.20 per 100ml,
L'Oreal Men Expert Hydra Energetic Anti-Fatigue Moisturiser,L'Oreal Men Expert Hydra Energeti…50ml,£8,£16.00 per 100ml,
L'Oreal Men Expert Hydra Energetic Daily Moisturiser,L'Oreal Men Expert Hydra Energetic Daily Moisturiser50ml,£8,£16.00 per 100ml,
L' Oreal Men Expert Hydra Energetic Deep Exfoliating Face Scrub ,L' Oreal Men Expert Hydra Energetic D…100ml,£4.75,£4.75 per 100ml,
L'Oreal Men Expert Hydra Energetic Shower Gel,L'Oreal Men Expert Hydra Energetic Shower Gel300ml,£1.95,65.2p per 100ml,"Offer price £1.95, was £3.95"
L' Oreal Men Expert Hydra Energetic Wash ,L' Oreal Men Expert Hydra Energetic Wash 100ml,£4.75,£4.75 per 100ml,
L'Oreal Men Expert Invincible Sport Deodorant,L'Oreal Men Expert Invincible Sport Deodorant250ml,£3,£1.20 per 100ml,
L'Oreal Men Expert Magnesium Moisturiser,L'Oreal Men Expert Magnesium Moisturiser50ml,£10,£20.00 per 100ml,
L'Oreal Men Expert Pure Carbon Anti-Spot Daily Care Moisturiser ,L'Oreal Men Expert Pure Carbon Anti-S…50ml,£8,£16.00 per 100ml,
L' Oreal Men Expert Pure Charcoal Wash ,L' Oreal Men Expert Pure Charcoal Wash 100ml,£5,£5.00 per 100ml,
L' Oreal Men Expert Stress Resist Body Face Hair Wash,L' Oreal Men Expert Stress Re…300ml,£1.95,65.2p per 100ml,"Offer price £1.95, was £3.95"
L'Oreal Men Expert Thermic Resistance Anti-Perspirant,L'Oreal Men Expert Thermic Re…250ml,£3,£1.20 per 100ml,
L'Oreal Men Expert Total Clean Shower Gel,L'Oreal Men Expert Total Clean Shower Gel300ml,£1.95,65.2p per 100ml,"Offer price £1.95, was £3.95"
L'Oreal Men Expert Vita Lift 5 Moisture,L'Oreal Men Expert Vita Lift 5 Moisture50ml,£12,£24.00 per 100ml,
L'Oreal Paris Age Perfect Golden Age Rosy Re-Fortifying Day Cream 50Ml,L'Oreal Paris Age Perfect Gol…50ml,£7.99,£15.98 per 100ml,
L'Oreal Paris Age Re-Fortifying Cream Spf 15 ,L'Oreal Paris Age Re-Fortifying Cream Spf 15 50ml,£7.99,£15.98 per 100ml,
L'Oreal Paris Anti-Wrinkle Expert Cream 35+,L'Oreal Paris Anti-Wrinkle Expert Cream 35+50ml,£5,£10.00 per 100ml,"Offer price £5, was £10"
L'Oreal Paris Casting Creme Gloss 5102 Cool Mocha,L'Oreal Paris Casting Creme…,£7.50,,
L'Oreal Paris Casting Creme Gloss Black Cherry Semi Permanent             ,L'Oreal Paris Casting Creme Gloss Black Che…,£10,,Buy 2 for £14
L'Oreal Paris Casting Creme Gloss Chocolate Brown 535 Semi-Permanent,L'Oreal Paris Casting Creme G…,£10,,Buy 2 for £14
L'Oreal Paris Casting Creme Gloss Dark Brown 400 Semi-Permanent Hair Dye,L'Oreal Paris Casting Creme Glo…,£10,,Buy 2 for £14
L'Oreal Paris Casting Creme Gloss Darkest Brown Semi Permanent         ,L'Oreal Paris Casting Creme Gloss Darkest…,£10,,Buy 2 for £14
L'Oreal Paris Casting Creme Gloss Ebony Black 200 Semi-Permanent Hair Dye ,L'Oreal Paris Casting Creme Glo…,£10,,Buy 2 for £14
L'Oreal Paris Casting Creme Gloss Light Brown 600 Semi-Permanent Hair Dye ,L'Oreal Paris Casting Creme Glo…,£10,,Buy 2 for £14
L'Oreal Paris Casting Creme Gloss Medium Brown 500 Semi-Permanent Hair Dye0,L'Oreal Paris Casting Creme Glo…,£10,,Buy 2 for £14
L'Oreal Paris Casting Creme Gloss Plum 316 Semi-Permanent Hair Dye,L'Oreal Paris Casting Creme Gloss Plum…,£10,,Buy 2 for £14
L'Oreal Paris Elvive Colour Protect Travel Shampoo ,L'Oreal Paris Elvive Colour Protect Travel Shampoo 90ml,£2.15,£2.39 per 100ml,
L' Oreal Paris Elvive Dream Length No Haircut Cream,L' Oreal Paris Elvive Dream L…200ml,£4,£2.00 per 100ml,"Offer price £4, was £6"
L' Oreal Paris Elvive Dream Length Restoring Shampoo,L' Oreal Paris Elvive Dream L…400ml,£3,75p per 100ml,"Offer price £3, was £6"
 L'Oreal Paris Elvive Dream Length Shampoo, L'Oreal Paris Elvive Dream Length Shampoo250ml,£3,£1.20 per 100ml,Buy 2 for £4
L'Oreal Paris Elvive Hyaluronic Conditioner,L'Oreal Paris Elvive Hyaluronic Conditioner300ml,£3.50,£1.17 per 100ml,"Offer price £3.50, was £7"
L'Oreal Paris Elvive Hyaluronic Shampoo,L'Oreal Paris Elvive Hyaluronic Shampoo250ml,£3.50,£1.40 per 100ml,Buy 2 for £5
L'Oreal Paris Excellence Creme Natural Baby Blonde 10 Permanent Hair Dye,L'Oreal Paris Excellence Creme…,£10,,Buy 2 for £13
L'Oreal Paris Excellence Creme Natural Blonde 8.0 Permanent Hair Dye,L'Oreal Paris Excellence Creme Natural…,£10,,Buy 2 for £13
L'Oreal Paris Excellence Creme Natural Brown 5 Permanent Hair Dye      ,L'Oreal Paris Excellence Creme Natural Br…,£10,,Buy 2 for £13
L'Oreal Paris Excellence Creme Natural Dark Blonde 7 Permanent Hair Dye,L'Oreal Paris Excellence Crem…,£10,,Buy 2 for £13
L'Oreal Paris Excellence Creme Natural Darkest Brown 3 Permanent Hair Dye,L'Oreal Paris Excellence Creme…,£10,,Buy 2 for £13
L'Oreal Paris Excellence Creme Natural Light Golden Blonde 9.3 Permanent3,L'Oreal Paris Excellence Creme…,£10,,Buy 2 for £13
L'Oreal Paris Men Expert Shirt Protect Deodorant,L'Oreal Paris Men Expert Shirt Protect Deodorant250ml,£3,£1.20 per 100ml,
L' Oreal Paris Pure Clay Blemish Rescue Mask,L' Oreal Paris Pure Clay Blemish Rescue Mask50ml,£8,£16.00 per 100ml,
L'Oreal Paris Revitalift Filler Anti-Wrinkle Serum,L'Oreal Paris Revitalift Filler Anti-Wrinkle Serum30ml,£16.66,£55.53 per 100ml,"Offer price £16.66, was £25"
L'Oreal Paris Revitalift Serum ,L'Oreal Paris Revitalift Serum 30ml,£13,£43.33 per 100ml,
L'Oreal Paris Wrinkle Expert Anti-Wrinkle Hydrating Day Cream 55+ ,L'Oreal Paris Wrinkle Expert Anti-Wrink…50ml,£5,£10.00 per 100ml,"Offer price £5, was £10"
L'Oreal Paris Wrinkle Expert Firming Day Cream 45+ ,L'Oreal Paris Wrinkle Expert…50ml,£5,£10.00 per 100ml,"Offer price £5, was £10"
L'Oreal Preference Baikal 9.13,L'Oreal Preference Baikal 9.13,£12,,Buy 2 for £16
L'Oreal Preference Brasilia 3,L'Oreal Preference Brasilia 3,£12,,Buy 2 for £16
L'Oreal Preference Bruges 5.0,L'Oreal Preference Bruges 5.0,£12,,Buy 2 for £16
L'Oreal Preference California 8,L'Oreal Preference California 8,£12,,Buy 2 for £16
L'Oreal Preference Florida 7.3,L'Oreal Preference Florida 7.3,£12,,Buy 2 for £16
L'Oreal Preference Prague 01,L'Oreal Preference Prague 01,£12,,Buy 2 for £16
L'Oreal Preference Stockholm 10.21,L'Oreal Preference Stockholm 10.21,£12,,Buy 2 for £16
L'Oreal Preference Ultra Platinum,L'Oreal Preference Ultra Platinum,£12,,Buy 2 for £16
L'Oreal Preference Virginia 5.3,L'Oreal Preference Virginia 5.3,£12,,Buy 2 for £16
L'Oreal Pure Clay Detox Mask,L'Oreal Pure Clay Detox Mask50ml,£8,£16.00 per 100ml,
L'Oreal Pure Clay Glow Mask ,L'Oreal Pure Clay Glow Mask 50ml,£8,£1.60 per 10ml,
L'Oreal Revitalift Day Cream SPF 30 ,L'Oreal Revitalift Day Cream SPF 30 50ml,£13,£26.00 per 100ml,
L'Oreal Revitalift Filler Day Cream 50Ml,L'Oreal Revitalift Filler Day Cream 50Ml50ml,£13.33,£26.66 per 100ml,"Offer price £13.33, was £20"
L'Oreal Revitalift Filler Replumping Micellar Cleansing Water ,L'Oreal Revitalift Filler Replumpin…200ml,£5.33,£2.67 per 100ml,
L'Oreal Revitalift Filler Replumping Toner ,L'Oreal Revitalift Filler Replumping Toner 200ml,£5.33,£2.67 per 100ml,
L'Oreal Revitalift Hydrating Cream Fragrance Free ,L'Oreal Revitalift Hydratin…50ml,£13,£26.00 per 100ml,
L'Oreal Revitalift Hydrating Day Cream Pot ,L'Oreal Revitalift Hydrating Day Cream Pot 50ml,£13,£26.00 per 100ml,
L'Oreal Revitalift Hydrating Eyes ,L'Oreal Revitalift Hydrating Eyes 15ml,£13,£86.67 per 100ml,
L'Oreal Revitalift Night Pot ,L'Oreal Revitalift Night Pot 50ml,£13,£26.00 per 100ml,
L'Oreal The Replumping Mask Revitalift Filler Tissue Mask,L'Oreal The Replumping Mask Revit…,£5,,
L'Oreal Triple Active Day Cream ,L'Oreal Triple Active Day Cream 50ml,£4.50,£9.00 per 100ml,
L'Oreal Triple Active Day Sensitive ,L'Oreal Triple Active Day Sensitive 50ml,£4.50,£9.00 per 100ml,
L'Oreal Triple Active Night Cream ,L'Oreal Triple Active Night Cream 50ml,£4.50,£9.00 per 100ml,
L'Oreal Wrinkle Expert 55+ Night Cream ,L'Oreal Wrinkle Expert 55+ Night Cream 50ml,£5,£10.00 per 100ml,"Offer price £5, was £10"
L'Oreal Wrinkle Expert Fortifying Care Day 65+,L'Oreal Wrinkle Expert Fortifying Care Day 65+50ml,£5,£10.00 per 100ml,
L'Oreal Wrinkle Expert Intensive Care Night 65+,L'Oreal Wrinkle Expert Intensive Care Night 65+50ml,£5,£10.00 per 100ml,
L'Oreal Wrinkle Expert Spf 20 45+ Day Cream,L'Oreal Wrinkle Expert Spf 20 45+ Day Cream50ml,£5,£10.00 per 100ml,
L'Oréal Elnett Normal Hairspray,L'Oréal Elnett Normal Hairspray400ml,£7.50,£1.88 per 100ml,
L'Oréal Elnett Normal Strength,L'Oréal Elnett Normal Strength200ml,£3.50,£1.75 per 100ml,"Offer price £3.50, was £4.50"
L'Oréal Elnett Normal Strength Hairspray,L'Oréal Elnett Normal Strength Hairspray75ml,£3,£4.00 per 100ml,
L'Oréal Elvive NutriGloss Shine Shampoo ,L'Oréal Elvive NutriGloss Shine Shampoo 250ml,£3,£1.20 per 100ml,Buy 2 for £4
Lyclear Extra Strong Shampoo,Lyclear Extra Strong Shampoo200ml,£16,£8.00 per 100ml,
Lynx Africa Anti-perspirant Deodorant Roll On,Lynx Africa Anti-perspira…50ml,£1.20,£2.40 per 100ml,"Offer price £1.20, was £2"
Lynx  Africa Anti-perspirant Deodorant Spray for Men,Lynx  Africa Anti-perspirant…150ml,£2.50,£1.67 per 100ml,
Lynx Africa Anti Sweat Antiperspirant,Lynx Africa Anti Sweat Antiperspirant250ml,£5,£2.00 per 100ml,
Lynx Africa Body Spray Deodorant,Lynx Africa Body Spray Deodorant250ml,£5,£2.00 per 100ml,
Lynx Africa Body Spray Deodorant Aerosol,Lynx Africa Body Spray Deodorant Aerosol150ml,£2.50,£1.67 per 100ml,
Lynx Africa Bodywash,Lynx Africa Bodywash225ml,£1.25,55.6p per 100ml,
Lynx Africa Shower Gel,Lynx Africa Shower Gel500ml,£2.75,55p per 100ml,
Lynx All Stars Trio Gift Set,Lynx All Stars Trio Gift Set600g,£14,£2.33 per 100g,
Lynx Attract For Him Body Spray Deodorant Aerosol,Lynx Attract For Him Body Spray Deodorant Aerosol150ml,£2.50,£1.67 per 100ml,
Lynx  Black Anti-perspirant Deodorant Spray for Men,Lynx  Black Anti-perspirant Deodorant Spray for Men150ml,£2.50,£1.67 per 100ml,
Lynx Black Shower Gel,Lynx Black Shower Gel500ml,£2.75,55p per 100ml,
Lynx Body Spray AI Limited Edition,Lynx Body Spray AI Limited Edition200ml,£4,£2.00 per 100ml,
Lynx Bodyspray Black,Lynx Bodyspray Black250ml,£5,£2.00 per 100ml,
Lynx Collision Body Spray,Lynx Collision Body Spray250ml,£5,£2.00 per 100ml,
Lynx Collision Leather + Cookies Anti-Perspirant Dry,Lynx Collision Leather + Cook…150ml,£2.50,£1.67 per 100ml,
Lynx Collision Leather + Cookies Body Spray For Men,Lynx Collision Leather + Cook…150ml,£2.50,£1.67 per 100ml,
Lynx Epic Anti Perspirant Deodorant Spray,Lynx Epic Anti Perspirant Deodorant Spray250ml,£5,£2.00 per 100ml,
Lynx Epic Fresh Grapefruit & Pineapple Scent Body Spray For Men ,Lynx Epic Fresh Grapefruit & Pineappl…150ml,£2.50,£1.67 per 100ml,
Lynx Epic Fresh Grapefruit & Tropical Pineapple ,Lynx Epic Fresh Grapefruit & Tropical Pineapple 150ml,£2.50,£1.67 per 100ml,
Lynx Epic Fresh Shower Gel,Lynx Epic Fresh Shower Gel500ml,£2.75,55p per 100ml,
Lynx Excite Body Spray Deodorant,Lynx Excite Body Spray Deodorant250ml,£5,£2.00 per 100ml,
Lynx Excite Body Spray Deodorant For Men,Lynx Excite Body Spray Deodorant For Men150ml,£2.50,£1.67 per 100ml,
Lynx Gold Body Spray Deodorant For Men,Lynx Gold Body Spray Deodorant For Men150ml,£2.50,£1.67 per 100ml,
Lynx Grapefruit & Tropical Pineapple Scent Body Spray For Men,Lynx Grapefruit & Tropical Pineappl…250ml,£5,£2.00 per 100ml,
Lynx Grapefruit & Tropical Pineapple Scent Deodorant Roll On Men ,Lynx Grapefruit & Tropical Pineapple…50ml,£1.20,£2.40 per 100ml,"Offer price £1.20, was £2"
Lynx Ice Chill Body Spray For Men,Lynx Ice Chill Body Spray For Men150ml,£2.50,£1.67 per 100ml,
Lynx Ice Chill Body Spray For Men,Lynx Ice Chill Body Spray For Men250ml,£5,£2.00 per 100ml,
Lynx Shower Gel Black,Lynx Shower Gel Black225ml,£1.25,55.6p per 100ml,
Lynx Shower Gel Dark Temptation ,Lynx Shower Gel Dark Temptation 225ml,£1.25,55.6p per 100ml,
Lynx Shower Gel Excite,Lynx Shower Gel Excite225ml,£1.25,55.6p per 100ml,
Lynx Shower Gel Ice Chill ,Lynx Shower Gel Ice Chill 225ml,£1.25,55.6p per 100ml,
Marvel Spider - Man Bath & Shower Bubbles ,Marvel Spider - Man Bath & Shower Bubbles 400ml,£2,50p per 100ml,
Marvel Spider - Man Magic Face Cloth,Marvel Spider - Man Magic Face Cloth,£2,,
Matey Max Bubble Bath,Matey Max Bubble Bath500ml,£2,40p per 100ml,
Maui Moisture Coconut Oil Conditioner,Maui Moisture Coconut Oil Conditioner385ml,£9,£2.34 per 100ml,
Maui Moisture Coconut Oil Shampoo ,Maui Moisture Coconut Oil Shampoo 385ml,£9,£2.34 per 100ml,
Maybelline Color Sensational Lipstick Red For Me,Maybelline Color Sensationa…,£4,,
Maybelline Fit Mematte & Poreless 365 Espresso,Maybelline Fit Mematte & Poreless 365 Espresso30ml,£4,£13.33 per 100ml,
Maybelline Superstay Matte Ink Lip Gloss 35 Creator 5ML,Maybelline Superstay Matte Ink…,£5,,
Maybelline Tattoo Brow Gel Black/Brown,Maybelline Tattoo Brow Gel Black/Brown,£6,,
Maybelline Vivid Hot Lacquer 82 Slay It Lip Gloss,Maybelline Vivid Hot Lacque…8ml,£4,£5.00 per 10ml,
Men Expert Deodorant Fresh Extreme,Men Expert Deodorant Fresh Extreme250ml,£3,£1.20 per 100ml,
Method Botanical Garden Foaming Hand Wash,Method Botanical Garden Foaming Hand Wash300ml,£3.25,£1.08 per 100ml,
Method Hibiscus Berry Foaming Hand Wash,Method Hibiscus Berry Foaming Hand Wash300ml,£3.25,£1.08 per 100ml,
Method Limited Edition Botanical Garden Hand Wash,Method Limited Edition Bota…354ml,£2.75,77.7p per 100ml,
Missguided Babe Power ,Missguided Babe Power 80ml,£28,£35.00 per 100ml,
Mitchum 48Hr Protection Clean Control Anti-Perspirant & Deodorant,Mitchum 48Hr Protection Clean Control…200ml,£3,£1.50 per 100ml,
Mitchum Advanced Control Women Shower Fresh Anti-Perspirant & Deodorant,Mitchum Advanced Control Wome…100ml,£3,£3.00 per 100ml,
Mitchum Anti-Perspirent Ice Fresh Roll On,Mitchum Anti-Perspirent Ice Fresh Roll On100ml,£3,£3.00 per 100ml,
Mitchum Clear Fresh Invisible Roll On ,Mitchum Clear Fresh Invisible Roll On 100ml,£3,£3.00 per 100ml,
Mitchum Endurance Men Ice Fresh Anti-Perspirant & Deodorant,Mitchum Endurance Men Ice Fresh A…200ml,£3,£1.50 per 100ml,
Mitchum Invisible Men Pure Energy Antiperspirant & Deodorant ,Mitchum Invisible Men Pur…200ml,£3,£1.50 per 100ml,
Mitchum Invisible Women Clear Fresh Antiperspirant & Deodorant ,Mitchum Invisible Women Clear Fresh A…200ml,£3,£1.50 per 100ml,
Mitchum Powder Fresh Anti-Perspirant Deodorant Powder Fresh ,Mitchum Powder Fresh Anti-Perspiran…200ml,£3,£1.50 per 100ml,
Mitchum Powder Fresh Control Stick ,Mitchum Powder Fresh Control Stick 41g,£3,£7.32 per 100g,
Mitchum Shower Fresh Antiperspirant Deodorant ,Mitchum Shower Fresh Antiperspirant Deodorant 200ml,£3,£1.50 per 100ml,
Mitchum Ultimate 48 HR Protection Clean Control Deodorant,Mitchum Ultimate 48 HR Protection…45g,£5,£11.11 per 100g,
Mitchum Women Pure Fresh Deodorant,Mitchum Women Pure Fresh Deodorant200ml,£3,£1.50 per 100ml,
Modest Ego Hair Mask No 1,Modest Ego Hair Mask No 120ml,£8,£40.00 per 100ml,
Modest Ego Hair Mask No 3 ,Modest Ego Hair Mask No 3 20ml,£8,£40.00 per 100ml,
Morrisons 0.5mm Interdental Brushes ,Morrisons 0.5mm Interdental Brushes 6 per pack,£2.25,37.5p each,
Morrisons 0.7mm Interdental Brushes,Morrisons 0.7mm Interdental Brushes6 per pack,£2.25,37.5p each,
Morrisons 12 Comfort Pads Normal,Morrisons 12 Comfort Pads Normal12 per pack,£1.65,13.8p each,
Morrisons 20 Small Interspace Brushes,Morrisons 20 Small Interspace Brushes,£2,,
Morrisons 2 In 1 Anti-Dandruff Shampoo & Conditioner,Morrisons 2 In 1 Anti-Dandruf…500ml,£1.80,36p per 100ml,
Morrisons 3 in 1 Buffer,Morrisons 3 in 1 Buffer,£3,,
"Morrisons 3 In 1 Shampoo, Conditioner & Shower Gel","Morrisons 3 In 1 Shampoo, Conditioner & Shower Gel300ml",£1,33.3p per 100ml,
Morrisons 3Ply   Cosmetic Facial  Tissues ,Morrisons 3Ply   Cosmetic Facial  Tissues 56 per pack,£1.69,3p each,"Offer price £1.69, was £1.90"
Morrisons 3Ply   Regular Facial Tissues 72 Sheets ,Morrisons 3Ply   Regular Facial Tissues 72 Sheets ,£1.45,,
Morrisons 3Ply Regular Twin Facial Tissues,Morrisons 3Ply Regular Twin Facial Tissues2 x 72 per pack,£2.50,1.7p each,
Morrisons Adult Rechargeable Electric Toothbrush,Morrisons Adult Rechargeabl…,£15,,
Morrisons After Sun Spray,Morrisons After Sun Spray200ml,£3,£1.50 per 100ml,
Morrisons Aloe Vera Antibacterial Hand Gel ,Morrisons Aloe Vera Antibacterial Hand Gel 50ml,90p,£1.80 per 100ml,
Morrisons Aloe Vera Antibacterial Hand Gel,Morrisons Aloe Vera Antibacterial Hand Gel500ml,£3,60p per 100ml,
Morrisons Anti-Dandruff Shampoo Classic,Morrisons Anti-Dandruff Shampoo Classic500ml,£1.80,36p per 100ml,
Morrisons Antibacterial Hand Cream,Morrisons Antibacterial Hand Cream100ml,£1.25,£1.25 per 100ml,"Offer price £1.25, was £1.50"
Morrisons Bamboo Eco-Friendly Medium Toothbrush,Morrisons Bamboo Eco-Frie…,£1.50,,
Morrisons Bath Sponge,Morrisons Bath Sponge,99p,,
Morrisons Bite & Sting Cream,Morrisons Bite & Sting Cream10g,£3,£30.00 per 100g,
Morrisons Breath Freshening Spray,Morrisons Breath Freshening Spray12.5ml,£1.60,£12.80 per 100ml,
Morrisons Classic Small Hot Round Brush,Morrisons Classic Small Hot Round Brush,£4,,
Morrisons Classic Vent Brush           ,Morrisons Classic Vent Brush           ,£4,,
Morrisons Clear and Protect Anti-Perspirant Deodorant 250ml,Morrisons Clear and Protect Anti…250ml,£1.20,48p per 100ml,
Morrisons Coconut & Lychee Shampoo,Morrisons Coconut & Lychee Shampoo500ml,95p,19p per 100ml,
Morrisons Comfort Liners,Morrisons Comfort Liners24 per pack,£1.65,6.9p each,
Morrisons Comfort Liners Long,Morrisons Comfort Liners Long20 per pack,£1.65,8.3p each,
Morrisons Comfort Pads Extra,Morrisons Comfort Pads Extra10 per pack,£1.65,16.5p each,
Morrisons Comfort Pads Extra Plus,Morrisons Comfort Pads Extra Plus8 per pack,£1.65,20.6p each,
Morrisons Comfort Pants Large,Morrisons Comfort Pants Large10 per pack,£6.25,62.5p each,
Morrisons Comfort Pants Medium,Morrisons Comfort Pants Medium12 per pack,£6.25,52.1p each,
Morrisons Comfort Pants Super Protection Large,Morrisons Comfort Pants Super Protection Large12 per pack,£8,66.7p each,
Morrisons Comfort Pants Super Protection Medium,Morrisons Comfort Pants Super Protection Medium12 per pack,£8,66.7p each,
Morrisons        Curved Nail      Scissors   ,Morrisons        Curved Nail      Scissors   ,£2.25,,
Morrisons Dental Floss Harps,Morrisons Dental Floss Harps32 per pack,£1.40,4.4p each,
Morrisons Dental Floss Mint 50m,Morrisons Dental Floss Mint 50m,£1,,
Morrisons Dental Tape,Morrisons Dental Tape,£1,,
Morrisons Dental Tape Harps,Morrisons Dental Tape Harps32 per pack,£1.50,4.7p each,
Morrisons Denture Cleaning Tablets ,Morrisons Denture Cleaning Tablets 30 per pack,89p,3p each,
Morrisons Desire Body Spray ,Morrisons Desire Body Spray 75ml,75p,£1.00 per 100ml,
Morrisons Energy Body Spray,Morrisons Energy Body Spray150ml,99p,66p per 100ml,
Morrisons Essential Bath Foam,Morrisons Essential Bath Foam1L,£1,10p per 100ml,
Morrisons Essentials Bath Cream,Morrisons Essentials Bath Cream1L,£1,10p per 100ml,
Morrisons Essentials Coolmint Mouthwash,Morrisons Essentials Coolmint Mouthwash500ml,45p,9p per 100ml,
Morrisons Essentials Medium Toothbrushes,Morrisons Essentials Medium Toothbrushes2 per pack,25p,12.5p each,
Morrisons Eucalyptus & Rosemary Bath Soak,Morrisons Eucalyptus & Rosemary Bath Soak500ml,95p,19p per 100ml,
Morrisons Family Toothbrushes Medium,Morrisons Family Toothbrushes Medium4 per pack,£1,25p each,
Morrisons Firm Mousse,Morrisons Firm Mousse200ml,£1.50,75p per 100ml,
Morrisons Five Blades Cartridges,Morrisons Five Blades Cartridges5 per pack,£4.50,90p each,
Morrisons Five Blade System Razor,Morrisons Five Blade System Razor,£4.50,,
Morrisons Five Blade System Refills,Morrisons Five Blade System Refills4 per pack,£4.50,£1.13 each,
Morrisons Fold & Wrap Pantyliners,Morrisons Fold & Wrap Pantyliners20 per pack,90p,4.5p each,
Morrisons Foundation Sponges          ,Morrisons Foundation Sponges          2 per pack,£1.25,62.5p each,
Morrisons Ginger & Shea Butter Bath Soak,Morrisons Ginger & Shea Butter Bath Soak500ml,95p,19p per 100ml,
Morrisons Gum Health Medium Toothbrush,Morrisons Gum Health Medium Toothbrush,£1,,
Morrisons Gum Health Mouthwash,Morrisons Gum Health Mouthwash500ml,£1.25,25p per 100ml,
Morrisons Gum Health Toothpaste,Morrisons Gum Health Toothpaste100ml,£1,£1.00 per 100ml,
Morrisons Incontinence Pads Male,Morrisons Incontinence Pads Male10 per pack,£3,30p each,
Morrisons Interdental Brushes 0.4MM,Morrisons Interdental Brushes 0.4MM6 per pack,£2.25,37.5p each,
Morrisons Interdental Brushes 0.6MM,Morrisons Interdental Brushes 0.6MM6 per pack,£2.25,37.5p each,
Morrisons Kids 2 In 1 Strawberry Shampoo & Conditioner,Morrisons Kids 2 In 1 Strawberr…250ml,£1,40p per 100ml,
Morrisons Kids Colored Sun Lotion SPF50+,Morrisons Kids Colored Sun Lotion SPF50+200ml,£4.50,£2.25 per 100ml,
Morrisons Kids Sensitive Sun Spray Spf50+,Morrisons Kids Sensitive Sun Spray Spf50+200ml,£4.50,£2.25 per 100ml,
Morrisons Kids Toothbrushes 3+ Years ,Morrisons Kids Toothbrushes 3+ Years 4 per pack,£1,25p each,
Morrisons Large Black Claw Clip,Morrisons Large Black Claw Clip,£2.50,,
Morrisons Large Pantyliners,Morrisons Large Pantyliners28 per pack,99p,3.5p each,
Morrisons Large Tortoise Shell Claw Clip       ,Morrisons Large Tortoise Shell Claw Clip       ,£1.50,,"Offer price £1.50, was £2"
Morrisons Lavender & Water Lily Bath Soak,Morrisons Lavender & Water Lily Bath Soak500ml,95p,19p per 100ml,
Morrisons Maxi Daytime Towels,Morrisons Maxi Daytime Towels24 per pack,99p,4.1p each,
Morrisons Maxi Night Comfort Pads ,Morrisons Maxi Night Comfort Pads 6 per pack,£1.65,27.5p each,
Morrisons Maxi Towels Night Time,Morrisons Maxi Towels Night Time12 per pack,£1.05,8.8p each,
Morrisons Medium Complexion Sponge,Morrisons Medium Complexion Sponge,£1.30,,
Morrisons Medium Interspace Interdental Brushes,Morrisons Medium Interspa…20 per pack,£2.25,11.3p each,
Morrisons Menopause Vitamins ,Morrisons Menopause Vitamins 30 per pack,£3.25,10.8p each,
Morrisons Mini Vent Brush,Morrisons Mini Vent Brush,£1,,"Offer price £1, was £1.25"
Morrisons Moisturising Antibacterial Handwash,Morrisons Moisturising Antibacterial Handwash500ml,£1,20p per 100ml,
Morrisons Moisturising Body Lotion ,Morrisons Moisturising Body Lotion 400ml,£1.10,27.5p per 100ml,
Morrisons Moisturising Lotion,Morrisons Moisturising Lotion300ml,£2,66.7p per 100ml,
Morrisons Moisturising Shower Gel,Morrisons Moisturising Shower Gel500ml,£1.25,25p per 100ml,
Morrisons        Nail Clippers         ,Morrisons        Nail Clippers         ,£2.25,,
Morrisons Night Time Ultra Towels with Wings,Morrisons Night Time Ultra Towels with Wings10 per pack,79p,7.9p each,
Morrisons Non-applicator Tampons Super,Morrisons Non-applicator Tampons Super16 per pack,£1.25,7.8p each,
Morrisons Normal Pantyliners,Morrisons Normal Pantyliners30 per pack,99p,3.3p each,
Morrisons Normal Ultra Towels without Wings,Morrisons Normal Ultra Towels without Wings16 per pack,79p,4.9p each,
Morrisons Normal Ultra Towels with Wings,Morrisons Normal Ultra Towels with Wings14 per pack,79p,5.6p each,
Morrisons Nourish Hand & Nail Cream,Morrisons Nourish Hand & Nail Cream100ml,£1.15,£1.15 per 100ml,
Morrisons Original Anti-Bacterial Cleaner,Morrisons Original Anti-Bacterial Cleaner750ml,£1.10,14.7p per 100ml,
Morrisons Panty Liners Extra Long,Morrisons Panty Liners Extra Long22 per pack,£1,4.5p each,
Morrisons Perfect Angle Electric Replacement Toothbrush Heads ,Morrisons Perfect Angle Electric Re…4 per pack,£9,£2.25 each,
Morrisons Pink Grapefruit & Basil Shower Gel ,Morrisons Pink Grapefruit & Basil Shower Gel 250ml,95p,38p per 100ml,
Morrisons Polarise Body Spray,Morrisons Polarise Body Spray150ml,99p,66p per 100ml,
Morrisons Powder Puffs,Morrisons Powder Puffs2 per pack,£1.25,62.5p each,
Morrisons Pro Advanced Clean Toothpaste,Morrisons Pro Advanced Clean Toothpaste75ml,£2,£2.67 per 100ml,
Morrisons Pro Advance Sensitive Replacement Toothbrush Heads,Morrisons Pro Advance Sensitive Rep…2 per pack,£7,£3.50 each,
Morrisons Pro Adv Whitening Brush Heads,Morrisons Pro Adv Whitening Brush Heads4 per pack,£9,£2.25 each,
Morrisons Professional Nail Files,Morrisons Professional Nail Files2 per pack,£2,£1.00 each,"Offer price £2, was £2.25"
Morrisons Protecting Antibacterial Handwash,Morrisons Protecting Antibacterial Handwash500ml,£1,20p per 100ml,
Morrisons Pure Oval Cotton Pads ,Morrisons Pure Oval Cotton Pads 100 per pack,£1.25,1.3p each,
Morrisons Pure Round Cotton Pads,Morrisons Pure Round Cotton Pads200 per pack,£1.49,0.7p each,
Morrisons Regular Applicator Tampons,Morrisons Regular Applicator Tampons20 per pack,£1.25,6.3p each,
Morrisons Savers Family Size Facial Tissues 226 Sheets,Morrisons Savers Family Size Fa…,£1.09,,
Morrisons Savers Maxi Towels,Morrisons Savers Maxi Towels10 per pack,40p,4p each,
Morrisons Savers Pant Liners,Morrisons Savers Pant Liners30 per pack,45p,1.5p each,
Morrisons Sea Minerals & Fennel 2 In 1 Shower & Shampoo ,Morrisons Sea Minerals & Fennel…250ml,95p,38p per 100ml,
Morrisons Sea Minerals & Sage Bath Soak,Morrisons Sea Minerals & Sage Bath Soak500ml,95p,19p per 100ml,
Morrisons Sensitive Electric Replacement Toothbrush Heads ,Morrisons Sensitive Electric Repl…4 per pack,£9,£2.25 each,
Morrisons Sensitive Mouthwash,Morrisons Sensitive Mouthwash500ml,£1.50,30p per 100ml,
Morrisons Sensitive Toothbrush,Morrisons Sensitive Toothbrush,£1.50,,
Morrisons Sensitive Toothpaste,Morrisons Sensitive Toothpaste100ml,£1.50,£1.50 per 100ml,
Morrisons Shea Butter & Honey Shower Cream ,Morrisons Shea Butter & Honey Shower Cream 250ml,95p,38p per 100ml,
Morrisons Slanted Tweezers          ,Morrisons Slanted Tweezers          ,£2.25,,
Morrisons Spf30 Mini Sun Lotion,Morrisons Spf30 Mini Sun Lotion50ml,£2,£4.00 per 100ml,
Morrisons Spf30 Scalp Protection Spray,Morrisons Spf30 Scalp Protection Spray50ml,£3.50,£7.00 per 100ml,
Morrisons Spf50+ Kids Mini Sun Lotion,Morrisons Spf50+ Kids Mini Sun Lotion50ml,£3,£6.00 per 100ml,
Morrisons Spf50+ Sensitive Face & Neck Lotion,Morrisons Spf50+ Sensitiv…50ml,£3.50,£7.00 per 100ml,
Morrisons Spf50+ Sensitive Sun Lotion,Morrisons Spf50+ Sensitive Sun Lotion200ml,£3.75,£1.88 per 100ml,
Morrisons Spf50+ Tanning & Protection Dry Mist Spray,Morrisons Spf50+ Tanning & Pr…200ml,£5,£2.50 per 100ml,
Morrisons Sport Deodorant,Morrisons Sport Deodorant250ml,£1.20,48p per 100ml,
Morrisons        Straight Tweezers           ,Morrisons        Straight Tweezers           ,£2.25,,
Morrisons Strawberry Antibacterial Handwash,Morrisons Strawberry Antibacterial Handwash500ml,£1,20p per 100ml,
Morrisons Sun Lotion SPF30,Morrisons Sun Lotion SPF30200ml,£4,£2.00 per 100ml,
Morrisons Sun Oil Spray SPF15,Morrisons Sun Oil Spray SPF15150ml,£4,£2.67 per 100ml,
Morrisons Sun Spray SPF30,Morrisons Sun Spray SPF30200ml,£4,£2.00 per 100ml,
Morrisons Sun Spray SPF50+,Morrisons Sun Spray SPF50+200ml,£4.50,£2.25 per 100ml,
Morrisons Super Ultra Towels with Wings,Morrisons Super Ultra Towels with Wings12 per pack,79p,6.6p each,
Morrisons Tampons Applicator Super,Morrisons Tampons Applicator Super20 per pack,£1.25,6.3p each,
Morrisons Tampons Non-Applicator Regular,Morrisons Tampons Non-Applicator Regular16 per pack,£1.25,7.8p each,
Morrisons Tampons Non-Applicator Super Plus,Morrisons Tampons Non-Applicator Super Plus16 per pack,£1.25,7.8p each,
Morrisons Three Blade System Razor,Morrisons Three Blade System Razor,£3.20,,
Morrisons Three Blade System Refills,Morrisons Three Blade System Refills4 per pack,£3.50,87.5p each,
Morrisons        Toenail Clippers    ,Morrisons        Toenail Clippers    ,£2.25,,
Morrisons Total Care Electric Replacement Toothbrush Heads,Morrisons Total Care Electric Rep…4 per pack,£10,£2.50 each,
Morrisons Triple Blade Disposable Razors,Morrisons Triple Blade Disposable Razors4 per pack,£2,50p each,
Morrisons Twin Blade Disposable Razors,Morrisons Twin Blade Disposable Razors10 per pack,£1,10p each,
Morrisons Twin Blade Disposable Razors,Morrisons Twin Blade Disposable Razors10 per pack,£1,10p each,
Morrisons Ultra Towels Confident Night,Morrisons Ultra Towels Confident Night9 per pack,79p,8.8p each,
Morrisons Volumising Blow-Dry Brush,Morrisons Volumising Blow-Dry Brush,£4,,
Morrisons White Musk Body Spray  ,Morrisons White Musk Body Spray  75ml,75p,£1.00 per 100ml,
Morrisons Whitening Medium Toothbrush,Morrisons Whitening Medium Toothbrush,£1.50,,
Morrisons Whitening Mouthwash,Morrisons Whitening Mouthwash500ml,£1.50,30p per 100ml,
Morrisons Whitening Toothpaste,Morrisons Whitening Toothpaste100ml,£1.50,£1.50 per 100ml,
Morrisons Womens Stay Put Barrettes,Morrisons Womens Stay Put Barrettes2 per pack,£1.50,75p each,"Offer price £1.50, was £2"
Moss & Adams Melrose Grove Hand Wash,Moss & Adams Melrose Grove Hand Wash500ml,£2,40p per 100ml,
Moss & Adams Sherwood Forest Hand Wash,Moss & Adams Sherwood Forest Hand Wash500ml,£2,40p per 100ml,
Moss & Adams Windermere Lake Hand Wash,Moss & Adams Winder…500ml,£2,40p per 100ml,
Munchkin Bath Crayons,Munchkin Bath Crayons5 per pack,£5.50,£1.10 each,
My Little Sudocrem Skin Care Cream,My Little Sudocrem Skin Care Cream22g,£3,£13.64 per 100g,
Neutrogena Clear & Defend Wash,Neutrogena Clear & Defend Wash200ml,£3.66,£1.83 per 100ml,"Offer price £3.66, was £4"
Neutrogena Clear & Soothe Mist Toner,Neutrogena Clear & Soothe Mist Toner125ml,£4.20,£3.36 per 100ml,"Offer price £4.20, was £6"
Neutrogena Clear & Soothe Moisturiser,Neutrogena Clear & Soothe Moisturiser75ml,£4.20,£5.60 per 100ml,"Offer price £4.20, was £6"
Neutrogena Clear & Soothe Mousse Cleanser,Neutrogena Clear & Soothe Mousse Cleanser150ml,£4.20,£2.80 per 100ml,"Offer price £4.20, was £6.20"
Neutrogena Fast Absorbing Hand Cream,Neutrogena Fast Absorbing Hand Cream75ml,£3,£4.00 per 100ml,"Offer price £3, was £4"
Neutrogena Norwegian Formula Cica-Repair Foot Mask,Neutrogena Norwegian Formul…,£3,,
Neutrogena Norwegian Formula Cica-Repair Hand Mask,Neutrogena Norwegian Formul…,£3,,
Neutrogena Norwegian Formula Hand Cream 50ml,Neutrogena Norwegian Fo…50ml,£2.75,£5.50 per 100ml,"Offer price £2.75, was £3.75"
Neutrogena Norwegian Formula Lip Care SPF 20,Neutrogena Norwegian Formula Lip Care SPF 204.8g,£2,£41.67 per 100g,"Offer price £2, was £2.99"
Neutrogena       Norwegian Hand   Cream ,Neutrogena       Norwegian Hand   Cream 50ml,£2.75,£5.50 per 100ml,"Offer price £2.75, was £3.50"
Neutrogena Oil Balancing Exfoliator,Neutrogena Oil Balancing Exfoliator150ml,£4.50,£3.00 per 100ml,
Neutrogena Refreshingly Clear Daily Exfoliator ,Neutrogena Refreshingly Clear Daily Exfoliator 150ml,£5,£3.33 per 100ml,
Neutrogena Refreshingly Clear Pink Grapefruit Gel Wash ,Neutrogena Refreshingly Clear P…200ml,£5,£2.50 per 100ml,
Neutrogena T/Gel Therapeutic Shampoo,Neutrogena T/Gel Therapeutic Shampoo250ml,£8.50,£3.40 per 100ml,
 Neutrogena T/Gel Theraputic Gel Shampoo, Neutrogena T/Gel Theraputic Gel Shampoo125ml,£5,£4.00 per 100ml,
New Radox Shower Therapy Active Gel ,New Radox Shower Therapy Active Gel 250ml,£1,40p per 100ml,
Nice N Easy 4G Natural Dark Golden Brown,Nice N Easy 4G Natural Dark Golden Brown,£6.90,,Buy 2 for £10.50
Nice N Easy 5A Natural Medium Ash Brown,Nice N Easy 5A Natural Medium Ash Brown,£6.90,,Buy 2 for £10.50
Nice N Easy 6.5GN Natural Lighter Golden Brown,Nice N Easy 6.5GN Natural…,£6.90,,Buy 2 for £10.50
Nice N Easy 6W Natural Light Mocha Brown,Nice N Easy 6W Natural Light Mocha Brown,£6.90,,Buy 2 for £10.50
Nice N Easy 7C Natural Dark Cool Blonde,Nice N Easy 7C Natural Dark Cool Blonde,£6.90,,Buy 2 for £10.50
Nice N' Easy 8GN Natural Medium Golden Neutral Blonde,Nice N' Easy 8GN Natural Medi…,£6.90,,Buy 2 for £10.50
Nice N Easy Age Defy Blonde 9A Hair Colourant,Nice N Easy Age Defy Blonde 9A Hair Colourant,£6.94,,
Nice N Easy Born Red 5R Natural Medium Auburn,Nice N Easy Born Red 5R Natural Medium Auburn,£6.90,,Buy 2 for £10.50
 Nice N Easy Dark Champagne Blonde 7CB, Nice N Easy Dark Champagne Blonde 7CB,£6.90,,Buy 2 for £10.50
Nice N Easy Golden Auburn 8WR,Nice N Easy Golden Auburn 8WR,£6.90,,Buy 2 for £10.50
 Nice N Easy Medium Mahogany Brown 5M, Nice N Easy Medium Mahogany Brown 5M,£6.90,,Buy 2 for £10.50
Nice N Easy No Ammonia Black 83,Nice N Easy No Ammonia Black 83,£5,,Buy 2 for £8
Nice N Easy No Ammonia Dark Ash Blonde 90,Nice N Easy No Ammonia Dark Ash Blonde 90,£5,,Buy 2 for £8
Nice N Easy No Ammonia Dark Blonde 91,Nice N Easy No Ammonia Dark Blonde 91,£5,,Buy 2 for £8
Nice N Easy No Ammonia Dark Brown 79,Nice N Easy No Ammonia Dark Brown 79,£5,,Buy 2 for £8
Nice N Easy No Ammonia Dark Warm Brown 82,Nice N Easy No Ammonia Dark Warm Brown 82,£5,,Buy 2 for £8
Nice N Easy No Ammonia Light Ash Brown 75,Nice N Easy No Ammonia Light Ash Brown 75,£5,,Buy 2 for £8
Nice N Easy No Ammonia Light Brown 755,Nice N Easy No Ammonia Light Brown 755,£5,,Buy 2 for £8
Nice N Easy No Ammonia Light Warm Brown 92,Nice N Easy No Ammonia Light Warm Brown 92,£5,,Buy 2 for £8
Nice N Easy No Ammonia Medium Ash Blonde 73,Nice N Easy No Ammonia Medium Ash Blonde 73,£5,,Buy 2 for £8
Nice N Easy No Ammonia Medium Ash Brown 77,Nice N Easy No Ammonia Medium Ash Brown 77,£5,,Buy 2 for £8
Nice N Easy No Ammonia Medium Brown 765,Nice N Easy No Ammonia Medium Brown 765,£5,,Buy 2 for £8
Nice N Easy No Ammonia Medium Golden Brown 78,Nice N Easy No Ammonia Medium Golden Brown 78,£5,,Buy 2 for £8
Nice 'N Easy Permanent Colour 101 Natural Baby Blonde Hair Dye,Nice 'N Easy Permanent Colour 101 N…,£6.90,,Buy 2 for £10.50
Nice 'N Easy Permanent Colour 102 Natural Light Ash Blonde Hair Dye,Nice 'N Easy Permanent Colour 102 Natur…,£6.90,,Buy 2 for £10.50
Nice 'N Easy Permanent Colour 103A Natural Medium Blonde Hair Dye,Nice 'N Easy Permanent Colour 103A Na…,£6.90,,Buy 2 for £10.50
Nice 'N Easy Permanent Colour 103 Natural Light Beige Blonde Hair Dye,Nice 'N Easy Permanent Colour 103 Natural…,£6.90,,Buy 2 for £10.50
Nice 'N Easy Permanent Colour 104 Natural Honey Blonde Hair Dye ,Nice 'N Easy Permanent Colour 104 Nat…,£6.90,,Buy 2 for £10.50
Nice 'N Easy Permanent Colour 106 Natural Medium Ash Blonde Hair Dye,Nice 'N Easy Permanent Colour…,£6.90,,Buy 2 for £10.50
Nice'n Easy Permanent Colour 10 Natural Extra Light Blonde (98) Hair Dye,Nice'n Easy Permanent Colour 10 Natural Ext…,£6.90,,Buy 2 for £10.50
Nice 'N Easy Permanent Colour 10 Natural Ultra Light Blonde (87) Hair Dye,Nice 'N Easy Permanent Colour 10 Natural Ul…,£6.90,,Buy 2 for £10.50
Nice 'N Easy Permanent Colour 116 Natural Light Brown Hair Dye,Nice 'N Easy Permanent Colour 116 N…,£6.90,,Buy 2 for £10.50
Nice 'N Easy Permanent Colour 117 Natural Medium Goldenbrown Hair Dye,Nice 'N Easy Permanent Colour…,£6.90,,Buy 2 for £10.50
Nice 'N Easy Permanent Colour 118 Natural Medium Brown Hair Dye,Nice 'N Easy Permanent Colour 118 Nat…,£6.90,,Buy 2 for £10.50
Nice 'N Easy Permanent Colour 120 Natural Dark Brown Hair Dye,Nice 'N Easy Permanent Colour 120 N…,£6.90,,Buy 2 for £10.50
Nice 'N Easy Permanent Colour 122 Natural Black Hair Dye,Nice 'N Easy Permanent Colour 1…,£6.90,,Buy 2 for £10.50
Nice 'N Easy Permanent Colour 3.5 Natural Darkest Brown (121A) Hair Dye,Nice 'N Easy Permanent Colour 3.5 Natural…,£6.90,,Buy 2 for £10.50
Nice 'N Easy Permanent Colour 4W Natural Dark Caramel Brown (120B) Hair Dye,Nice 'N Easy Permanent Colour 4…,£6.90,,Buy 2 for £10.50
Nice 'N Easy Permanent Colour 5C Natural Medium Cool Brown (117D) Hair Dye,Nice 'N Easy Permanent Colour 5…,£6.90,,Buy 2 for £10.50
Nice 'N Easy Permanent Colour 5WR Natural Warm Auburn (109A) Hair Dye,Nice 'N Easy Permanent Colour…,£6.90,,Buy 2 for £10.50
Nice 'N Easy Permanent Colour 6A Natural Light Ash Brown (114) Hair Dye,Nice 'N Easy Permanent Colour 6A Natural…,£6.90,,Buy 2 for £10.50
Nice 'N Easy Permanent Colour 6G Natural Light Golden Brown (116A) Hair Dye,Nice 'N Easy Permanent Colour 6…,£6.90,,Buy 2 for £10.50
Nice 'N Easy Permanent Colour 6N Natural Lighter Brown (115) Hair Dye,Nice 'N Easy Permanent Colour 6N Natural…,£6.90,,Buy 2 for £10.50
Nice 'N Easy Permanent Colour 6R Natural Light Auburn (110) Hair Dye,Nice 'N Easy Permanent Colour 6R Natura…,£6.90,,Buy 2 for £10.50
Nice 'N Easy Permanent Colour 7 Natural Dark Blonde (106A former) Hair Dye,Nice 'N Easy Permanent Colour 7…,£6.90,,Buy 2 for £10.50
Nice'N Easy Permanent Colour 9G Natural Light Golden Blonde (102G) Hair Dye,Nice'N Easy Permanent Colour 9G…,£6.90,,Buy 2 for £10.50
Nice 'N Easy Permanent Colour 9PB Natural Pale Blonde (100) Hair Dye     ,Nice 'N Easy Permanent Colour 9PB Natural P…,£6.90,,Buy 2 for £10.50
Nice 'N Easy Permanent Hair Colour 3.5BG Natural Dark Burgundy Brown (113A),Nice 'N Easy Permanent Hair Col…,£6.90,,Buy 2 for £10.50
Nice'N Easy Permanent Hair Colour 5RB Natural Medium Reddish Brown (118C),Nice'N Easy Permanent Hair Colo…,£6.90,,Buy 2 for £10.50
Nice 'N Easy Permanent Hair Colour 5W Natural Medium Caramel Brown (118B),Nice 'N Easy Permanent Hair Col…,£6.50,,Buy 2 for £10.50
Nice'N Easy Permanent Hair Dye 10B Extra Light Beige Blonde,Nice'N Easy Permanent Hair Dye 10…,£6.90,,Buy 2 for £10.50
Nice'N Easy Permanent Hair Dye 11A Ultra Light Ash Blonde,Nice'N Easy Permanent Hair Dye 11…,£6.90,,Buy 2 for £10.50
Nice'N Easy Permanent Hair Dye SB1 Ultra Light Natural Beach Blonde,Nice'N Easy Permanent Hair Dye SB1 Ultr…,£6.90,,Buy 2 for £10.50
Nice N Easy Ultra Light Cook Summer Blonde SB2,Nice N Easy Ultra Light Cook Summer Blonde SB2,£6.90,,Buy 2 for £10.50
Nip + Fab Purify Salicylic Fix Facial Scrub,Nip + Fab Purify Salicylic Fix Facial Scrub75ml,£6.63,£8.84 per 100ml,"Offer price £6.63, was £10"
Nip + Fab Purify Salicylic Fix Gel Cleanser,Nip + Fab Purify Salicylic Fix Gel Cleanser145ml,£6.63,£4.57 per 100ml,"Offer price £6.63, was £10"
Nip+Fab Purify Salicylic Fix Moisturiser,Nip+Fab Purify Salicylic Fix Moisturiser40ml,£9.98,£24.95 per 100ml,"Offer price £9.98, was £20"
Nip + Fab Purify Salicylic Fix Tonic,Nip + Fab Purify Salicylic Fix Tonic100ml,£7.48,£7.48 per 100ml,"Offer price £7.48, was £15"
Nip + Fab Salicylic Fix Clay Mask,Nip + Fab Salicylic Fix Clay Mask170ml,£9.98,£5.87 per 100ml,"Offer price £9.98, was £20"
Nip+Fab Salicylic Fix Day Pads,Nip+Fab Salicylic Fix Day Pads60 per pack,£8.63,14.4p each,"Offer price £8.63, was £13"
Nip+Fab Salicylic Fix Night Pads,Nip+Fab Salicylic Fix Night Pads60 per pack,£9.97,16.6p each,"Offer price £9.97, was £15"
Nip+Fab Salicylic Fix Serum Extreme 2%,Nip+Fab Salicylic Fix Serum Extreme 2%50ml,£9.98,£19.96 per 100ml,"Offer price £9.98, was £20"
Nivea 2in1 Cleanser & Toner ,Nivea 2in1 Cleanser & Toner 200ml,£3.20,£1.60 per 100ml,
"NIVEA Anti-Perspirant Deodorant Spray, Black & White Original, 48 Hrs","NIVEA Anti-Perspirant Deodorant Spray, Bl…35ml",£1.55,£4.43 per 100ml,
"NIVEA Anti-Perspirant Deodorant Spray, Double Effect, 48 Hrs",NIVEA Anti-Perspirant Deodorant Spr…250ml,£2.30,92p per 100ml,
"NIVEA Anti-Perspirant Deodorant Spray, Pearl & Beauty, 48 Hrs",NIVEA Anti-Perspirant Deodorant Spr…250ml,£2.30,92p per 100ml,
Nivea Biodegradable Wipes Dry Skin,Nivea Biodegradable Wipes Dry Skin25 per pack,£1.65,6.6p each,
Nivea Biodegradable Wipes Normal Skin,Nivea Biodegradable Wipes Normal Skin25 per pack,£1.65,6.6p each,
Nivea Black & White Invisible Roll On,Nivea Black & White Invisible Roll On50ml,£1.40,£2.80 per 100ml,"Offer price £1.40, was £1.50"
Nivea Black & White Invisible Spray ,Nivea Black & White Invisible Spray 250ml,£2.30,92p per 100ml,
"NIVEA Body Lotion, Fast Absorbing Express Hydration","NIVEA Body Lotion, Fast Absor…400ml",£6.50,£1.63 per 100ml,
"NIVEA Body Lotion, Light Moisturising & Cleansing","NIVEA Body Lotion, Light Moisturising & Cleansing250ml",£3,£1.20 per 100ml,
"NIVEA Body Lotion for Dry Skin, Extra Rich Moisturising",NIVEA Body Lotion for Dry Skin…250ml,£3,£1.20 per 100ml,
"NIVEA Body Lotion for Dry Skin, Rich Nourishing","NIVEA Body Lotion for Dry Skin, Rich Nourishing400ml",£6.50,£1.63 per 100ml,
Nivea Body Lotion Repair & Care,Nivea Body Lotion Repair & Care400ml,£3.65,91.1p per 100ml,"Offer price £3.65, was £7.25"
Nivea Body Souffle Cherry Blossom & Jojoba Oil,Nivea Body Souffle Cherry Blossom & Jojoba Oil200ml,£8,£4.00 per 100ml,
NIVEA Cellular Luminous 630 Anti-Dark Spot Day Cream Face Moisturiser SPF50,NIVEA Cellular Luminous 630 Ant…40ml,£13.50,£3.38 per 10ml,"Offer price £13.50, was £27"
NIVEA Cellular Luminous 630 Anti-Dark Spot Face Serum,NIVEA Cellular Luminous 630 A…30ml,£15,£5.00 per 10ml,"Offer price £15, was £30"
Nivea Cellular Luminous 630 Eye Treatment,Nivea Cellular Luminous 630 Eye Treatment15ml,£27,£180.00 per 100ml,
Nivea Cellular Luminous Anti Dark Spot Night Cream,Nivea Cellular Luminous Ant…50ml,£27,£54.00 per 100ml,
Nivea Cherry Shine Lip Balm,Nivea Cherry Shine Lip Balm4.8g,£2.35,£48.96 per 100g,
Nivea Coconut Shower Gel,Nivea Coconut Shower Gel250ml,£1,40p per 100ml,
"NIVEA Creme All Purpose Body Cream for face, hands and body",NIVEA Creme All Purpose Body Crea…200ml,£2.31,£1.16 per 100ml,"Offer price £2.31, was £4.25"
Nivea Daily Scrub ,Nivea Daily Scrub 150ml,£2.65,£1.77 per 100ml,
Nivea Double Effect Eye Make-Up Remover ,Nivea Double Effect Eye Make-Up Remover 125ml,£3.50,£2.80 per 100ml,
Nivea Hand Cream Anti - Age Q10,Nivea Hand Cream Anti - Age Q10100ml,£4.25,£4.25 per 100ml,
Nivea Hand Cream Intensive,Nivea Hand Cream Intensive100ml,£1.76,£1.76 per 100ml,"Offer price £1.76, was £3"
Nivea Hydro Care Lip Balm With Spf 15,Nivea Hydro Care Lip Balm With Spf 154.8g,£2,£41.67 per 100g,
Nivea Magic Bar Face Cleansing Antiblackhead Scrub,Nivea Magic Bar Face Cleans…75g,£5,£6.67 per 100g,
Nivea Magic Bar Face Cleansing Radiance Bar,Nivea Magic Bar Face Cleansing Radiance Bar75g,£5,£6.67 per 100g,
Nivea Magic Bar Face Cleansing Refreshing Bar,Nivea Magic Bar Face Cleansing Refreshing Bar75g,£5,£6.67 per 100g,
Nivea Men Active Energy Skin Revitaliser Face Cream,Nivea Men Active Energy Skin…50ml,£9,£18.00 per 100ml,
Nivea Men Anti-Age Hyaluron Face Moisturising Gel,Nivea Men Anti-Age Hyaluron…50ml,£15,£30.00 per 100ml,
"NIVEA MEN Anti-Perspirant Deodorant Roll-On, Black & White Original, 48 Hrs",NIVEA MEN Anti-Perspirant Deodo…50ml,£1.40,£2.80 per 100ml,"Offer price £1.40, was £2.15"
"NIVEA MEN Anti-Perspirant Deodorant Spray, Black & White Original, 48 Hrs",NIVEA MEN Anti-Perspirant Deodo…250ml,£2.30,92p per 100ml,
"NIVEA MEN Anti-Perspirant Deodorant Spray, Cool Kick, 48 Hrs",NIVEA MEN Anti-Perspirant Deodorant…250ml,£2.30,92p per 100ml,
"NIVEA MEN Anti-Perspirant Deodorant Spray, Sensitive Protect, 48 Hrs",NIVEA MEN Anti-Perspirant Deo…250ml,£2.30,92p per 100ml,
Nivea Men Cool Kick Antiperspirant ,Nivea Men Cool Kick Antiperspirant 35ml,£1.55,£4.43 per 100ml,
Nivea Men Creme,Nivea Men Creme150ml,£6,£4.00 per 100ml,
NIVEA MEN Deep Cleaning Face Wash Protect & Care,NIVEA MEN Deep Cleaning Fac…100ml,£5,£5.00 per 100ml,
Nivea Men Hyaluron Anti-Age Face Moisturising Cream Spf 15 ,Nivea Men Hyaluron Anti-Age Face…50ml,£13.50,£27.00 per 100ml,
"NIVEA MEN Intensive Moisturising Face Cream, Protect & Care",NIVEA MEN Intensive Moisturising…50ml,£6,£12.00 per 100ml,
NIVEA MEN Post Shave Balm Protect & Care,NIVEA MEN Post Shave Balm Protect & Care100ml,£6.85,£6.85 per 100ml,
NIVEA MEN Rehydrating Face Moisturiser Protect & Care,NIVEA MEN Rehydrating Face Mo…75ml,£6,£8.00 per 100ml,
NIVEA MEN Sensitive Face Moisturiser with 0% Alcoho,NIVEA MEN Sensitive Face Mois…75ml,£6,£8.00 per 100ml,
NIVEA MEN Sensitive Face Wash with 0% Alcohol,NIVEA MEN Sensitive Face Wash with 0% Alcohol100ml,£6,£6.00 per 100ml,
Nivea Men Sensitive Intensive Moisturiser Face Cream,Nivea Men Sensitive Intensive…50ml,£7,£14.00 per 100ml,
NIVEA MEN Sensitive Post Shave Balm with 0% Alcohol,NIVEA MEN Sensitive Post Shav…100ml,£6.50,£6.50 per 100ml,
NIVEA MEN Sensitive Shave Foam with 0 % Alcohol,NIVEA MEN Sensitive Shave…200ml,£2.40,£1.20 per 100ml,"Offer price £2.40, was £2.50"
NIVEA MEN Sensitive Shaving Gel,NIVEA MEN Sensitive Shaving Gel200ml,£2.40,£1.20 per 100ml,"Offer price £2.40, was £2.50"
Nivea Men Sensitive XL Gift Set ,Nivea Men Sensitive XL Gift Set ,£8,,
NIVEA MEN Shaving Protect & Care Moisturising Shave Gel,NIVEA MEN Shaving Protect & Car…200ml,£2.70,£1.35 per 100ml,
Nivea MicellAIR Micellar Water Sensitive Skin ,Nivea MicellAIR Micellar Water Sensitive Skin 400ml,£5.25,£1.31 per 100ml,
Nivea Naturally Good Aloe Vera Body Lotion,Nivea Naturally Good Aloe Vera Body Lotion350ml,£8,£2.29 per 100ml,
Nivea Naturally Good Aloe Vera Radiance Face Cream,Nivea Naturally Good Aloe V…50ml,£6,£12.00 per 100ml,
Nivea Naturally Good Cocoa Butter Body Lotion,Nivea Naturally Good Cocoa Butter Body Lotion350ml,£8,£2.29 per 100ml,
Nivea Naturally Good Organic Green Tea Cleansing Tonic,Nivea Naturally Good Organic Gr…200ml,£5,£2.50 per 100ml,
Nivea Night Cream ,Nivea Night Cream 50ml,£4,£8.00 per 100ml,
Nivea Original Care Lip Balm,Nivea Original Care Lip Balm4.8g,£2.35,£48.96 per 100g,
Nivea Pearly Shine Lip Balm,Nivea Pearly Shine Lip Balm4.8g,£2.30,£47.92 per 100g,
"Nivea Pore Purifying 3 In 1 Wash, Scrub, Mask","Nivea Pore Purifying 3 In 1 Wash, Scrub, Mask150ml",£3.33,£2.22 per 100ml,"Offer price £3.33, was £5"
Nivea Pure & Natural Regenerating Night Cream ,Nivea Pure & Natural Regenerating Night Cream 50ml,£6,£12.00 per 100ml,
Nivea Q10 + Vitamin C Firming Body Lotion Dry Skin,Nivea Q10 + Vitamin C Firmi…400ml,£8,£2.00 per 100ml,
Nivea Q10 Energy Night Cream,Nivea Q10 Energy Night Cream50ml,£12.99,£25.98 per 100ml,
Nivea Q10 Energy Spf15 Day Cream,Nivea Q10 Energy Spf15 Day Cream50ml,£12.99,£25.98 per 100ml,
Nivea Q10 Gradual Tan Moisturiser Fair To Medium,Nivea Q10 Gradual Tan Moist…200ml,£6,£3.00 per 100ml,
Nivea Q10 Plus C Anti-Wrinkle + Energy 10 Minute Sheet Mask,Nivea Q10 Plus C Anti-Wrinkle + E…,£4.25,,
Nivea Q10 Power Anti - Wrinkle + Firming Day Cream Spf 15,Nivea Q10 Power Anti - Wrinkle +…50ml,£11,£22.00 per 100ml,
Nivea Q10 Power Anti - Wrinkle + Firming Night Cream,Nivea Q10 Power Anti - Wrinkl…50ml,£11,£22.00 per 100ml,
Nivea Q10 Power Anti-Wrinkle + Replenishing 60+ Night Cream,Nivea Q10 Power Anti-Wrinkle + Re…50ml,£15.99,£31.98 per 100ml,
Nivea Q10 Power Anti-Wrinkle 60+ Day Cream,Nivea Q10 Power Anti-Wrinkle 60+ Day Cream50ml,£15.99,£31.98 per 100ml,
NIVEA Q10 Power Anti-Wrinkle Ultra Recovery Night Face Serum,NIVEA Q10 Power Anti-Wrinkle Ultra…30ml,£14,£46.67 per 100ml,
Nivea Q10 Power Antiwrinkle + Firming Eye Cream,Nivea Q10 Power Antiwrink…15ml,£11.50,£76.67 per 100ml,
Nivea Q10 Power Anti Wrinkle Age Spot Day Cream Spf30 ,Nivea Q10 Power Anti Wrinkle Ag…50ml,£13.99,£27.98 per 100ml,
Nivea Q10 Power Face Mask,Nivea Q10 Power Face Mask,£4,,
Nivea Q10 Serum Pearls Antiwrinkle Serum Boost ,Nivea Q10 Serum Pearls Antiwrinkle Serum Boost 30ml,£13,£43.33 per 100ml,
NIVEA Refreshing Face Wash Gel,NIVEA Refreshing Face Wash Gel150ml,£3.50,£2.33 per 100ml,
"NIVEA Refreshingly Soft Moisturising Cream for face, hands and body",NIVEA Refreshingly Soft Moisturising Cr…75ml,£2.39,£3.19 per 100ml,
"NIVEA Shower Gel, Indulgent Moisture Cashmere","NIVEA Shower Gel, Indulge…250ml",£1,40p per 100ml,
"NIVEA Soft Moisturising Cream for face, hands and body",NIVEA Soft Moisturising Cream f…300ml,£6.59,£2.20 per 100ml,
"NIVEA Soft Moisturising Cream for face, hands and body",NIVEA Soft Moisturising Cream f…200ml,£4,£2.00 per 100ml,
Nivea Sun Kids Moisturising Sun Spray 50+,Nivea Sun Kids Moistu…300ml,£10,£3.33 per 100ml,
Nivea Sun Kids Protect & Sensitive Roll On SPF 50+,Nivea Sun Kids Protect & Sensitive Roll On SPF 50+50ml,£6,£12.00 per 100ml,
Nivea Sun Kids Sensitive SPF 50+,Nivea Sun Kids Sensitive SPF 50+200ml,£8.50,£4.25 per 100ml,
"NIVEA SUN Kids Suncream Spray SPF 50+, Coloured",NIVEA SUN Kids Suncream S…200ml,£7,£3.50 per 100ml,
Nivea Sun Kids Swim & Play SPF 50,Nivea Sun Kids Swim & Play SPF 50150ml,£4.85,£3.23 per 100ml,
Nivea Sun Moisturising Lotion SPF 15,Nivea Sun Moisturising Lotion SPF 15200ml,£4.85,£2.43 per 100ml,
Nivea Sun Protect & Moisture Moisturising Sun Lotion SPF 20 Medium ,Nivea Sun Protect & Moisture Moisturisi…200ml,£6,£3.00 per 100ml,
Nivea Sun Protect Lip Balm With Spf 30 ,Nivea Sun Protect Lip Balm With Spf 30 4.8g,£2.75,£5.73 per 10g,
Nivea Sun Sensitive Immediate Protect Spf 50+ ,Nivea Sun Sensitive Immediate Protect Spf 50+ 200ml,£6.50,£3.25 per 100ml,
Nurofen Joint & Muscular Pain Relief 200Mg Medicated Plasters,Nurofen Joint & Muscular Pain Relie…2 per pack,£8,£4.00 each,
Nurofen Pain Relief 256mg Caplets Ibuprofen,Nurofen Pain Relief 256mg Caplets Ibuprofen16 per pack,£3.50,21.9p each,
Nutmeg 200 Paper Stemmed Cotton Buds,Nutmeg 200 Paper Stemmed Cotton Buds200 per pack,59p,0.3p each,
Nutmeg Bath Flower,Nutmeg Bath Flower,£3,,
Nutmeg Biodegradable Facial Wipes Fragrance Free,Nutmeg Biodegradable Facial…25 per pack,£1,4p each,
Nutmeg Black Hair Grips,Nutmeg Black Hair Grips30 per pack,£1.25,4.2p each,
Nutmeg Black Velvet Scrunchies,Nutmeg Black Velvet Scrunchies,£1.75,,"Offer price £1.75, was £2"
Nutmeg Blonde Hair Grips,Nutmeg Blonde Hair Grips30 per pack,£1.25,4.2p each,
Nutmeg Blusher Brush,Nutmeg Blusher Brush,£3,,
Nutmeg Brown Hair Grips,Nutmeg Brown Hair Grips30 per pack,£1.25,4.2p each,
Nutmeg Comb,Nutmeg Comb4 per pack,£2,50p each,
Nutmeg Detangler,Nutmeg Detangler,£5,,
Nutmeg Dressing Comb,Nutmeg Dressing Comb,£1,,
Nutmeg Dry Shampoo Fabulously Fruity ,Nutmeg Dry Shampoo Fabulously Fruity 200ml,£1.75,87.5p per 100ml,
Nutmeg Dry Shampoo Floral ,Nutmeg Dry Shampoo Floral 200ml,£1.75,87.5p per 100ml,
Nutmeg Dry Skin Facial Wipes ,Nutmeg Dry Skin Facial Wipes 25 per pack,99p,4p each,
Nutmeg Emery Board 10 Pack,Nutmeg Emery Board 10 Pack,£1.30,,
Nutmeg Exfoliating Bath Sponge,Nutmeg Exfoliating Bath Sponge,£1.49,,
Nutmeg Extra Firm Hold Hairspray ,Nutmeg Extra Firm Hold Hairspray 300ml,£1.50,50p per 100ml,
Nutmeg Eyelash Curler With 2 Replacement Pads,Nutmeg Eyelash Curler With 2 Replacement Pads,£3,,
Nutmeg Eye Shadow Brush,Nutmeg Eye Shadow Brush,£3,,
Nutmeg Facial Cleansing Brush,Nutmeg Facial Cleansing Brush,£4,,
Nutmeg Facial Moisturiser,Nutmeg Facial Moisturiser100ml,£1,£1.00 per 100ml,
Nutmeg Fragrance Free Cleansing Gel ,Nutmeg Fragrance Free Cleansing Gel 150ml,£1.25,83.3p per 100ml,
Nutmeg Girls Red & White Hair Elastics,Nutmeg Girls Red & White Hair Elastics16 per pack,£2,12.5p each,
Nutmeg Glitter Snaps On Clips 6Pk,Nutmeg Glitter Snaps On Clips 6Pk,£2,,
Nutmeg Kids 0-2 years Toothbrush,Nutmeg Kids 0-2 years Toothbrush,£1,,
Nutmeg Kids 3+ Years Berry Stripe Toothpaste ,Nutmeg Kids 3+ Years Berry Stripe Toothpaste 75ml,£1,£1.33 per 100ml,
Nutmeg Kids 6+ Mint Toothpaste ,Nutmeg Kids 6+ Mint Toothpaste 75ml,£1,£1.33 per 100ml,
Nutmeg Kids Coloured Grip Hair Band,Nutmeg Kids Coloured Grip Hair Band5 per pack,£3,60p each,
Nutmeg Kids Coloured Hair Bobbles,Nutmeg Kids Coloured Hair Bobbles5 per pack,£2,40p each,
Nutmeg Kids Mild Mint Toothpaste 0-2 Years,Nutmeg Kids Mild Mint Toothpaste 0-2 Years75ml,£1,£1.33 per 100ml,
Nutmeg Kids Mouthwash Cool Mint,Nutmeg Kids Mouthwash Cool Mint300ml,£1.50,50p per 100ml,
Nutmeg Kids Patterned Hair Elastics 12Pk,Nutmeg Kids Patterned Hair Elastics 12Pk12 per pack,£1.50,12.5p each,
Nutmeg Kids Toothbrush 3-5 Years ,Nutmeg Kids Toothbrush 3-5 Years ,£1,,
Nutmeg Kids Toothbrush 6+ Years ,Nutmeg Kids Toothbrush 6+ Years ,£1,,
Nutmeg Long Handled Wooden Bath Brush,Nutmeg Long Handled Wooden Bath Brush,£5,,
Nutmeg Make Up Wedge 16 Pcs,Nutmeg Make Up Wedge 16 Pcs,£3,,
Nutmeg Manicure Set 4 Pcs,Nutmeg Manicure Set 4 Pcs,£3,,
Nutmeg Medium Claw Clips,Nutmeg Medium Claw Clips4 per pack,£2,50p each,
Nutmeg Micellar Water,Nutmeg Micellar Water500ml,£1.80,36p per 100ml,"Offer price £1.80, was £2"
Nutmeg Nail File,Nutmeg Nail File,£1,,"Offer price £1, was £1.50"
Nutmeg Normal Facial Skin Wipes ,Nutmeg Normal Facial Skin Wipes 25 per pack,99p,4p each,
Nutmeg Paddle Brush,Nutmeg Paddle Brush,£4,,
Nutmeg Powder Brush,Nutmeg Powder Brush,£3,,
Nutmeg Sapphire File With Cap,Nutmeg Sapphire File With Cap,£1.50,,
Nutmeg School Essentials Navy & White Hair Elastics,Nutmeg School Essentials Navy…16 per pack,£2,12.5p each,
Nutmeg Sensitive Facial Wipes ,Nutmeg Sensitive Facial Wipes 25 per pack,99p,4p each,
Nutmeg Small Claw Clips 12Pk,Nutmeg Small Claw Clips 12Pk,£2,,
Nutmeg Snap On Tortoise Clip,Nutmeg Snap On Tortoise Clip6 per pack,£1.50,25p each,
Nutmeg Tea Tree Exfoliator Wash ,Nutmeg Tea Tree Exfoliator Wash 150ml,£1.80,£1.20 per 100ml,"Offer price £1.80, was £2"
Nutmeg Tea Tree Foaming Wash,Nutmeg Tea Tree Foaming Wash150ml,£1.80,£1.20 per 100ml,"Offer price £1.80, was £2"
Nutmeg Tea Tree Mattifying Moisturiser ,Nutmeg Tea Tree Mattifying Moisturiser 50ml,£1.80,£3.60 per 100ml,"Offer price £1.80, was £2"
Nutmeg Thick Hair Elastics For Blonde Hair,Nutmeg Thick Hair Elastics For Blonde Hair12 per pack,£1.75,14.6p each,
Nutmeg Thin Glitter Hair Elastics,Nutmeg Thin Glitter Hair Elastics18 per pack,£1,5.5p each,"Offer price £1, was £1.50"
Nutmeg Thin Hair Elastics Black,Nutmeg Thin Hair Elastics Black18 per pack,£1.75,9.7p each,
Nutmeg Women Thick Black Hair Elastics,Nutmeg Women Thick Black Hair Elastics12 per pack,£1.75,14.6p each,
Nutmeg Women Thick Brown Hair Elastics,Nutmeg Women Thick Brown Hair Elastics12 per pack,£1.75,14.6p each,
Nutrisse Black 1,Nutrisse Black 1,£8,,Buy 2 for £11.50
Nutrisse Blonde 8,Nutrisse Blonde 8,£8,,Buy 2 for £11.50
Nutrisse Dark Blonde 7,Nutrisse Dark Blonde 7,£8,,Buy 2 for £11.50
 Nutrisse Dark Quartz 3.23, Nutrisse Dark Quartz 3.23,£8,,Buy 2 for £11.50
Nutrisse Extra Light Blonde 100,Nutrisse Extra Light Blonde 100,£8,,Buy 2 for £11.50
 Nutrisse Golden Brown 5.3, Nutrisse Golden Brown 5.3,£8,,Buy 2 for £11.50
Nutrisse Ice Blonde 10.1,Nutrisse Ice Blonde 10.1,£8,,Buy 2 for £11.50
 Nutrisse Light Blonde 9, Nutrisse Light Blonde 9,£8,,Buy 2 for £11.50
Nutrisse Mocha Brown 5,Nutrisse Mocha Brown 5,£8,,Buy 2 for £11.50
 Nutrisse Natural Light Ash Blonde 9.13, Nutrisse Natural Light Ash Blonde 9.13,£8,,Buy 2 for £11.50
Nutrisse Natural Medium Beige Blonde 8.13,Nutrisse Natural Medium Beige Blonde 8.13,£8,,Buy 2 for £11.50
Nutrisse Ultra Colour Vibrant Red 5.62,Nutrisse Ultra Colour Vibrant Red 5.62,£8,,Buy 2 for £11.50
Ogx Anti Frizz Kukui Hydrating Oil,Ogx Anti Frizz Kukui Hydrating Oil118ml,£9,£7.63 per 100ml,
Ogx Argan Light Conditioner,Ogx Argan Light Conditioner385ml,£7,£1.82 per 100ml,
Ogx Argan Light Miracle Water,Ogx Argan Light Miracle Water177ml,£10,£5.65 per 100ml,
Ogx Argan Light Shampoo,Ogx Argan Light Shampoo385ml,£7,£1.82 per 100ml,
Ogx Brazillian Keratin Smooth Conditioner ,Ogx Brazillian Keratin Smooth Conditioner 385ml,£7,£1.82 per 100ml,
Ogx Brazillian Keratin Smooth Shampoo ,Ogx Brazillian Keratin Smooth Shampoo 385ml,£7,£1.82 per 100ml,
Ogx Colour Care Conditioner,Ogx Colour Care Conditioner385ml,£8,£2.08 per 100ml,
Ogx Colour Care Shampoo,Ogx Colour Care Shampoo385ml,£8,£2.08 per 100ml,
Ogx Damage Remedy + Coconut Miracle Oil Conditioner,Ogx Damage Remedy + Coconut M…385ml,£8,£2.08 per 100ml,
Ogx Damage Remedy + Coconut Miracle Oil Penetrating Oil,Ogx Damage Remedy + Coconut Mir…100ml,£9,£9.00 per 100ml,
Ogx Damage Remedy + Coconut Miracle Oil Shampoo,Ogx Damage Remedy + Cocon…385ml,£8,£2.08 per 100ml,
Ogx Keratin Smoothing Conditioner,Ogx Keratin Smoothing Conditioner385ml,£8,£2.08 per 100ml,
Ogx Keratin Smoothing Shampoo ,Ogx Keratin Smoothing Shampoo 385ml,£8,£2.08 per 100ml,
Ogx Nourishing Coconut Milk Conditioner ,Ogx Nourishing Coconut Milk Conditioner 385ml,£7,£1.82 per 100ml,
Ogx Nourishing Coconut Milk Shampoo,Ogx Nourishing Coconut Milk Shampoo385ml,£7,£1.82 per 100ml,
Ogx Renewing + Argan Oil Of Morocco Penetrating Oil,Ogx Renewing + Argan Oil Of M…100ml,£9,£9.00 per 100ml,
Ogx Renewing Argan Oil Of Morocca Shampoo,Ogx Renewing Argan Oil Of Morocca Shampoo385ml,£7,£1.82 per 100ml,
Ogx Renewing Argan Oil Of Morocco Conditioner ,Ogx Renewing Argan Oil Of Morocco Conditioner 385ml,£7,£1.82 per 100ml,
Ogx Renewing Argan Oil Of Morocco Conditioner,Ogx Renewing Argan Oil Of Morocco Conditioner88.7ml,£2.50,£2.82 per 100ml,
Ogx Renewing Argan Oil Of Morocco Shampoo ,Ogx Renewing Argan Oil Of Morocco Shampoo 88.7ml,£2.50,£2.82 per 100ml,
Ogx Thick & Full Biotin & Collagen Conditioner,Ogx Thick & Full Biotin & Collagen Conditioner385ml,£7,£1.82 per 100ml,
Ogx Thick & Full Biotin & Collagen Shampoo,Ogx Thick & Full Biotin & Collagen Shampoo385ml,£7,£1.82 per 100ml,
Olay Anti-Wrinkle 2 In 1 Day Moisturiser Cream & Serum,Olay Anti-Wrinkle 2 In 1 Day Mo…50ml,£6,£12.00 per 100ml,"Offer price £6, was £13.99"
Olay Anti-Wrinkle Eye Cream Renewal Gel ,Olay Anti-Wrinkle Eye Cream Renewal Gel 15ml,£6,£40.00 per 100ml,"Offer price £6, was £13.99"
Olay Anti-Wrinkle Firm & Lift Daily Moisturiser Fluid SPF,Olay Anti-Wrinkle Firm & Lift Dai…100ml,£6,£6.00 per 100ml,"Offer price £6, was £13.99"
Olay Anti-Wrinkle Firm & Lift Day Moisturiser Cream,Olay Anti-Wrinkle Firm & Lift Day Moisturiser Cream50ml,£6,£12.00 per 100ml,"Offer price £6, was £13.99"
Olay Anti Wrinkle Anti-ageing Day Cream Moisturiser ,Olay Anti Wrinkle Anti-ageing…50ml,£6,£12.00 per 100ml,"Offer price £6, was £13.99"
Olay Anti Wrinkle Night Moisturiser Cream,Olay Anti Wrinkle Night Moisturiser Cream50ml,£6,£12.00 per 100ml,"Offer price £6, was £13.99"
Olay Beauty Face & Body Fluid Normal/Dry Combo ,Olay Beauty Face & Body Fluid Normal/Dry Combo 200ml,£7,£3.50 per 100ml,
Olay Beauty Face & Body Fluid Sensitive ,Olay Beauty Face & Body Fluid Sensitive 200ml,£7,£3.50 per 100ml,
Olay Cleanse Foaming Cleansing Jelly ,Olay Cleanse Foaming Cleansing Jelly 150ml,£4,£2.67 per 100ml,
Olay Cleanse Nourishing Balm Cleanser Dry Skin,Olay Cleanse Nourishing Balm Cleanser Dry Skin150ml,£4,£2.67 per 100ml,
Olay Collagen Peptide24 Day Face Cream,Olay Collagen Peptide24 Day Face Cream15ml,£18.99,£126.60 per 100ml,"Offer price £18.99, was £37.99"
Olay Complete Care Day Cream Moisturiser SPF 15 ,Olay Complete Care Day Cream Moisturiser SPF 15 50ml,£7,£14.00 per 100ml,
Olay Complete Care Normal Day Moisturiser Fluid SPF15,Olay Complete Care Normal Day…100ml,£4,£4.00 per 100ml,
Olay Complete Care Sensitive Day Fluid Moisturiser SPF15,Olay Complete Care Sensitive Da…100ml,£4,£4.00 per 100ml,
Olay Complete Care Sensitive Moisturiser Cream ,Olay Complete Care Sensit…50ml,£7,£14.00 per 100ml,
Olay Daily Cleansing Face Wipes Normal Skin,Olay Daily Cleansing Face Wipes Normal Skin150ml,£5,£3.33 per 100ml,
Olay Daily Facials Face Wipes Micellar Clean - Sensitive Skin 30 Cloths,Olay Daily Facials Face Wipes Micellar Cl…30 per pack,£7,23.3p each,
Olay Double Action Day Moisturiser Cream Normal/Dry,Olay Double Action Day Moistu…50ml,£5,£10.00 per 100ml,
Olay Double Action Day Sensitive Cream Moisturiser & Primer,Olay Double Action Day Sensitive…50ml,£5,£10.00 per 100ml,
Olay Eyes Retinol Max Night Eye Cream,Olay Eyes Retinol Max Night Eye Cream15ml,£40,£266.67 per 100ml,
Olay Make-Up Face Cream Melting Cleanser Milk,Olay Make-Up Face Cream M…200ml,£4,£2.00 per 100ml,
Olay Micellar Water Cleanser,Olay Micellar Water Cleanser237ml,£7,£2.95 per 100ml,
Olay Refresh & Glow Cleanser Toner,Olay Refresh & Glow Cleanser Toner200ml,£4,£2.00 per 100ml,
Olay Regenerist 3 Point Day Cream SPF30 Moisturiser,Olay Regenerist 3 Point Day C…50ml,£33.99,£67.98 per 100ml,
Olay Regenerist 3 Point Super Age-Defying Moisturiser,Olay Regenerist 3 Point Super…50ml,£33.99,£67.98 per 100ml,
Olay Regenerist Day Cream,Olay Regenerist Day Cream150ml,£18.99,£12.66 per 100ml,"Offer price £18.99, was £37.99"
Olay Regenerist Day Serum,Olay Regenerist Day Serum40ml,£18.99,£47.48 per 100ml,"Offer price £18.99, was £37.99"
Olay Regenerist Moisturiser Night,Olay Regenerist Moisturiser Night50ml,£33.99,£67.98 per 100ml,
Olay Regenerist Retinol 24 Night Moisturiser,Olay Regenerist Retinol 24 Night Moisturiser50ml,£18.99,£37.98 per 100ml,"Offer price £18.99, was £37.99"
Olay Regenerist Retinol 24 Night Serum,Olay Regenerist Retinol 24 Night Serum40ml,£18.99,£47.48 per 100ml,"Offer price £18.99, was £37.99"
Olay Regenerist Ultra Rich Day Face Cream Rich Feel ,Olay Regenerist Ultra Rich Day Face Cream Rich Feel 50ml,£37.99,£75.98 per 100ml,
Olay Regenerist Ultra Rich Fragrance Free Day Cream ,Olay Regenerist Ultra Rich Fr…50ml,£35,£70.00 per 100ml,
Olay Regenerist Whip Active Moisturiser Spf30,Olay Regenerist Whip Active Moisturiser Spf3050ml,£37.99,£75.98 per 100ml,
Olay Retinol 24 Max Night Cream,Olay Retinol 24 Max Night Cream50ml,£40,£80.00 per 100ml,
Olay Retinol 24 Night Eye Cream Fragrance Free ,Olay Retinol 24 Night Eye Cream Fragrance Free 15ml,£18.99,£126.60 per 100ml,"Offer price £18.99, was £37.99"
Olay Total Effect CC Complexion Corrector Fragrance Free ,Olay Total Effect CC Complexion C…37ml,£16.99,£45.92 per 100ml,
Olay Total Effects 7-In-1 Eye Transforming Eye Cream,Olay Total Effects 7-In-1 Eye…15ml,£16.99,£113.27 per 100ml,
Olay Total Effects 7in1 Anti-ageing Night Cream Moisturiser,Olay Total Effects 7in1 Anti-agei…50ml,£16.99,£33.98 per 100ml,
Olay Total Effects Day Moisturiser Cream SPF 15 ,Olay Total Effects Day Moisturiser Cream SPF 15 50ml,£16.99,£33.98 per 100ml,
Olay Total Effects Featherweight Moisturiser SPF 15,Olay Total Effects Featherwei…50ml,£16.99,£33.98 per 100ml,
Olay Total Effects Moisturiser & Serum Duo,Olay Total Effects Moisturiser & Serum Duo40ml,£16.99,£42.48 per 100ml,
Old Spice Captain Deodorant Body Spray,Old Spice Captain Deodorant Body Spray150ml,£3.75,£2.50 per 100ml,
Old Spice Captain Deodorant Stick,Old Spice Captain Deodorant Stick50ml,£3,£6.00 per 100ml,
Old Spice Deodorant Body Spray Deep Sea,Old Spice Deodorant Body Spray Deep Sea150ml,£3,£2.00 per 100ml,
Old Spice Deodorant Stick Men,Old Spice Deodorant Stick Men50ml,£3,£6.00 per 100ml,
Old Spice Original After Shave,Old Spice Original After Shave150ml,£9.50,£6.33 per 100ml,
Old Spice Shower Gel + Shampoo Captain,Old Spice Shower Gel + Shampoo Captain400ml,£3.75,93.8p per 100ml,
Old Spice Shower Gel Deep Sea With Minerals,Old Spice Shower Gel Deep Sea With Minerals400ml,£3.50,87.5p per 100ml,
Orajel Dental Gel,Orajel Dental Gel5.3g,£3.50,£66.04 per 100g,
Oral-B 3D Glamorous White Toothpaste,Oral-B 3D Glamorous White Toothpaste75ml,£5,£6.67 per 100ml,
Oral-B 3D White Arctic Fresh Whitening Toothpaste,Oral-B 3D White Arctic Fres…75ml,£2.50,£3.34 per 100ml,"Offer price £2.50, was £4"
Oral-B 3D White Brilliance Medium Toothbrush ,Oral-B 3D White Brilliance Medium Toothbrush ,£2,,"Offer price £2, was £3"
Oral-B 3D White Clinical Whitening Restore Diamond Clean Toothpaste ,Oral-B 3D White Clinical Whit…70ml,£16,£22.86 per 100ml,
Oral-B 3D White Luxe Blast Whitening Toothpaste,Oral-B 3D White Luxe Blas…75ml,£5,£6.67 per 100ml,
Oral-B 3D White Luxe Perfection Charcoal Toothpaste,Oral-B 3D White Luxe Perfecti…75ml,£5,£6.67 per 100ml,
Oral-B 3D White Luxe Perfection Whitening Toothpaste,Oral-B 3D White Luxe Perfecti…75ml,£5,£6.67 per 100ml,Oral B 3D White Luxe Perfection - Buy 3 for £9
Oral-B 3DWhite Replacement Electric Toothbrush Heads Pack of 2,Oral-B 3DWhite Replacemen…2 per pack,£12,£6.00 each,
Oral-B 3DWhite Replacement Electric Toothbrush Heads Pack of 4,Oral-B 3DWhite Replacemen…4 per pack,£12,£3.00 each,"Offer price £12, was £18"
Oral-B 3D White Vitalizing Fresh Whitening Toothpaste,Oral-B 3D White Vitalizing Fr…75ml,£2.50,£3.34 per 100ml,"Offer price £2.50, was £4"
Oral-B 3D White Whitening Therapy Toothpaste Enamel Care,Oral-B 3D White Whitening Thera…75ml,£2.50,£3.34 per 100ml,"Offer price £2.50, was £5"
Oral-B 3D White Whitening Therapy With Charcoal Toothpaste,Oral-B 3D White Whitening Therapy…75ml,£2.50,£3.34 per 100ml,"Offer price £2.50, was £5"
Oral-B Allrounder Clean Black Toothbrushes,Oral-B Allrounder Clean Black Toothbrushes3 per pack,£2,66.5p each,"Offer price £2, was £4"
Oral-B Battery Powered Pulsar 3D White Luxe Toothbrush,Oral-B Battery Powered Pulsar 3…,£7,,
Oral-B Complete 5 Way Clean Medium Toothbrush ,Oral-B Complete 5 Way Clean Medium Toothbrush ,£2.85,,
Oral-B Complete Ultimate Fresh Toothpaste,Oral-B Complete Ultimate Fresh Toothpaste75ml,£1.25,£1.67 per 100ml,
Oral-B Cross Action Black Electronic Toothbrush Heads,Oral-B Cross Action Black Ele…2 per pack,£12,£6.00 each,
Oral-B Cross Action Electric Toothbrush Heads,Oral-B Cross Action Electric Toothbrush Heads8 per pack,£15,£1.88 each,"Offer price £15, was £30"
Oral-B CrossAction Electric Toothbrush Heads With Clean Maximiser,Oral-B CrossAction Electric Toothbrus…2 per pack,£8,£4.00 each,"Offer price £8, was £11"
Oral-B Cross Action Replacement Electric Toothbrush Heads,Oral-B Cross Action Replacement E…4 per pack,£18,£4.50 each,
Oral-B Densify Daily Protection Toothpaste 75ml,Oral-B Densify Daily Prot…75ml,£8,£10.67 per 100ml,
Oral-B Densify Gentle Whitening Toothpaste 75ml,Oral-B Densify Gentle Whi…75ml,£8,£10.67 per 100ml,
Oral-B Electric Toothbrush Featuring Frozen Characters Powered by Braun,Oral-B Electric Toothbrush Fe…,£20,,"Offer price £20, was £33"
Oral-B Expert Sensitive & Gentle White Toothpaste,Oral-B Expert Sensitive & Gentle White Toothpaste75ml,£2.25,£3.00 per 100ml,
Oral-B Gum and Enamel Repair Gentle Whitening Toothpaste,Oral-B Gum and Enamel Repair Ge…75ml,£2.50,£3.34 per 100ml,"Offer price £2.50, was £5"
Oral-B Gum and Enamel Repair Original Toothpaste,Oral-B Gum and Enamel Repai…75ml,£2.50,£3.34 per 100ml,"Offer price £2.50, was £5"
Oral-B Indicator Medium Toothbrushes,Oral-B Indicator Medium Toothbrushes3 per pack,£5,£1.67 each,
Oral-B Indicator Plus Toothbrush 35 Medium,Oral-B Indicator Plus Toothbrush 35 Medium,£2,,
Oral-B Junior Rechargeable Purple Electric Toothbrush 6+ Years ,Oral-B Junior Rechargeabl…,£50,,
Oral-B Power Vitality 3D White Quadrant Timer Toothbrush,Oral-B Power Vitality 3D White…,£20,,
Oral-B Precision Clean Black Db5 Battery Toothbrush,Oral-B Precision Clean Black…,£8,,"Offer price £8, was £16"
Oral-B Precision Cleaner Teeth Refills,Oral-B Precision Cleaner Teeth Refills8 per pack,£25,£3.13 each,
Oral-B Precision Clean Replacement Electric Toothbrush Heads,Oral-B Precision Clean Replacement…4 per pack,£12,£3.00 each,"Offer price £12, was £18"
Oral-B Precision Clean Replacement Electric Toothbrush Heads,Oral-B Precision Clean Replacement…2 per pack,£12,£6.00 each,
Oral-B Pro-Expert Advanced Science Deep Clean Toothpaste,Oral-B Pro-Expert Advanced Scie…75ml,£6,£8.00 per 100ml,
Oral-B Pro-Expert Advanced Science Extra Whitening Toothpaste,Oral-B Pro-Expert Advanced Science…75ml,£6,£8.00 per 100ml,
Oral-B Pro-Expert Anti Plaque Toothbrush,Oral-B Pro-Expert Anti Plaque Toothbrush,£3.70,,
Oral-B Pro-Expert Criss Cross Bristles Toothbrushes,Oral-B Pro-Expert Criss Cross…3 per pack,£3,£1.00 each,"Offer price £3, was £6"
Oral-B Pro-Expert Deep Clean Toothpaste,Oral-B Pro-Expert Deep Clean Toothpaste75ml,£2.25,£3.00 per 100ml,
Oral-B Pro-Expert Fresh Breath Whitening Toothpaste,Oral-B Pro-Expert Fresh Breat…75ml,£2.25,£3.00 per 100ml,
Oral-B Pro-Expert Professional Protection Mouthwash,Oral-B Pro-Expert Professiona…500ml,£4.50,90p per 100ml,
Oral-B Pro-Expert White Toothpaste,Oral-B Pro-Expert White Toothpaste75ml,£2.25,£3.00 per 100ml,
Oral-B Pro 1 680 3dw Pink Rechargeable Toothbrush + Travel Case,Oral-B Pro 1 680 3dw Pink Rechargeabl…,£60,,
Oral-B Pro 1 680 Black Electric Rechargeable Toothbrush & Travel Case,Oral-B Pro 1 680 Black Electric Rechargea…,£60,,
Oral-B Pro 3 - 3000 - Electric Toothbrush,Oral-B Pro 3 - 3000 - Electric Toothbrush,£90,,
Oral-B Pro 3 - 3000 - Electric Toothbrush,Oral-B Pro 3 - 3000 - Electric Toothbrush,£100,,
Oral-B Pro 3 3500 Black Electric Toothbrush + Travel Case,Oral-B Pro 3 3500 Black Electric…,£45,,"Offer price £45, was £100"
Oral-B Pro 600 3D White Electric Toothbrush Powered By Braun,Oral-B Pro 600 3D White Electric To…,£30,,"Offer price £30, was £60"
Oral-B Pro 600 Cross Action Electric Toothbrush Powered by Braun,Oral-B Pro 600 Cross Action Electric…,£30,,"Offer price £30, was £60"
Oral-B Pro dw Pink Rechargeable Toothbrush + Travel Case,Oral-B Pro dw Pink Rechargeable…3 x 3500 per pack,£50,0.5p each,"Offer price £50, was £100"
Oral-B Pro Expert Gum & Enamel Repair Extra Fresh Toothpaste,Oral-B Pro Expert Gum & Enamel Repa…75ml,£2.50,£3.34 per 100ml,"Offer price £2.50, was £5"
Oral-B Pro Expert Healthy White Toothpaste,Oral-B Pro Expert Healthy White Toothpaste125ml,£3.50,£2.80 per 100ml,"Offer price £3.50, was £7"
Oral-B Pro Expert Professional Protection Toothpaste,Oral-B Pro Expert Professiona…125ml,£3.50,£2.80 per 100ml,"Offer price £3.50, was £7"
Oral-B Pulsar Pro-Expert Vibrating Medium Toothbrush,Oral-B Pulsar Pro-Expert Vibr…,£4,,"Offer price £4, was £7"
Oral-B Sensitive Clean Electric Toothbrush Heads,Oral-B Sensitive Clean Electric Toothbrush Heads2 per pack,£8,£4.00 each,"Offer price £8, was £12"
Oral-B Sensitivity & Gum Calm Gentle Whitening Toothpaste,Oral-B Sensitivity & Gum Calm Gen…75ml,£5,£6.67 per 100ml,
Oral-B Sensitivity & Gum Calm Original Toothpaste,Oral-B Sensitivity & Gum Calm Original Toothpaste75ml,£5,£6.67 per 100ml,
Oral-B Vitality Plus 3D White Pink Electric Toothbrush Powered by Braun,Oral-B Vitality Plus 3D White…,£25,,"Offer price £25, was £50"
Oral-B Vitality Plus Blue Cross Action Electric Toothbrush,Oral-B Vitality Plus Blue Cross A…,£25,,"Offer price £25, was £50"
Oral-B Vitality Pro Black + Lilac Duo Rechargeable Toothbrushes,Oral-B Vitality Pro Black + Lilac Duo…,£80,,
Oral-B Vitality Pro Black Electric Rechargeable Toothbrush,Oral-B Vitality Pro Black Electri…,£50,,
Oral-B Vitality Pro Lilac Mist Electric Rechargeable Toothbrush,Oral-B Vitality Pro Lilac Mist Electr…,£50,,
Oral B EB25-4 Floss Refills 4 ,Oral B EB25-4 Floss Refills 4 4 per pack,£12,£3.00 each,"Offer price £12, was £18"
Oral B Power Sensitive Ultra Thin Replacement Brush Heads ,Oral B Power Sensitive Ultra Thin…4 per pack,£18,£4.50 each,
Oral B Pulsar Pro-Expert Toothbrush 35 Medium ,Oral B Pulsar Pro-Expert Toothbrush 35 Medium 2 per pack,£13,£6.50 each,
Oraldene Antibacterial Mouthwash ,Oraldene Antibacterial Mouthwash 200ml,£5,£2.50 per 100ml,
Organic Children Berry Smoothie Conditioner ,Organic Children Berry Smoothie Conditioner 200ml,£12.05,£6.03 per 100ml,
Organic Children Lavender Conditioner ,Organic Children Lavender Conditioner 200ml,£11,£5.50 per 100ml,
Organic Children Mandarin & Aloe Vera Fluoride Free Toothpaste,Organic Children Mandarin & Aloe Ve…50ml,£5,£10.00 per 100ml,
Organic Children Mandarin & Aloe Vera Fluoride Toothpaste,Organic Children Mandarin & Aloe…50ml,£5,£10.00 per 100ml,
Organic Children Spearmint & Aloe Vera Fluoride Free Toothpaste,Organic Children Spearmint & Aloe Ver…50ml,£5,£10.00 per 100ml,
Organic Children SPF 30 Sun Cream Scent Free,Organic Children SPF 30 Sun Cream Scent Free150ml,£23,£15.33 per 100ml,
Organic Children SPF 30 Sun Cream Scent Free Travel Size ,Organic Children SPF 30 Sun Cream…50ml,£12.50,£25.00 per 100ml,
Original Source Blue (Watermint And Guarana) Foaming Shower Gel,Original Source Blue (Watermint And G…250ml,£1.62,64.8p per 100ml,
Original Source Coconut & Shea Butter Shower Gel,Original Source Coconut & Shea Butter Shower Gel500ml,£1.90,38p per 100ml,"Offer price £1.90, was £2"
Original Source Coconut Shower Gel,Original Source Coconut Shower Gel250ml,£1,40p per 100ml,"Offer price £1, was £1.49"
Original Source Lemon & Tea Tree Shower Gel,Original Source Lemon & Tea Tree Shower Gel500ml,£1.90,38p per 100ml,"Offer price £1.90, was £2"
Original Source Lemon Shower Gel,Original Source Lemon Shower Gel250ml,£1,40p per 100ml,"Offer price £1, was £1.49"
Original Source Lime Shower Gel,Original Source Lime Shower Gel250ml,£1,40p per 100ml,"Offer price £1, was £1.49"
Original Source Mango Shower Gel,Original Source Mango Shower Gel500ml,£1.90,38p per 100ml,"Offer price £1.90, was £2"
Original Source Mint & Tea Tree S/G,Original Source Mint & Tea Tree S/G50ml,£1.50,£3.00 per 100ml,
Original Source Mint & Tea Tree Shower Gel,Original Source Mint & Tea Tree Shower Gel500ml,£1.90,38p per 100ml,"Offer price £1.90, was £2"
Original Source Plant Based Bar Soap Lavender & Rosemary,Original Source Plant Based Bar…100g,£2,£2.00 per 100g,"Offer price £2, was £3"
Original Source Plant Based Bar Soap Lemongrass & Sweet Orange ,Original Source Plant Bas…100g,£2,£2.00 per 100g,"Offer price £2, was £3"
Original Source Plant Based Bodywash Lavender & Rosemary,Original Source Plant Based Bod…335ml,£2,59.7p per 100ml,"Offer price £2, was £3"
Original Source Plant Based Bodywash Lemongrass & Sweet Orange,Original Source Plant Bas…335ml,£2,59.7p per 100ml,"Offer price £2, was £3"
Original Source Plant Based Handwash Lavender & Rosemary ,Original Source Plant Based Handw…335ml,£2,59.7p per 100ml,"Offer price £2, was £3"
Original Source Plant Based Handwash Lemongrass & Sweet Orange,Original Source Plant Bas…335ml,£2,59.7p per 100ml,"Offer price £2, was £3"
Original Source Sea Salt And Samphire Shower,Original Source Sea Salt And Samphire Shower250ml,£1,40p per 100ml,"Offer price £1, was £1.49"
Original Source Shower Gel Lavender,Original Source Shower Gel Lavender250ml,£1,40p per 100ml,"Offer price £1, was £1.49"
Original Source Tea Tree & Mint Shower Gel,Original Source Tea Tree & Mint Shower Gel250ml,£1,40p per 100ml,"Offer price £1, was £1.49"
Original Source Vanilla & Raspberry Shower Gel,Original Source Vanilla & Raspberry Shower Gel250ml,£1,40p per 100ml,"Offer price £1, was £1.49"
Original Sprout Children's Deep Conditioner ,Original Sprout Children's Deep Conditioner 354ml,£14.99,£4.23 per 100ml,
Original Sprout Children's Detangler Spray,Original Sprout Children's Detangler Spray118ml,£12.99,£11.01 per 100ml,
Original Sprout Children's Natural Curl Calmer ,Original Sprout Children's Natural Curl Calmer 118ml,£10.99,£9.31 per 100ml,
Palmer's Cocoa Butter Biotin Length Retention Conditioner,Palmer's Cocoa Butter Biotin Leng…400ml,£4.50,£1.13 per 100ml,
Palmer's Cocoa Butter Formula Biotin Length Retention Shampoo,Palmer's Cocoa Butter Formula Bioti…400ml,£5,£1.25 per 100ml,
Palmer's Cocoa Butter Formula Lip Balm With Spf 15 Original ,Palmer's Cocoa Butter Formula Lip B…4g,£1.50,£37.50 per 100g,"Offer price £1.50, was £2.50"
Palmer's Cocoa Butter Formula with Vitamin E Concentrated Cream,Palmer's Cocoa Butter Formula with Vi…60g,£1.50,£2.50 per 100g,"Offer price £1.50, was £2.25"
Palmer's Cocoa Butter Fragrance Free   Lotion ,Palmer's Cocoa Butter Fragrance Free   Lotion 250ml,£3,£1.20 per 100ml,"Offer price £3, was £4.30"
Palmer's Cocoa Butter Lotion,Palmer's Cocoa Butter Lotion250ml,£3,£1.20 per 100ml,"Offer price £3, was £4.30"
Palmer's Cocoa    Butter Lotion    Pump ,Palmer's Cocoa    Butter Lotion    Pump 400ml,£4,£1.00 per 100ml,"Offer price £4, was £6"
Palmer's Coconut Oil Fomula Moisturising Body Lotion ,Palmer's Coconut Oil Fomula M…400ml,£4,£1.00 per 100ml,"Offer price £4, was £6"
Palmer's Coconut Oil Formula Body Lotion ,Palmer's Coconut Oil Formula Body Lotion 250ml,£3,£1.20 per 100ml,"Offer price £3, was £4"
Palmer's Coconut Oil Formula Hand Cream With Vitamin E ,Palmer's Coconut Oil Formula Ha…60g,£1.50,£2.50 per 100g,"Offer price £1.50, was £2.50"
Palmer's Coconut Oil Formula Leave In Conditioner,Palmer's Coconut Oil Formul…250ml,£6.29,£2.52 per 100ml,
Palmers Coconut Oil Formula Moisture Gro Hairdress,Palmers Coconut Oil Formula…150g,£4.50,£3.00 per 100g,
Palmer's Coconut Oil Lip Balm SPF 15 ,Palmer's Coconut Oil Lip Balm SPF 15 4g,£1.50,£37.50 per 100g,"Offer price £1.50, was £2"
Palmer's Original Formula Cocoa Butter,Palmer's Original Formula Cocoa Butter200g,£5.50,£2.75 per 100g,"Offer price £5.50, was £7.50"
Palmolive Aquarium Handwash,Palmolive Aquarium Handwash300ml,£1.15,38.3p per 100ml,
Palmolive Hygiene Plus Sensitive Handwash with Aloe Vera ,Palmolive Hygiene Plus Sensitive…300ml,£1.15,38.3p per 100ml,
Palmolive Lather Shave     ,Palmolive Lather Shave     100ml,£1.80,£1.80 per 100ml,
Palmolive Memories Of Nature Sunset Relax Shower Gel ,Palmolive Memories Of Nature…250ml,£1,40p per 100ml,Palmolive - 3 for £2.80
Palmolive Naturals Milk & Honey Handwash ,Palmolive Naturals Milk & Honey Handwash 300ml,£1.15,38.3p per 100ml,
Palmolive Naturals Milk & Honey Pump Shower Gel ,Palmolive Naturals Milk & Honey Pump Shower Gel 750ml,£2.80,37.3p per 100ml,
Palmolive Naturals Milk and Honey Shower Gel ,Palmolive Naturals Milk and Honey Shower Gel 250ml,£1,40p per 100ml,
Palmolive Naturals Moisture Care with Olive Bar Soap,Palmolive Naturals Moisture C…3 x 90g,£1.40,51.9p per 100g,
Palmolive Pampering Touch Shower Milk,Palmolive Pampering Touch Shower Milk250ml,£1,40p per 100ml,
Palmolive Wellness Massage Shower Gel,Palmolive Wellness Massage Shower Gel250ml,£1,40p per 100ml,Palmolive - 3 for £2.80
Palmolive Wellness Revive Shower Gel,Palmolive Wellness Revive Shower Gel250ml,£1,40p per 100ml,Palmolive - 3 for £2.80
Pantene Biology Menopause Shampoo,Pantene Biology Menopause Shampoo250ml,£8,£3.20 per 100ml,
Pantene Classic Clean Shampoo ,Pantene Classic Clean Shampoo 400ml,£3,75p per 100ml,Buy 2 for £5
Pantene Classic Hair Conditioner,Pantene Classic Hair Conditioner275ml,£3,£1.09 per 100ml,Buy 2 for £5
Pantene Color Pro-V Miracles Hair Conditioner,Pantene Color Pro-V Miracles Hair Conditioner275ml,£3,£1.09 per 100ml,"Offer price £3, was £6"
Pantene Color Pro V Miracles Shampoo,Pantene Color Pro V Miracles Shampoo400ml,£3,75p per 100ml,"Offer price £3, was £6"
Pantene Colour Hair Conditioner,Pantene Colour Hair Conditioner275ml,£3,£1.09 per 100ml,Buy 2 for £5
Pantene Colour Protect Shampoo ,Pantene Colour Protect Shampoo 400ml,£3,75p per 100ml,Buy 2 for £5
 Pantene Conditioner Frizz No More Miracles, Pantene Conditioner Frizz No More Miracles275ml,£3,£1.09 per 100ml,"Offer price £3, was £6"
 Pantene Defriz And Illuminate Shampoo, Pantene Defriz And Illuminate Shampoo250ml,£8,£3.20 per 100ml,
Pantene Defrizz And Illuminate Conditioner,Pantene Defrizz And Illuminate Conditioner160ml,£8,£5.00 per 100ml,
Pantene Full And Vibrant Conditioner,Pantene Full And Vibrant Conditioner160ml,£8,£5.00 per 100ml,
Pantene Full And Vibrant Shampoo,Pantene Full And Vibrant Shampoo250ml,£8,£3.20 per 100ml,
Pantene Hair Biology Cleanse & Reconstruct Conditioner,Pantene Hair Biology Cleanse &…160ml,£8,£5.00 per 100ml,
Pantene Hair Biology Cleanse & Reconstruct Shampoo,Pantene Hair Biology Cleans…250ml,£8,£3.20 per 100ml,
Pantene Hair Mask Cleanse & Reconstruct,Pantene Hair Mask Cleanse & Reconstruct160ml,£10,£6.25 per 100ml,
Pantene Hair Mask De-frizz & Illuminate,Pantene Hair Mask De-frizz & Illuminate160ml,£10,£6.25 per 100ml,
Pantene Hair Mask Full & Vibrant,Pantene Hair Mask Full & Vibrant160ml,£10,£6.25 per 100ml,
Pantene Hair Mask Repair,Pantene Hair Mask Repair20ml,£6,£30.00 per 100ml,
Pantene Hair Mask Repair Styling,Pantene Hair Mask Repair Styling20ml,£6,£30.00 per 100ml,
Pantene Hair Mask Shine,Pantene Hair Mask Shine20ml,£6,£30.00 per 100ml,
Pantene Intense Frizz Tamer Hair Mask,Pantene Intense Frizz Tamer Hair Mask160ml,£3,£1.88 per 100ml,"Offer price £3, was £5.50"
Pantene Mask Silver & Glowing,Pantene Mask Silver & Glowing160ml,£3.50,£2.19 per 100ml,
Pantene Menopause Hair Conditioner Revitalise ,Pantene Menopause Hair Conditioner Revitalise 160ml,£8,£5.00 per 100ml,
Pantene Menopause Hair Mask Revitalise ,Pantene Menopause Hair Mask Revitalise 160ml,£10,£6.25 per 100ml,
Pantene Miracle Mask Silk,Pantene Miracle Mask Silk300ml,£10,£3.33 per 100ml,
Pantene Miracles Hair Conditioner Grow Strong ,Pantene Miracles Hair Conditioner Grow Strong 275ml,£3,£1.09 per 100ml,"Offer price £3, was £6"
Pantene Miracles Intense Hair Rescue Hair Mask ,Pantene Miracles Intense Hair Rescue Hair Mask 160ml,£3,£1.88 per 100ml,"Offer price £3, was £5.50"
 Pantene Miracles Purple Shampoo, Pantene Miracles Purple Shampoo225ml,£3,£1.34 per 100ml,"Offer price £3, was £6"
Pantene Miracles Shampoo,Pantene Miracles Shampoo400ml,£3,75p per 100ml,"Offer price £3, was £6"
Pantene Miracles Shampoo Grow Strong ,Pantene Miracles Shampoo Grow Strong 400ml,£3,75p per 100ml,"Offer price £3, was £6"
Pantene Miracles Silky & Glowing Conditioner ,Pantene Miracles Silky & Glowing Conditioner 275ml,£3,£1.09 per 100ml,"Offer price £3, was £6"
Pantene Miracles Silky & Glowing Shampoo ,Pantene Miracles Silky & Glowing Shampoo 400ml,£3,75p per 100ml,"Offer price £3, was £6"
Pantene Miracle Strong & Long Hair Mask,Pantene Miracle Strong & Long Hair Mask160ml,£3,£1.88 per 100ml,"Offer price £3, was £5.50"
 Pantene Pro-V Body & Strength Hair Mask, Pantene Pro-V Body & Strength Hair Mask160ml,£3,£1.88 per 100ml,"Offer price £3, was £5.50"
Pantene Pro-V Classic Clean 3in1 Shampoo + Conditioner + Treatment ,Pantene Pro-V Classic Clean 3in1 Shampo…300ml,£3,£1.00 per 100ml,Buy 2 for £5
Pantene Pro-V Lift & Volume Shampoo,Pantene Pro-V Lift & Volume Shampoo400ml,£3,75p per 100ml,"Offer price £3, was £6"
Pantene Pro-V Lift&Volume Silicone Free Hair Conditioner,Pantene Pro-V Lift&Volume Silic…275ml,£3,£1.09 per 100ml,"Offer price £3, was £6"
Pantene Pro - V Miracles Lift & Volume Sulfate Free Shampoo,Pantene Pro - V Miracles Lift & V…225ml,£3,£1.34 per 100ml,"Offer price £3, was £6"
Pantene Pro-V Repair & Protect Keratin Hair Mask,Pantene Pro-V Repair & Protect Keratin Hair Mask300ml,£4.99,£1.66 per 100ml,
Pantene Pro-V Smooth & Sleek 3in1 Shampoo + Conditioner +Treatment ,Pantene Pro-V Smooth & Sleek 3in1 Shamp…300ml,£3,£1.00 per 100ml,Buy 2 for £5
Pantene Repair & Protect Hair Conditioner,Pantene Repair & Protect Hair Conditioner275ml,£3,£1.09 per 100ml,Buy 2 for £5
Pantene Repair & Protect Hair Oil For Damaged Hair,Pantene Repair & Protect Hair Oil For Damaged Hair100ml,£7.99,£7.99 per 100ml,
Pantene Repair & Protect Miracle Serum,Pantene Repair & Protect Miracle Serum220ml,£5,£2.27 per 100ml,
Pantene Repair & Protect Shampoo,Pantene Repair & Protect Shampoo400ml,£3,75p per 100ml,Buy 2 for £5
Pantene Roots Awakener Hair Mask With Caffeine,Pantene Roots Awakener Hair Mask With Caffeine100ml,£10,£10.00 per 100ml,
 Pantene Shampoo Frizz No More Miracles, Pantene Shampoo Frizz No More Miracles400ml,£3,75p per 100ml,"Offer price £3, was £6"
Pantene Smooth & Silky Hair Conditioner,Pantene Smooth & Silky Hair Conditioner275ml,£3,£1.09 per 100ml,Buy 2 for £5
Pantenesmooth&Silkyshampo,Pantenesmooth&Silkyshampo400ml,£3,75p per 100ml,Buy 2 for £5
Pantene Smooth & Sleek Keratin Hair Mask For Frizzy and Dull Hair,Pantene Smooth & Sleek Keratin Hair M…300ml,£4.50,£1.50 per 100ml,
Pantene Smooth & Sleek Miracle Serum 220ml,Pantene Smooth & Sleek Miracle Serum 220ml220ml,£5,£2.27 per 100ml,
Pantene Smooth and Sleek Hair Oil For Frizzy And Dull Hair,Pantene Smooth and Sleek Hair Oil…100ml,£7.99,£7.99 per 100ml,
Pantene Volume Fine Hair Conditioner,Pantene Volume Fine Hair Conditioner275ml,£3,£1.09 per 100ml,Buy 2 for £5
Pantene Volume Shampoo,Pantene Volume Shampoo400ml,£3,75p per 100ml,Buy 2 for £5
Peach Pure Tea Tree Oil ,Peach Pure Tea Tree Oil 10ml,£2.50,£25.00 per 100ml,
Pears Gentle Care Transparent Soap,Pears Gentle Care Transparent Soap75g,59p,78.7p per 100g,
Pears Hand Wash,Pears Hand Wash237ml,£2.25,94.9p per 100ml,
Pears Shower Gel,Pears Shower Gel250ml,£2,80p per 100ml,
Pepe Jeans Him Spray,Pepe Jeans Him Spray30ml,£14.95,£49.83 per 100ml,
Pepe Jeans London Gift Set ,Pepe Jeans London Gift Set 30ml,£29,£96.67 per 100ml,
Peppa Pig Bath & Shower Gel ,Peppa Pig Bath & Shower Gel 400ml,£2,50p per 100ml,
Perspirex For Men Regular Roll-On,Perspirex For Men Regular Roll-On20ml,£8.50,£42.50 per 100ml,
Philips One Blade + 2 Blades,Philips One Blade + 2 Blades,£22,,
Philips One Blade Razor,Philips One Blade Razor,£30,,
Piz Buin Allergy Sun Sensitive Skin Face Cream SPF 50+ Very High,Piz Buin Allergy Sun Sensitive Skin F…50ml,£12,£24.00 per 100ml,
Piz Buin Allergy Sun Sensitive Skin Lotion SPF 15 Medium,Piz Buin Allergy Sun Sensitive…200ml,£9,£4.50 per 100ml,
Piz Buin Allergy Sun Sensitive Skin Lotion SPF 30 High,Piz Buin Allergy Sun Sensitive…200ml,£9,£4.50 per 100ml,
Piz Buin Lotion Spf15,Piz Buin Lotion Spf15200ml,£7,£3.50 per 100ml,
Piz Buin Moisturising Sun Lotion SPF30,Piz Buin Moisturising Sun Lotion SPF30200ml,£7,£3.50 per 100ml,
Piz Buin Tan & Protect Accelerating Oil Spray 30 Spf,Piz Buin Tan & Protect Accele…150ml,£12,£8.00 per 100ml,
Piz Buin Tan     Intensifier      ,Piz Buin Tan     Intensifier      200ml,£7,£3.50 per 100ml,
Plantur 39 Conditioner,Plantur 39 Conditioner150ml,£7.50,£5.00 per 100ml,
Plantur 39 Shampoo,Plantur 39 Shampoo250ml,£10,£4.00 per 100ml,
Pmp Gillette Mach3 Value Pack Razor + 11 Blades,Pmp Gillette Mach3 Value Pack Razor + 11 Blades,£24,,
Police Men Original EDT Spray,Police Men Original EDT Spray100ml,£10,£10.00 per 100ml,
Police Original Eau De Toilette + Shower & Shampoo Gift Set ,Police Original Eau De Toilette + S…100ml,£30,£30.00 per 100ml,
Poligrip Denture Adhesive Ultra Fixative Cream,Poligrip Denture Adhesive Ultra Fixative Cream40g,£3.50,£8.75 per 100g,
Poligrip Denture Fixative Cream Flavour Free ,Poligrip Denture Fixative Cream Flavour Free 40g,£2.75,£6.88 per 100g,
Poly Color Dark Brown 43,Poly Color Dark Brown 43,£2.25,,
Poly Color Medium Brown 41,Poly Color Medium Brown 41,£2.25,,
Poly Color Natural Brown 39,Poly Color Natural Brown 39,£2.25,,
Professional Tools Carbon Technology Pad Brush,Professional Tools Carbon Technology Pad Brush,£8,,
Professional Tools Carbon Technology Premium Metal Tail Comb,Professional Tools Carbon Technolog…,£3,,
Professional Tools Carbon Technology Styling Brush,Professional Tools Carbon Technology Styling Brush,£8,,
Profusion Cosmetics Blending Sponges 3 Pack,Profusion Cosmetics Blending Sponges 3 Pack,£5,,
Profusion Cosmetics Lip Gloss Set,Profusion Cosmetics Lip Gloss Set,£6,,
Provoke Advanced Hair Colour Remover,Provoke Advanced Hair Colour Remover60ml,£10,£16.67 per 100ml,
Provoke Purple Toning Mask ,Provoke Purple Toning Mask 300ml,£4,£1.33 per 100ml,
Provoke Touch Of Silver Brightening Shampoo 200ml,Provoke Touch Of Silver Bri…200ml,£4.50,£2.25 per 100ml,
Provoke Touch Of Silver Colour Care Conditioner,Provoke Touch Of Silver Colour Care Conditioner400ml,£4.50,£1.13 per 100ml,
Provoke Touch Of Silver Colour Care Shampoo ,Provoke Touch Of Silver Colour Care Shampoo 400ml,£4.50,£1.13 per 100ml,
Provoke Touch Of Silver Leave in Conditioner Spray,Provoke Touch Of Silver Lea…150ml,£5,£3.33 per 100ml,
Purifide Daily Moisturiser SPF 30,Purifide Daily Moisturiser SPF 3050ml,£11.24,£22.48 per 100ml,"Offer price £11.24, was £15"
Purifide Oil Control Moisturiser,Purifide Oil Control Moisturiser50ml,£11.24,£22.48 per 100ml,"Offer price £11.24, was £15"
Purifide Ph Control Face Wash ,Purifide Ph Control Face Wash 150ml,£6.66,£4.44 per 100ml,"Offer price £6.66, was £10"
Quickies Nail Varnish Remover Pads ,Quickies Nail Varnish Remover Pads 20 per pack,£2,10p each,
Qvs Gentle Buffer Smooth & Polish,Qvs Gentle Buffer Smooth & Polish,£1.25,,"Offer price £1.25, was £1.50"
Qvs Nail File Medium Fine,Qvs Nail File Medium Fine,£1.25,,"Offer price £1.25, was £1.50"
Qvs Nail File Medium Fine ,Qvs Nail File Medium Fine 3 per pack,£2,66.6p each,"Offer price £2, was £2.50"
Qvs Pro Shaper Nail File Medium/Fine,Qvs Pro Shaper Nail File Medium/Fine,£1.25,,"Offer price £1.25, was £1.50"
Qvs Pro Shapers Nail File 2 Pack,Qvs Pro Shapers Nail File 2 Pack,£2.25,,
Radox Bath Muscle Soak ,Radox Bath Muscle Soak 500ml,£1.50,30p per 100ml,
Radox Bath Muscle Therapy ,Radox Bath Muscle Therapy 500ml,£1.50,30p per 100ml,
Radox Bath Sleep ,Radox Bath Sleep 500ml,£1.50,30p per 100ml,
Radox Feel Awake for Men 2in1 Shower Gel,Radox Feel Awake for Men 2in1 Shower Gel500ml,£2,40p per 100ml,
Radox  Feel Awake for Men Shower Gel,Radox  Feel Awake for Men Shower Gel250ml,£1,40p per 100ml,
Radox Feel Good Fragrance Nourish Shower Cream,Radox Feel Good Fragrance…250ml,£1,40p per 100ml,
Radox Feel Heavenly Bath Soak,Radox Feel Heavenly Bath Soak500ml,£1.50,30p per 100ml,
Radox Feel Ready Shower Gel,Radox Feel Ready Shower Gel250ml,£1,40p per 100ml,
Radox Feel Refreshed Shower Gel,Radox Feel Refreshed Shower Gel250ml,£1,40p per 100ml,
Radox Feel Relaxed Bath Soak,Radox Feel Relaxed Bath Soak500ml,£1.50,30p per 100ml,
Radox Feel Uplifted Shower Gel ,Radox Feel Uplifted Shower Gel 500ml,£2,40p per 100ml,
Radox Good Vibes Only Shower Gel ,Radox Good Vibes Only Shower Gel 500ml,£2,40p per 100ml,
Radox Moisturise Shower Cream,Radox Moisturise Shower Cream250ml,£1,40p per 100ml,
Radox  Moisturise Shower Gel,Radox  Moisturise Shower Gel500ml,£2,40p per 100ml,
Radox Replenishing + Antibacterial Handwash ,Radox Replenishing + Antibacterial Handwash 250ml,£1,40p per 100ml,
Radox Revive Shower Gel,Radox Revive Shower Gel250ml,£1,40p per 100ml,
Radox Shower Gel Uplifting ,Radox Shower Gel Uplifting 250ml,£1,40p per 100ml,
Ramer Large Soft Body Sponge,Ramer Large Soft Body Sponge,£3,,
Ramer Soft Body Sponge Small,Ramer Soft Body Sponge Small,£2,,
Real Techniques Antimicrobial Miracle Complexion Sponge,Real Techniques Antimicrobial M…,£7,,
Real Techniques Easy As 1-2-3 Shadow Brush,Real Techniques Easy As 1-2-3 Shadow Brush,£8,,
Real Techniques Easy As 123 Blusher Brush,Real Techniques Easy As 123 Blusher Brush,£8,,
Real Techniques Easy As 123 Highlighter Brush,Real Techniques Easy As 123 Highlighter Brush,£8,,
Replens MD Long Lasting Vaginal Moisturiser,Replens MD Long Lasting Vaginal Moisturiser35g,£11.50,£3.29 per 10g,
Revolution Do Not Disturb Skin Treats Collection Gift Set ,Revolution Do Not Disturb Skin Tr…,£15,,
Revolution Floral Mini Scented Candle Trio Gift Set,Revolution Floral Mini Scente…,£20,,
Revolution Hydration Station Skin Revival Gift Set,Revolution Hydration Statio…,£30,,
Revolution X Friends Makeup Kit Gift Set ,Revolution X Friends Makeup Kit Gift Set ,£30,,
Right Guard Total Defence 5 Active Power Anti-Perspirant ,Right Guard Total Defence 5 Activ…250ml,£1.70,68p per 100ml,
Right Guard Total Defence 5 Clean Deodorant Spray,Right Guard Total Defence 5 Clean Deodorant Spray250ml,£1.70,68p per 100ml,
Right Guard Total Defence 5 Cool Deodorant Spray,Right Guard Total Defence 5 Cool Deodorant Spray250ml,£1.70,68p per 100ml,
Right Guard Total Defence 5 Fresh Deodorant Spray,Right Guard Total Defence 5 Fresh Deodorant Spray250ml,£1.70,68p per 100ml,
Right Guard Total Defence 5 Original Deodorant Spray,Right Guard Total Defence 5 O…250ml,£1.70,68p per 100ml,
Right Guard Total Defence 5 Sport Anti-Perspirant,Right Guard Total Defence 5 Sport Anti-Perspirant250ml,£1.70,68p per 100ml,
Right Guard Total Defence 5 Sport Deodorant Spray,Right Guard Total Defence 5 Sport Deodorant Spray250ml,£1.70,68p per 100ml,
Right Guard Total Defense 5 Fresh Anti Antiperspirant Roll On,Right Guard Total Defense 5 Fresh A…50ml,£1.15,£2.30 per 100ml,
Right Guard Women Total Defence 5 Invisible Anti-Perspirant,Right Guard Women Total Defence 5…250ml,£1.70,68p per 100ml,
Right Guard Xtreme Cool Deodorant ,Right Guard Xtreme Cool Deodorant 150ml,£1.25,83.3p per 100ml,
Right Guard Xtreme Cool Spray Anti-Perspirant,Right Guard Xtreme Cool Spray Anti-Perspirant150ml,£1.25,83.3p per 100ml,
Right Guard Xtreme Fresh Anti-Perspirant Spray,Right Guard Xtreme Fresh Anti-Perspirant Spray150ml,£1.25,83.3p per 100ml,
Right Guard Xtreme Invisible Anti-Perspirant Deodorant ,Right Guard Xtreme Invisible An…150ml,£1.25,83.3p per 100ml,
Rimmel Lasting Radiance Concealer Fawn ,Rimmel Lasting Radiance Concealer Fawn 7ml,£8,£11.43 per 10ml,
Rimmel Lasting Radiance Concealer Soft Beige ,Rimmel Lasting Radiance Concealer Soft Beige 7ml,£8,£11.43 per 10ml,
Rimmel Lasting Radiance Foundation Mocha ,Rimmel Lasting Radiance Foundation Mocha 30ml,£10,£3.33 per 10ml,
Rimmel London 100% Waterproof Mascara Black,Rimmel London 100% Wate…8ml,£5,£6.25 per 10ml,"Offer price £5, was £7"
Rimmel London 100% Waterproof Mascara Brown Black,Rimmel London 100% Waterpro…8ml,£5,£6.25 per 10ml,"Offer price £5, was £7"
Rimmel London 60 Seconds Super Shine Nail Polish Caramel Cupcake ,Rimmel London 60 Seconds Super Shine…8ml,£4,£5.00 per 10ml,
Rimmel London 60 Seconds Super Shine Nail Polish Double Decker Red,Rimmel London 60 Seconds Super Shine Na…8ml,£4,£5.00 per 10ml,
Rimmel London 60 Seconds Supershine Nail Polish Etheral ,Rimmel London 60 Seconds Supers…8ml,£4,£5.00 per 10ml,
Rimmel London 60 Seconds Super Shine Nail Polish Sweet Retreat,Rimmel London 60 Seconds Super Shin…8ml,£4,£5.00 per 10ml,
Rimmel London Exaggerate Liquid Liner 100% Black,Rimmel London Exaggerate Li…2.5ml,£6,£24.00 per 10ml,
Rimmel London Extra Super Lash Mascara Black Black,Rimmel London Extra Super L…8ml,£5,£6.25 per 10ml,
Rimmel London Extra Super Lash Mascara Brown Black,Rimmel London Extra Super L…8ml,£5,£6.25 per 10ml,
Rimmel London Glam'Eyes Professional Liquid Liner Black Glamour,Rimmel London Glam'Eyes Professional…3.5ml,£6,£17.14 per 10ml,
Rimmel London Hide The Blemish Concealer 001 Ivory,Rimmel London Hide The Blem…,£5,,
Rimmel London Hide The Blemish Concealer 002 Sand,Rimmel London Hide The Blem…,£5,,
Rimmel London Hide The Blemish Concealer 004 Natural Beige,Rimmel London Hide The Blemish Co…,£5,,
Rimmel London Lasting Finish 25HR Foundation 100 Ivory,Rimmel London Lasting Finish 25…30ml,£10,£3.33 per 10ml,
Rimmel London Lasting Finish 25HR Foundation 103 True Ivory,Rimmel London Lasting Finish 25HR…30ml,£9,£3.00 per 10ml,
Rimmel London Lasting Finish 25HR Foundation 200 Soft Beige,Rimmel London Lasting Finish 25HR…30ml,£10,£3.33 per 10ml,
Rimmel London Lasting Finish 25HR Foundation 201 Classic Beige,Rimmel London Lasting Finish 25HR F…30ml,£10,£3.33 per 10ml,
Rimmel London Lasting Finish 25HR Foundation 303 True Nude,Rimmel London Lasting Finish 25HR…30ml,£10,£3.33 per 10ml,
Rimmel London Lasting Finish 25R Foundation 400 Natural Beige,Rimmel London Lasting Finish 25R Fo…30ml,£10,£3.33 per 10ml,
Rimmel London Lasting Finish Lipstick Drop Of Sherry,Rimmel London Lasting Finish…4g,£4.50,£11.25 per 10g,"Offer price £4.50, was £6"
Rimmel London Lasting Finish Lipstick Heather Shimmer,Rimmel London Lasting Finish…4g,£4.50,£11.25 per 10g,"Offer price £4.50, was £6"
Rimmel London Lasting Finish Lipstick Nude Pink,Rimmel London Lasting Finish Lipstick Nude Pink4g,£4.50,£11.25 per 10g,"Offer price £4.50, was £6"
Rimmel London Lasting Finish Primer,Rimmel London Lasting Finish Primer30ml,£8,£2.67 per 10ml,
Rimmel London Match Perfection Skin Tone Adaptive Concealer 010 Porcelain,Rimmel London Match Perfection…,£7,,
Rimmel London Match Perfection Skin Tone Adaptive Concealer 050 True Beige,Rimmel London Match Perfection…,£7,,
Rimmel London Match Perfection Skin Tone Adaptive Concealer 060 Mocha,Rimmel London Match Perfectio…,£7,,
Rimmel London Nail Nurse Stronger Nail Polish Base Coat,Rimmel London Nail Nurse Strong…12ml,£4.50,£3.75 per 10ml,
Rimmel London Oh My Gloss! Lip Gloss Purr Glossy Cat,Rimmel London Oh My Gloss! Li…6.5ml,£5,£7.69 per 10ml,"Offer price £5, was £7"
Rimmel London Oh My Gloss! Lip Gloss Stay My Rose,Rimmel London Oh My Gloss!…6.5ml,£5,£7.69 per 10ml,"Offer price £5, was £7"
Rimmel London Professional Eyebrow Pencil Dark Brown,Rimmel London Professional Ey…,£4.50,,
Rimmel London Scandaleyes Reloaded Mascara Black ,Rimmel London Scandaleyes R…12ml,£9,£7.50 per 10ml,
Rimmel London Soft Kohl Eyeliner Pencil Jet Black,Rimmel London Soft Kohl Eyeliner Pencil Jet Black,£3,,
Rimmel London Soft Kohl Eyeliner Pencil Sable Brown,Rimmel London Soft Kohl Eyeli…,£3,,
Rimmel London Stay Matte Pressed Powder Peach Glow,Rimmel London Stay Matte Pr…,£4.50,,
Rimmel London Stay Matte Pressed Powder Sandstorm,Rimmel London Stay Matte Pr…,£4.50,,
Rimmel London Stay Matte Pressed Powder Silky Beige,Rimmel London Stay Matte Pres…,£4.50,,
Rimmel London Stay Matte Pressed Powder Transparent,Rimmel London Stay Matte Pres…,£4.50,,
Rimmel London Super Gel French Manicure Nail Polish English Rose,Rimmel London Super Gel French Manicu…12ml,£6,£5.00 per 10ml,"Offer price £6, was £7"
Rimmel London Super Gel Nail Polish Grape Sorbet,Rimmel London Super Gel Nail Polish Grape Sorbet12ml,£6,£5.00 per 10ml,"Offer price £6, was £7"
Rimmel London Super Gel Nail Polish New Romantic,Rimmel London Super Gel Nail Polish New Romantic12ml,£6,£5.00 per 10ml,"Offer price £6, was £7"
Rimmel London Super Gel Nail Polish Top Coat,Rimmel London Super Gel Nail Polish Top Coat12ml,£6,£5.00 per 10ml,"Offer price £6, was £7"
Rimmel London Super Gel Nail Polish Urban Affair,Rimmel London Super Gel Nail Polish Urban Affair12ml,£6,£5.00 per 10ml,"Offer price £6, was £7"
Rimmel London WonderLuxe Volume Mascara Black,Rimmel London WonderLuxe…11ml,£9.50,£8.64 per 10ml,
Rimmel Match Perfection Foundation 504 Deep Mocha ,Rimmel Match Perfection Fou…30ml,£4.50,£15.00 per 100ml,
Rimmel Match Perfection Foundation Soft Beige,Rimmel Match Perfection Foundation Soft Beige30ml,£9,£3.00 per 10ml,
Root Perfect Instant Root Concealer Spray Black,Root Perfect Instant Root Concealer Spray Black75ml,£3,£4.00 per 100ml,
Root Perfect Instant Root Concealer Spray Blonde,Root Perfect Instant Root Concealer Spray Blonde75ml,£3,£4.00 per 100ml,
Root Perfect Instant Root Concealer Spray Dark Brown,Root Perfect Instant Root Con…75ml,£3,£4.00 per 100ml,
Root Perfect Instant Root Concealer Spray Light Brown,Root Perfect Instant Root Con…75ml,£3,£4.00 per 100ml,
Root Perfect Instant Root Concealer Spray Medium Brown,Root Perfect Instant Root Conce…75ml,£3,£4.00 per 100ml,
Sally Hansen Advanced Hard As Nails Strengthener Clear 13.3 Ml,Sally Hansen Advanced Har…,£6,,
Sally Hansen Double Duty Base & Top Coat 13.3 Ml,Sally Hansen Double Duty Base & Top Coat 13.3 Ml,£6,,
Sanex Biome Protect Anti-Irritation Deodorant Spray,Sanex Biome Protect Anti-Irritation Deodorant Spray200ml,£2,£1.00 per 100ml,"Offer price £2, was £3"
Sanex Biome Protect Anti-Irritation Roll On Deodorant,Sanex Biome Protect Anti-Irri…50ml,£1.95,£3.90 per 100ml,
Sanex Biome Protect Dermo Hypoallergenic Bath Foam ,Sanex Biome Protect Dermo Hyp…450ml,£3,66.7p per 100ml,
Sanex Biome Protect Dermo Hypoallergenic Shower Gel ,Sanex Biome Protect Dermo Hyp…450ml,£3,66.7p per 100ml,
Sanex Biome Protect Dermo Kids Head To Toe Wash,Sanex Biome Protect Dermo…450ml,£3,66.7p per 100ml,
Sanex Biome Protect Dermo Moisturising Bath Foam,Sanex Biome Protect Dermo M…450ml,£2.50,55.6p per 100ml,"Offer price £2.50, was £3"
Sanex Biome Protect Dermo Moisturising Shower Gel,Sanex Biome Protect Dermo M…450ml,£3,66.7p per 100ml,
Sanex Biome Protect Dermo Pro Hydrate Shower Cream ,Sanex Biome Protect Dermo Pro…450ml,£3,66.7p per 100ml,
Sanex Biome Protect Dermo Sensitive Bath Foam,Sanex Biome Protect Dermo…450ml,£2.50,55.6p per 100ml,"Offer price £2.50, was £3"
Sanex Biome Protect Dermo Sensitive Shower Cream,Sanex Biome Protect Dermo S…450ml,£3,66.7p per 100ml,
Sanex Biome Protect Moisturising Deodorant Spray,Sanex Biome Protect Moistur…200ml,£2,£1.00 per 100ml,"Offer price £2, was £3"
Sanex Biome Protect Moisturising Roll On Deodorant,Sanex Biome Protect Moistur…50ml,£1.95,£3.90 per 100ml,
Sanex Biome Protect Plus Atopicare Bath And Shower Oil ,Sanex Biome Protect Plus Atopic…414ml,£2.50,60.4p per 100ml,"Offer price £2.50, was £3"
Sanex Dermo Care Roll On Deodorant ,Sanex Dermo Care Roll On Deodorant 50ml,£1.25,£2.50 per 100ml,
Sanex Dermo Invisible 24H Deodorant ,Sanex Dermo Invisible 24H Deodorant 65ml,£1.50,£2.31 per 100ml,"Offer price £1.50, was £2.45"
Sanex Dermo Invisible Antiperspirant Deodorant Spray ,Sanex Dermo Invisible Antiper…250ml,£2.50,£1.00 per 100ml,
Sanex Dermo Invisible Dry Antiperspirant Roll On Deodorant ,Sanex Dermo Invisible Dry Antiper…50ml,£1.25,£2.50 per 100ml,
Sanex Dermo Sensitive Anti-Perspirant Deodorant ,Sanex Dermo Sensitive Anti-Perspirant Deodorant 250ml,£2.50,£1.00 per 100ml,
Sanex Dermo Sensitive Roll On Deodorant  ,Sanex Dermo Sensitive Roll On Deodorant  50ml,£1.25,£2.50 per 100ml,
Sanex Dermo Sensitive Skin Hypoallergenic Bar Soap,Sanex Dermo Sensitive Skin…2 x 90g,£1,5.6p per 10g,
Sanex for Men Dermo Active Control Anti-Perspirant 48H Roll On,Sanex for Men Dermo Active Control…50ml,£1.25,£2.50 per 100ml,
Sanex Natur Protect Invisible Fresh With Natural Bamboo,Sanex Natur Protect Invisible F…50ml,£1.50,£3.00 per 100ml,
Sanex Skin Protect Gentle Clean Shower Gel,Sanex Skin Protect Gentle Clean Shower Gel200ml,£1.25,62.5p per 100ml,
Sanex Skin Protect Nourishing Shower Gel,Sanex Skin Protect Nourishing Shower Gel200ml,£1.25,62.5p per 100ml,
Sanex Zero% Hydrating Shower Gel For All Skin Types,Sanex Zero% Hydrating Shower…225ml,£2.50,£1.11 per 100ml,
Sanex Zero % Kids Head To Toe Wash,Sanex Zero % Kids Head To Toe Wash450ml,£2.50,55.6p per 100ml,"Offer price £2.50, was £3"
Sanex Zero % Normal Skin Bath Foam,Sanex Zero % Normal Skin Bath Foam450ml,£2.50,55.6p per 100ml,"Offer price £2.50, was £3"
Sanex Zero% Nourishing Shower Gel For Dry Skin,Sanex Zero% Nourishing Shower Gel For Dry Skin225ml,£2.50,£1.11 per 100ml,
Sanex Zero % Sensitive Skin Shower Gel,Sanex Zero % Sensitive Skin Shower Gel450ml,£3,66.7p per 100ml,
Sarah Jessica Parker Lovely Eau De Parfum Spray,Sarah Jessica Parker Love…100ml,£19.95,£19.95 per 100ml,
Scholl Dry Skin Cream ,Scholl Dry Skin Cream 75ml,£6,£8.00 per 100ml,
Schwarzkopf got2b 2Sexy Volumising Hairspray,Schwarzkopf got2b 2Sexy Volumising Hairspray300ml,£4,£1.34 per 100ml,"Offer price £4, was £5"
Schwarzkopf got2b Beach Matt Paste,Schwarzkopf got2b Beach Matt Paste100ml,£4,£4.00 per 100ml,"Offer price £4, was £5"
Schwarzkopf got2b Beach Matt Salt Spray,Schwarzkopf got2b Beach Matt Salt Spray200ml,£4,£2.00 per 100ml,"Offer price £4, was £5"
 Schwarzkopf Got2B Extra Fresh Dry Shampoo, Schwarzkopf Got2B Extra Fresh Dry Shampoo200ml,£2,£1.00 per 100ml,"Offer price £2, was £3"
Schwarzkopf Got2B Extra Volume Dry Shampoo,Schwarzkopf Got2B Extra Volume Dry Shampoo200ml,£2,£1.00 per 100ml,"Offer price £2, was £3"
Schwarzkopf got2b Glued Blasting Freeze Spray,Schwarzkopf got2b Glued Blasting Freeze Spray300ml,£4,£1.34 per 100ml,"Offer price £4, was £5"
Schwarzkopf Got2B Glued Blasting Freeze Spray ,Schwarzkopf Got2B Glued Blasting Freeze Spray 100ml,£3,£3.00 per 100ml,
Schwarzkopf Got2b Glued Spiking Wax,Schwarzkopf Got2b Glued Spiking Wax75ml,£4,£5.33 per 100ml,"Offer price £4, was £4.50"
Schwarzkopf Got2b Heat Protecting Spray,Schwarzkopf Got2b Heat Protecting Spray200ml,£4,£2.00 per 100ml,"Offer price £4, was £4.50"
Schwarzkopf got2b iStyler Texture Clay,Schwarzkopf got2b iStyler Texture Clay75ml,£4,£5.33 per 100ml,"Offer price £4, was £4.50"
Schwarzkopf Got2b Oil-Licious Dry Mist,Schwarzkopf Got2b Oil-Licious Dry Mist200ml,£4,£2.00 per 100ml,"Offer price £4, was £4.50"
Schwarzkopf Got2B Oil-Licious Styling Oil,Schwarzkopf Got2B Oil-Licious Styling Oil50ml,£4,£8.00 per 100ml,"Offer price £4, was £5"
Schwarzkopf got2b Phenomenal Moulding Paste,Schwarzkopf got2b Pheno…100ml,£4,£4.00 per 100ml,"Offer price £4, was £5"
Schwarzkopf got2b Powderful Volumising Powder,Schwarzkopf got2b Powderf…10g,£4,£40.00 per 100g,"Offer price £4, was £5"
 Schwarzkopf Got2B Texturizing Dry Shampoo, Schwarzkopf Got2B Texturizing Dry Shampoo200ml,£2,£1.00 per 100ml,"Offer price £2, was £3"
Schwarzkopf Got2B Twisted Curling Mousse ,Schwarzkopf Got2B Twisted Curling Mousse 250ml,£4,£1.60 per 100ml,"Offer price £4, was £4.50"
Schwarzkopf Keratin Hairspray,Schwarzkopf Keratin Hairspray400ml,£4,£1.00 per 100ml,
Schwarzkopf Keratin Heat Spray,Schwarzkopf Keratin Heat Spray200ml,£4,£2.00 per 100ml,
Schwarzkopf LIVE Intense Colour+Lift Permanent Purple Hair Dye Ultra Violet,Schwarzkopf LIVE Intense Colour…,£5.50,,"Offer price £5.50, was £6.50"
Schwarzkopf LIVE Intense Colour 89 Bitter Sweet Choc Hair Dye,Schwarzkopf LIVE Intense Colour 89…,£5.50,,"Offer price £5.50, was £6.50"
Schwarzkopf Live Intense Colour Beach Blonde B12,Schwarzkopf Live Intense Colour Beach Blonde B12,£5.50,,"Offer price £5.50, was £6.50"
Schwarzkopf Live Intense Colour Cool Blonde B10,Schwarzkopf Live Intense Colour Cool Blonde B10,£5.50,,"Offer price £5.50, was £6.50"
Schwarzkopf Live Intense Colour Mango Twist 030,Schwarzkopf Live Intense Colour Mango Twist 030,£5.50,,"Offer price £5.50, was £6.50"
Schwarzkopf LIVE Intense Colour Permanent Black Hair Dye 099 Deep Black,Schwarzkopf LIVE Intense Colour Permanent…,£5.50,,"Offer price £5.50, was £6"
Schwarzkopf LIVE Intense Colour Permanent Blue Hair Dye 090 Cosmic Blue,Schwarzkopf LIVE Intense Colour Permanent…,£5.50,,"Offer price £5.50, was £6.50"
Schwarzkopf LIVE Intense Colour Permanent Brown Hair Dye 088 Urban Brown,Schwarzkopf LIVE Intense Colour…,£5.50,,"Offer price £5.50, was £6.50"
Schwarzkopf LIVE Intense Colour Permanent Brown Hair Dye Tempting Chocolate,Schwarzkopf LIVE Intense Colour…,£5.50,,"Offer price £5.50, was £6.50"
Schwarzkopf LIVE Intense Colour Permanent Purple Hair Dye 087 Mystic Violet,Schwarzkopf LIVE Intense Colour Permanent Pur…,£5.50,,"Offer price £5.50, was £6.50"
Schwarzkopf LIVE Intense Colour Permanent Red Hair Dye 035 Real Red,Schwarzkopf LIVE Intense Colour Permane…,£5.50,,"Offer price £5.50, was £6.50"
Schwarzkopf LIVE Intense Colour Permanent Red Hair Dye 043 Red Passion,Schwarzkopf LIVE Intense Colour Permanent…,£5.50,,"Offer price £5.50, was £6.50"
Schwarzkopf LIVE Intense Lightener Permanent Blonde Hair Dye 00B Max Blonde,Schwarzkopf LIVE Intense Lighte…,£5.50,,"Offer price £5.50, was £6.50"
Schwarzkopf LIVE Lightener + Twist Permanent Pink Hair Dye 101 Cool Rose,Schwarzkopf LIVE Lightener + Tw…,£5.50,,"Offer price £5.50, was £6"
Schwarzkopf LIVE Lightener + Twist Permanent Pink Hair Dye 105 Mauve Kiss,Schwarzkopf LIVE Lightener + Tw…105ml,£5.50,£5.24 per 100ml,"Offer price £5.50, was £6.50"
Schwarzkopf LIVE Lightener + Twist Permanent Purple Hair Dye 104 Cool Lilac,Schwarzkopf LIVE Lightener + Tw…,£5.50,,"Offer price £5.50, was £6"
Schwarzkopf LIVE Lightener Permanent Blonde Hair Dye Absolute Platinum,Schwarzkopf LIVE Lightener Pe…,£5.50,,"Offer price £5.50, was £6"
Schwarzkopf Live Pastel Spray Apricot,Schwarzkopf Live Pastel Spray Apricot125ml,£4.27,£3.42 per 100ml,
Schwarzkopf Live Pretty Pastels Rose Gold P123,Schwarzkopf Live Pretty Pastels Rose Gold P123,£5.50,,"Offer price £5.50, was £6"
Schwarzkopf LIVE Pretty Pastels Semi-Permanent Purple Hair Dye Lilac Crush,Schwarzkopf LIVE Pretty Pastels…,£5.50,,"Offer price £5.50, was £6"
Schwarzkopf LIVE Ultra Brights Semi-Permanent Blue Hair Dye Electric Blue,Schwarzkopf LIVE Ultra Brights Semi-Permane…,£5.50,,"Offer price £5.50, was £6"
Schwarzkopf LIVE Ultra Brights Semi-Permanent Hair Dye 091 Raspberry Rebel,Schwarzkopf LIVE Ultra Brights…,£5.50,,"Offer price £5.50, was £6"
Schwarzkopf LIVE Ultra Brights Semi-Permanent Pink Hair Dye Shocking Pink,Schwarzkopf LIVE Ultra Brights…,£5.50,,"Offer price £5.50, was £6.50"
Schwarzkopf LIVE Ultra Brights Semi-Permanent Purple Hair Dye Purple Punk,Schwarzkopf LIVE Ultra Brights…,£5.50,,"Offer price £5.50, was £6"
Schwarzkopf LIVE Ultra Brights Semi-Permanent Red Hair Dye Pillar Box Red,Schwarzkopf LIVE Ultra Brights…,£5.50,,"Offer price £5.50, was £6"
Schwarzkopf LIVE Ultra Brights Semi-Permanent Silver Hair Dye Steel Silver,Schwarzkopf LIVE Ultra Brights Semi-Permane…,£5.50,,"Offer price £5.50, was £6"
Schwarzkopf Live Urban Metallics Dusty Silver U72,Schwarzkopf Live Urban Metallics Dusty Silver U72,£5.50,,"Offer price £5.50, was £6"
Schwarzkopf Live Urban Metallics Midnight Jade U75,Schwarzkopf Live Urban Meta…,£5.50,,"Offer price £5.50, was £6"
Schwarzkopf LIVE Urban Metallics Permanent Blue Hair Dye U67 Blue Mercury,Schwarzkopf LIVE Urban Metallic…,£5.50,,"Offer price £5.50, was £6"
Schwarzkopf LIVE Urban Metallics Permanent Purple Hair Dye Amethyst Chrome,Schwarzkopf LIVE Urban Metallic…,£5.50,,"Offer price £5.50, was £6.50"
Schwarzkopf LIVE Urban Metallics Permanent Silver Hair Dye Metallic Silver,Schwarzkopf LIVE Urban Metallics Permanent…,£5.50,,"Offer price £5.50, was £6.50"
Schwarzkopf Oleo Intense 1-10 Intense Black,Schwarzkopf Oleo Intense 1-10 Intense Black,£4,,"Offer price £4, was £5"
Schwarzkopf Oleo Intense 10-50 Light Ash Blonde,Schwarzkopf Oleo Intense 10-50 Light Ash Blonde,£4,,"Offer price £4, was £5"
Schwarzkopf Oleo Intense 3-10 Deep Brown,Schwarzkopf Oleo Intense 3-10 Deep Brown,£4,,"Offer price £4, was £5"
Schwarzkopf Oleo Intense 4-60 Gold Brown,Schwarzkopf Oleo Intense 4-60 Gold Brown,£4,,"Offer price £4, was £5"
Schwarzkopf Oleo Intense 4-86 Chocolate Brown,Schwarzkopf Oleo Intense 4-86 Chocolate Brown,£4,,"Offer price £4, was £5"
Schwarzkopf Oleo Intense 5-10 Light Brown,Schwarzkopf Oleo Intense 5-10 Light Brown,£4,,"Offer price £4, was £5"
Schwarzkopf Oleo Intense 5-77 Light Copper Brown,Schwarzkopf Oleo Intense 5-77 Light Copper Brown,£4,,"Offer price £4, was £5"
Schwarzkopf Oleo Intense 8-05 Beige Blonde,Schwarzkopf Oleo Intense 8-05 Beige Blonde,£4,,"Offer price £4, was £5"
Schwarzkopf Poly Color Raven Black 49              ,Schwarzkopf Poly Color Raven Black 49              ,£2.25,,
Senokot Max Tablets,Senokot Max Tablets10 per pack,£3.50,35p each,
Senokot Tablets Senna,Senokot Tablets Senna20 per pack,£3.50,17.5p each,
Sensodyne Daily Care Deep Clean Gel Sensitive Toothpaste,Sensodyne Daily Care Deep Clean…75ml,£2.50,£3.33 per 100ml,
Sensodyne Daily Care Gentle Whitening Sensitive Teeth Toothpaste,Sensodyne Daily Care Gentle…75ml,£2.50,£3.33 per 100ml,
Sensodyne Daily Care Original Mint Sensitive Teeth Toothpaste,Sensodyne Daily Care Original Mint…75ml,£2.50,£3.33 per 100ml,
Sensodyne Daily Care Soft Bristle Sensitive Toothbrush,Sensodyne Daily Care Soft Brist…,£2.50,,
Sensodyne Nourish Gently Soothing Toothpaste,Sensodyne Nourish Gently Soothing Toothpaste75ml,£5,£6.67 per 100ml,
Sensodyne Nourish Healthy White Toothpaste,Sensodyne Nourish Healthy White Toothpaste75ml,£5,£6.67 per 100ml,
"Sensodyne Pronamel Daily Protection Enamel Care Toothpaste,",Sensodyne Pronamel Daily Protecti…75ml,£4,£5.33 per 100ml,
"Sensodyne Pronamel Gentle Whitening Enamel Care Toothpaste,",Sensodyne Pronamel Gentle Whiteni…75ml,£4,£5.33 per 100ml,
Sensodyne Pronamel Intensive Enamel Repair Extra Fresh Toothpaste,Sensodyne Pronamel Intensive Enamel R…75ml,£5,£6.67 per 100ml,
Sensodyne Pronamel Intensive Enamel Repair Whitening Toothpaste,Sensodyne Pronamel Intensive Enamel R…75ml,£5,£6.67 per 100ml,
Sensodyne Pronamel Kids Enamel Toothpaste 6-12 Years,Sensodyne Pronamel Kids Ename…50ml,£2,£4.00 per 100ml,
Sensodyne Pronamel Mineral Boost Toothpaste 75ml,Sensodyne Pronamel Mineral…75ml,£2.50,£3.34 per 100ml,"Offer price £2.50, was £5"
Sensodyne Rapid Relief Original Sensitive Toothpaste,Sensodyne Rapid Relief Origin…75ml,£5,£6.67 per 100ml,
Sensodyne Rapid Relief Sensitive Toothpaste,Sensodyne Rapid Relief Sensitive Toothpaste15ml,£1.55,£10.33 per 100ml,
Sensodyne Rapid Relief Whitening Sensitive Toothpaste,Sensodyne Rapid Relief Whiten…75ml,£5,£6.67 per 100ml,
Sensodyne Repair & Protect Deep Repair Extra Fresh Sensitive Toothpaste,Sensodyne Repair & Protect De…75ml,£3.75,£5.00 per 100ml,"Offer price £3.75, was £5.50"
Sensodyne Repair & Protect Deep Repair Sensitive Toothpaste,Sensodyne Repair & Protect Deep R…75ml,£3.75,£5.00 per 100ml,"Offer price £3.75, was £5.75"
Sensodyne Repair & Protect Deep Repair Whitening Sensitive Toothpaste,Sensodyne Repair & Protect De…75ml,£3.75,£5.00 per 100ml,"Offer price £3.75, was £5.75"
Sensodyne Sensitive Teeth Toothpaste Sensitivity & Gum Original,Sensodyne Sensitive Teeth Toothpaste…75ml,£3.50,£4.67 per 100ml,"Offer price £3.50, was £5"
Sensodyne Sensitive Teeth Toothpaste Sensitivity & Gum Whitening,Sensodyne Sensitive Teeth Toothpaste…75ml,£3.50,£4.67 per 100ml,"Offer price £3.50, was £5"
September Body Cleansing Body Wash Argan Oil ,September Body Cleansing…250ml,£2.99,£1.20 per 100ml,
September Body Exfoliating Body Scrub Argan Oil,September Body Exfoliatin…150ml,£3.49,£2.33 per 100ml,
September Body Nourishing Body Butter Argan Oil,September Body Nourishing…200ml,£3.99,£2.00 per 100ml,
September Body Nourishing Body Oil Argan Oil,September Body Nourishi…150ml,£3.99,£2.66 per 100ml,
September Body Nourishing Hand Cream Argan Oil,September Body Nourishing…75ml,£2.75,£3.67 per 100ml,
September Hair Bolder Blonder Purple Mask Acai Berry Extract,September Hair Bolder Blonder Purpl…250ml,£6,£2.40 per 100ml,
September Hair Bolder Blonder Purple Shampoo Acai Berry Extract,September Hair Bolder Blonder Purple…400ml,£6,£1.50 per 100ml,
September Hair Colour Protect Conditioner Apricot Kernel Oil,September Hair Colour Protect Condi…400ml,£6,£1.50 per 100ml,
September Hair Colour Protect Shampoo Apricot Kernel Oil,September Hair Colour Protect S…400ml,£6,£1.50 per 100ml,
September Hair Purple Conditioner Acai Berry Extract,September Hair Purple Conditi…400ml,£6,£1.50 per 100ml,
September Hair The Ultimate Conditioner Avocado Oil,September Hair The Ultimate C…400ml,£6,£1.50 per 100ml,
September Hair The Ultimate Mask Avocado Oil ,September Hair The Ultima…250ml,£6,£2.40 per 100ml,
September Hair The Ultimate Shampoo Avocado Oil,September Hair The Ultima…400ml,£6,£1.50 per 100ml,
September Hair Volume & Shine Conditioner Grapefruit Peel Oil,September Hair Volume & Shine Condi…400ml,£6,£1.50 per 100ml,
September Hair Volume & Shine Shampoo Grapefruit Peel Oil,September Hair Volume & Shine Sha…400ml,£6,£1.50 per 100ml,
September Scent Midnight Aura Body Mist,September Scent Midnight Aura Body Mist100ml,£3.49,£3.49 per 100ml,
September Scent Midnight Aura Eau De Toilette,September Scent Midnight Aura Eau De Toilette50ml,£4.99,£9.98 per 100ml,
September Scent Rose Bloom Body Mist,September Scent Rose Bloom Body Mist100ml,£3.49,£3.49 per 100ml,
September Scent Rose Bloom Eau De Toilette ,September Scent Rose Bloom Eau De Toilette 50ml,£4.99,£9.98 per 100ml,
September Scent Solar Haze Body Mist,September Scent Solar Haze Body Mist100ml,£3.49,£3.49 per 100ml,
September Scent Solar Haze Eau De Toilette,September Scent Solar Haze Eau De Toilette50ml,£4.99,£9.98 per 100ml,
September Skin Daily Cleansing Cream Sweet Almond Oil,September Skin Daily Cleansin…150ml,£2.75,£1.83 per 100ml,
September Skin Daily Hydrating Cream Sweet Almond Oil,September Skin Daily Hydratin…50ml,£4.75,£9.50 per 100ml,
September Skin Go Glow Peel-Off Mask Coconut Oil,September Skin Go Glow Peel-Off Mask Coconut Oil75ml,£4.75,£6.33 per 100ml,
September Skin Go Glow Serum Coconut Oil,September Skin Go Glow Serum Coconut Oil30ml,£5.49,£18.30 per 100ml,
September Skin Go Glow Unifying Cream Coconut Oil,September Skin Go Glow Unif…50ml,£4.75,£9.50 per 100ml,
September Skin Happy Hydration Mask Sweet Almond Oil,September Skin Happy Hydratio…150ml,£3.99,£2.66 per 100ml,
September Skin Hyaluronic Acid Serum Sweet Almond Oil,September Skin Hyaluronic Aci…30ml,£5.49,£18.30 per 100ml,
September Skin Illuminating Eye Gel Coconut Oil ,September Skin Illuminating…15ml,£3.99,£26.60 per 100ml,
September Skin Nourishing Night Cream Sweet Almond Oil,September Skin Nourishing Night…50ml,£5.49,£10.98 per 100ml,
Seven Seas JointCare Max Glucosamine 1500mg 30 Day Duo Pack,Seven Seas JointCare Max Glucosam…,£21,,
Seven Seas JointCare Supplex with Glucosamine & Omega-3 30 Capsules,Seven Seas JointCare Supplex with Gluco…30 per pack,£5.95,19.8p each,"Offer price £5.95, was £7"
 Shockwaves Curls & Waves Hair Mousse , Shockwaves Curls & Waves Hair Mousse 200ml,£3,£1.50 per 100ml,Buy 2 for £4.50
 Shockwaves Extra Strong Hold Hairspray, Shockwaves Extra Strong Hold Hairspray250ml,£2.75,£1.10 per 100ml,Buy 2 for £4.50
 Shockwaves Messy Matt Clay, Shockwaves Messy Matt Clay75ml,£2.75,£3.67 per 100ml,Buy 2 for £4.50
Shockwaves Ultra Strong Gel Spray ,Shockwaves Ultra Strong Gel Spray 150ml,£3,£2.00 per 100ml,Buy 2 for £4.50
Shockwaves Ultra Strong Power Hair Gel,Shockwaves Ultra Strong Power Hair Gel200ml,£3,£1.50 per 100ml,Buy 2 for £4.50
Shockwaves Ultra Strong Power Hold Hairspray,Shockwaves Ultra Strong Power Hold Hairspray250ml,£2.75,£1.10 per 100ml,Buy 2 for £4.50
Shockwaves Ultra Strong Tuff Stuff Hair Gel,Shockwaves Ultra Strong Tuff Stuff Hair Gel200ml,£2.75,£1.38 per 100ml,Buy 2 for £4.50
Shockwaves Volume Mousse,Shockwaves Volume Mousse200ml,£3,£1.50 per 100ml,Buy 2 for £4.50
Silvikrin Classic Maximum Hold Hairspray,Silvikrin Classic Maximum Hold Hairspray75ml,£1.50,£2.00 per 100ml,Buy 3 for £3
Silvikrin Firm Hold Hairspray,Silvikrin Firm Hold Hairspray250ml,£3.20,£1.28 per 100ml,
Silvikrin Firm Hold Hairspray ,Silvikrin Firm Hold Hairspray 400ml,£4.25,£1.06 per 100ml,Buy 2 for £7
Silvikrin Firm Hold Hairspray ,Silvikrin Firm Hold Hairspray 75ml,£1.50,£2.00 per 100ml,Buy 3 for £3
Silvikrin Flex Hairspray,Silvikrin Flex Hairspray250ml,£2.70,£1.08 per 100ml,
Silvikrin Flexible Hold Hairspray,Silvikrin Flexible Hold Hairspray400ml,£3.50,87.5p per 100ml,
Silvikrin Maximum Hold Hairspray,Silvikrin Maximum Hold Hairspray250ml,£3.20,£1.28 per 100ml,
Silvikrin Maximum Hold Hairspray ,Silvikrin Maximum Hold Hairspray 400ml,£4.25,£1.06 per 100ml,Buy 2 for £7
Silvikrin Natural Hold Hairspray,Silvikrin Natural Hold Hairspray400ml,£4.25,£1.06 per 100ml,Buy 2 for £7
Simple Brightening Eye Gel,Simple Brightening Eye Gel25ml,£8,£32.00 per 100ml,
Simple Charcoal Purifying Sheet Mask ,Simple Charcoal Purifying Sheet Mask 21ml,£3.50,£1.67 per 10ml,
Simple Cleansing Face Wipes Biodegradable,Simple Cleansing Face Wipes Biodegradable25 per pack,£2,8p each,
Simple Cleansing Face Wipes Biodegradable ,Simple Cleansing Face Wipes Biodegradable 50 per pack,£3.50,7p each,
Simple Cleansing Wipes + Anti-Bac Kind Defence,Simple Cleansing Wipes + Anti-Bac Kind Defence20 per pack,£4,20p each,
Simple Clear Pore Polisher Face Scrub,Simple Clear Pore Polisher Face Scrub150ml,£5,£3.33 per 100ml,
Simple Daily Skin Detox Deep Cleanse Bubbling Mask,Simple Daily Skin Detox Dee…,£3,,"Offer price £3, was £4"
Simple Exfoliating Facial Wipes 20 Wipes,Simple Exfoliating Facial Wipes 20 Wipes20 per pack,£2.30,11.5p each,"Offer price £2.30, was £4"
Simple Express Glow Clay Polish Protect 'N' Glow,Simple Express Glow Clay Polish Protect 'N' Glow150ml,£6,£4.00 per 100ml,
Simple Face Wipes Bio Instant Protect & Glow,Simple Face Wipes Bio Instant Protect & Glow20 per pack,£2.50,12.5p each,"Offer price £2.50, was £3.50"
Simple Gentle Care Handwash,Simple Gentle Care Handwash250ml,£2,80p per 100ml,
Simple Hydrating Eye Gel,Simple Hydrating Eye Gel25ml,£8,£32.00 per 100ml,
Simple Hydrating Light Moisturiser ,Simple Hydrating Light Moisturiser 125ml,£3,£2.40 per 100ml,Buy 2 for £5
Simple Kind to Eyes Biodegradable Eye Make-Up Remover Pads ,Simple Kind to Eyes Biodegradable…30 per pack,£3,10p each,Buy 2 for £5
Simple Kind To Eyes Eye Make-Up Remover,Simple Kind To Eyes Eye Make-Up Remover125ml,£3,£2.40 per 100ml,Buy 2 for £5
Simple Kind to Eyes Soothing Eye Balm ,Simple Kind to Eyes Soothing Eye Balm 15ml,£3,£20.00 per 100ml,Buy 2 for £5
Simple Kind To Hair Gentle Care Conditioner ,Simple Kind To Hair Gentle Care Conditioner 400ml,£3,75p per 100ml,"Offer price £3, was £5"
 Simple Kind To Hair Gentle Cleansing Shampoo, Simple Kind To Hair Gentle Cleansing Shampoo400ml,£3,75p per 100ml,"Offer price £3, was £5"
Simple Kind to Skin Refreshing Facial Gel Wash,Simple Kind to Skin Refre…150ml,£3,£2.00 per 100ml,Buy 2 for £5
Simple Kind To Skin Replenishing Moisturiser,Simple Kind To Skin Replenishing Moisturiser125ml,£3,£2.40 per 100ml,Buy 2 for £5
Simple Micellar Cleansing Water ,Simple Micellar Cleansing Water 200ml,£3,£1.50 per 100ml,Buy 2 for £5
Simple Micellar Cleansing Wipes 20 Wipes,Simple Micellar Cleansing Wipes 20 Wipes20 per pack,£2.30,11.5p each,"Offer price £2.30, was £4"
Simple Moisturising Facial Wash,Simple Moisturising Facial Wash150ml,£3,£2.00 per 100ml,Buy 2 for £5
Simple Moisturising Facial Wash,Simple Moisturising Facial Wash50ml,£1.50,£3.00 per 100ml,
Simple Moisturising Hand Wash With Chamomile Oil ,Simple Moisturising Hand Wash With Chamomile Oil 250ml,£2,80p per 100ml,
Simple Protecting Mist + Anti-Bac Kind Defence,Simple Protecting Mist + Anti-Bac Kind Defence125ml,£6,£4.80 per 100ml,
Simple Protect N Glow 48h Glow Sheet Mask ,Simple Protect N Glow 48h Glow Sheet Mask ,£3,,
Simple Protect N Glow Illuminating Under Eye Skin Face ,Simple Protect N Glow Illuminat…,£3,,
Simple Purifying Cleansing Lotion ,Simple Purifying Cleansing Lotion 200ml,£3,£1.50 per 100ml,Buy 2 for £5
Simple Refreshing Shower Gel,Simple Refreshing Shower Gel500ml,£3,60p per 100ml,
Simple Regeneration Age Resisting Facial Wash ,Simple Regeneration Age Resisting Facial Wash 150ml,£3,£2.00 per 100ml,"Offer price £3, was £6"
Simple Rest & Reset 72H Hydrating Gel Protect 'N' Glow,Simple Rest & Reset 72H Hydrati…50ml,£7,£14.00 per 100ml,
Simple Rich Moisture Sheet Mask,Simple Rich Moisture Sheet Mask21ml,£2,£9.53 per 100ml,"Offer price £2, was £3"
Simple Serum Shot Hyaluronic,Simple Serum Shot Hyaluronic30ml,£5.36,£17.87 per 100ml,"Offer price £5.36, was £8"
Simple Serum Shot Niacinamide,Simple Serum Shot Niacinamide30ml,£5.36,£17.87 per 100ml,"Offer price £5.36, was £8"
Simple Serum Shot Vitamin Cef,Simple Serum Shot Vitamin Cef30ml,£5.36,£17.87 per 100ml,"Offer price £5.36, was £8"
Simple Soothing Facial Toner ,Simple Soothing Facial Toner 200ml,£3,£1.50 per 100ml,Buy 2 for £5
Simple Triple Protect Moisturiser Spf 30 Protect 'N' Glow,Simple Triple Protect Moisturiser…40ml,£7,£17.50 per 100ml,
Simple Ultra Calming Sheet Mask ,Simple Ultra Calming Sheet Mask ,£2,,"Offer price £2, was £3"
Simple Water Boost Micellar Wash,Simple Water Boost Micellar Wash150ml,£5,£3.33 per 100ml,
Simplicity Decorative Slides 4 Pack,Simplicity Decorative Slides 4 Pack,£3,,
Simplicity Hard Headband Tortoise,Simplicity Hard Headband Tortoise,£3,,
Simplicity Mixed Bow Elastics 20 Pack,Simplicity Mixed Bow Elastics 20 Pack,£3,,
Simplicity Mixed Soft Ponytailers,Simplicity Mixed Soft Ponytailers20 per pack,£3,15p each,
Simplicity Satin Knotted Headband,Simplicity Satin Knotted Headband,£3,,
Simplicity Self Hold Rollers Coral 4 Pack,Simplicity Self Hold Rollers Coral 4 Pack,£2.50,,
Simplicity Small Scrunchies 4 Pack,Simplicity Small Scrunchies 4 Pack,£3,,
Simplicity Soft Headband Single Twist Design 2 Pack,Simplicity Soft Headband Sing…,£3,,
Simply Venus 2 Disposable Razors,Simply Venus 2 Disposable Razors8 per pack,£2.67,33.4p each,"Offer price £2.67, was £4"
So...Bali Breeze Body Mist,So...Bali Breeze Body Mist200ml,£4,£2.00 per 100ml,"Offer price £4, was £6"
Soft & Gentle Citrus Twist Anti-Perspirant Spray,Soft & Gentle Citrus Twist Anti-Perspirant Spray250ml,£2.30,92p per 100ml,
Soft & Gentle Citrus Twist Roll On,Soft & Gentle Citrus Twist Roll On50ml,£1,£2.00 per 100ml,
Soft & Gentle Fresh Blossom Anti-Perspirant Spray,Soft & Gentle Fresh Blossom…250ml,£2.30,92p per 100ml,
Soft & Gentle Fresh Blossom Anti-Perspirant Spray,Soft & Gentle Fresh Blossom…150ml,£1.25,83.3p per 100ml,
Soft & Gentle Fresh Blossom Roll On,Soft & Gentle Fresh Blossom Roll On50ml,£1,£2.00 per 100ml,
Soft & Gentle Magnolia Hug Anti-Perspirant Spray,Soft & Gentle Magnolia Hug Anti-Perspirant Spray250ml,£2.30,92p per 100ml,
Soft & Gentle Magnolia Hug Anti-Perspirant Spray,Soft & Gentle Magnolia Hug Anti-Perspirant Spray150ml,£1.25,83.3p per 100ml,
Soft & Gentle Magnolia Hug Roll On,Soft & Gentle Magnolia Hug Roll On50ml,£1,20p per 10ml,
Soft & Gentle Orchid Desire Anti-Perspirant Deodorant,Soft & Gentle Orchid Desire A…250ml,£2.30,92p per 100ml,
So Ibiza Dreams Body Mist,So Ibiza Dreams Body Mist200ml,£4,£2.00 per 100ml,"Offer price £4, was £6"
So... Mykonos Nights Body Mist,So... Mykonos Nights Body Mist200ml,£4,£2.00 per 100ml,"Offer price £4, was £6"
So Unique Truffle Cream Body Mist,So Unique Truffle Cream Body Mist150ml,£5,£3.33 per 100ml,
So Unique Vanilla Candy Body Mist,So Unique Vanilla Candy Body Mist150ml,£5,£3.33 per 100ml,
Spider - Man Colour Changing Bath Fizzer ,Spider - Man Colour Changing Bath Fizzer ,£2.50,,
Spiderman Bath Crayon & Sponge Set,Spiderman Bath Crayon & Sponge Set,£7,,
Steradent Active Fresh Tablets,Steradent Active Fresh Tablets,£1.29,,
Steradent Active Plus Denture Daily Cleaner Tablets,Steradent Active Plus Denture…30 per pack,£1.60,5.3p each,
Steradent Pro White Denture Daily Cleaner Tablets,Steradent Pro White Denture…30 per pack,£1.80,6p each,
St. Moriz Fast Tanning Mousse,St. Moriz Fast Tanning Mousse200ml,£6.99,£3.50 per 100ml,
St. Moriz Tanning Mousse Medium,St. Moriz Tanning Mousse Medium200ml,£5.99,£3.00 per 100ml,
Sudocrem Antiseptic Healing Cream,Sudocrem Antiseptic Healing Cream125g,£3.25,£2.60 per 100g,
Sudocrem Antiseptic Healing Cream,Sudocrem Antiseptic Healing Cream250g,£4.90,£1.96 per 100g,
Sunny The Pink One 5 Blade Razor,Sunny The Pink One 5 Blade Razor5 per pack,£6,£1.20 each,
Sunny The Refills 4 Blades,Sunny The Refills 4 Blades4 per pack,£4,£1.00 each,
Sunny The Refills 8 Blades,Sunny The Refills 8 Blades8 per pack,£10,£1.25 each,
Sunny The Teal One 5 Blade Razor,Sunny The Teal One 5 Blade Razor5 per pack,£6,£1.20 each,
Super Facialist Firming Daily Brightening Cleanser,Super Facialist Firming Daily Brightening Cleanser150ml,£8,£5.33 per 100ml,
Super Facialist Firming Intense Facial Serum ,Super Facialist Firming Intense Facial Serum 30ml,£15,£50.00 per 100ml,
Super Facialist Firming Super Lift Day Cream ,Super Facialist Firming Super Lift Day Cream 50ml,£17,£34.00 per 100ml,
Super Facialist Firming Super Lift Night Cream ,Super Facialist Firming Super Lift Night Cream 50ml,£17,£34.00 per 100ml,
Super Facialist Glow Boost Serum,Super Facialist Glow Boost Serum30ml,£16,£53.33 per 100ml,
Super Facialist Rosehip Hydrate Gentle Foaming Cleanser,Super Facialist Rosehip Hydrate…150ml,£11,£7.33 per 100ml,
Super Facialist Rose Hydrate Brighten & Refine Facial Scrub,Super Facialist Rose Hydrate Brig…150ml,£9,£6.00 per 100ml,
Super Facialist Rose Hydrate Radiance Day Cream Spf15,Super Facialist Rose Hydrate…75ml,£15,£20.00 per 100ml,
Super Facialist Salicylic Acid Anti Blemish Cleansing Wash 150Ml,Super Facialist Salicylic Acid Anti B…150ml,£8,£5.33 per 100ml,
Super Facialist Salicylic Acid Anti Blemish Facial Scrub,Super Facialist Salicylic Acid…125ml,£9,£7.20 per 100ml,
Super Facialist Salicylic Acid Anti Blemish Purifying Clay Mask,Super Facialist Salicylic Acid Anti B…125ml,£10,£8.00 per 100ml,
Super Facialist Vitamin C+ Brighten Dark Circles Eye Cream ,Super Facialist Vitamin C+ Bright…15ml,£13,£86.67 per 100ml,
Super Facialist Vitamin C+ Brighten Skin Renew Cleansing Oil,Super Facialist Vitamin C+ Brighten…20ml,£11,£55.00 per 100ml,
Super Facialist Vitamin C+ Gentle Daily Micro Polish Wash,Super Facialist Vitamin C+ Gentle…125ml,£10,£8.00 per 100ml,
Super Facialist Vitamin C+ Skin Defence Daily Moisturiser,Super Facialist Vitamin C+ Skin D…75ml,£17,£22.67 per 100ml,
Sure Antiperspirant Deodorant Nonstop Freesia & Waterlily ,Sure Antiperspirant Deodorant Non…250ml,£3,£1.20 per 100ml,
Sure Antiperspirant Deodorant Roll On Nonstop Invisible Aqua,Sure Antiperspirant Deodorant Roll…50ml,£2,£4.00 per 100ml,
Sure Antiperspirant Deodorant Roll On Nonstop Uplifting & Fresh ,Sure Antiperspirant Deodorant Roll On…50ml,£2,£4.00 per 100ml,
Sure For Men Active Dry Anti Perspirant Nonstop Deodorant,Sure For Men Active Dry Anti Pers…150ml,£2.50,£1.67 per 100ml,
Sure For Men Anti Perspirant Clean Scent Maximum Protection,Sure For Men Anti Perspirant Clea…150ml,£5,£3.33 per 100ml,
Sure For Men Invisible Ice Anti Perspirant ,Sure For Men Invisible Ice Anti Perspirant 150ml,£2.50,£1.67 per 100ml,
Sure For Men Invisible Ice Anti Perspirant Nonstop Deodorant,Sure For Men Invisible Ice Anti Per…250ml,£2.50,£1.00 per 100ml,"Offer price £2.50, was £3"
Sure For Men Quantum Dry Anti Perspirant Nonstop Deodorant,Sure For Men Quantum Dry Anti Per…150ml,£2.50,£1.67 per 100ml,
Sure For Men Quantum Dry Anti Perspirant Nonstop Deodorant,Sure For Men Quantum Dry Anti Per…250ml,£2.50,£1.00 per 100ml,"Offer price £2.50, was £3"
Sure Invisible Roll On Clear Aqua ,Sure Invisible Roll On Clear Aqua 50ml,£1.25,£2.50 per 100ml,
Sure Men Anti-perspirant Deodorant Non stop Sensitive,Sure Men Anti-perspirant Deod…250ml,£3,£1.20 per 100ml,
Sure Men Antiperspirant Deodorant Active Dry Aerosol ,Sure Men Antiperspirant Deodo…200ml,£2,£1.00 per 100ml,
Sure Men Antiperspirant Deodorant Invisible Ice Aerosol ,Sure Men Antiperspirant Deodora…200ml,£2,£1.00 per 100ml,
Sure Men Antiperspirant Deodorant Quantum Dry Aerosol,Sure Men Antiperspirant Deodo…200ml,£2,£1.00 per 100ml,
Sure Men Antiperspirant Deodorant Roll On Nonstop Quantum Dry ,Sure Men Antiperspirant Deodorant R…50ml,£2,£4.00 per 100ml,
Sure Men Invisible Ice Anti-perspirant Deodorant Aerosol,Sure Men Invisible Ice Anti-per…150ml,£1.60,£1.07 per 100ml,
Sure Men Maximum Protection Clear Scent,Sure Men Maximum Protection Clear Scent45ml,£5.50,£12.22 per 100ml,
Sure Men Motion Sense Quantum Dry 48H Anti-Perspirant ,Sure Men Motion Sense Quantum D…150ml,£1.60,£1.07 per 100ml,
Sure Men Original Dry Roll-On Anti-Perspirant Deodorant,Sure Men Original Dry Roll-On A…50ml,£1.25,£2.50 per 100ml,
Sure Men Sensitive Anti-Perspirant Deodorant Roll On,Sure Men Sensitive Anti-Persp…50ml,£1,£2.00 per 100ml,
Sure Men Sensitive Anti-perspirant Deodorant Stick,Sure Men Sensitive Anti-per…50ml,£2,£4.00 per 100ml,
Sure Motion Sense Bright Bouquet Deodorant ,Sure Motion Sense Bright Bouquet Deodorant 150ml,£1.60,£1.07 per 100ml,
Sure Motion Sense Invisible Aqua Deodorant ,Sure Motion Sense Invisible Aqua Deodorant 150ml,£1.60,£1.07 per 100ml,
Sure MotionSense Invisible Pure Deodorant,Sure MotionSense Invisible Pure Deodorant250ml,£1,40p per 100ml,
Sure Nonstop Bright Bouquet,Sure Nonstop Bright Bouquet150ml,£2.50,£1.67 per 100ml,
Sure Nonstop Bright Bouquet,Sure Nonstop Bright Bouquet250ml,£2.50,£1.00 per 100ml,"Offer price £2.50, was £3"
Sure Nonstop Cotton Dry,Sure Nonstop Cotton Dry150ml,£2.50,£1.67 per 100ml,
Sure Nonstop Cotton Dry,Sure Nonstop Cotton Dry250ml,£2.50,£1.00 per 100ml,"Offer price £2.50, was £3"
Sure Nonstop Invisible Aqua,Sure Nonstop Invisible Aqua250ml,£2.50,£1.00 per 100ml,"Offer price £2.50, was £3"
Sure Nonstop Invisible Pure,Sure Nonstop Invisible Pure150ml,£2,£1.33 per 100ml,
Sure Sport Cool Anti Perspirant Nonstop Deodorant Sport,Sure Sport Cool Anti Perspirant…250ml,£2.50,£1.00 per 100ml,"Offer price £2.50, was £3"
Sure Watermelon & Cactus Nonstop Spray,Sure Watermelon & Cactus Nonstop Spray250ml,£2.50,£1.00 per 100ml,"Offer price £2.50, was £3"
Sure Women Antiperspirant Deodorant Bright Bouquet Aerosol ,Sure Women Antiperspirant Deodora…200ml,£2,£1.00 per 100ml,
Sure Women Antiperspirant Deodorant Cotton Dry Aerosol ,Sure Women Antiperspirant Deodo…200ml,£2,£1.00 per 100ml,
Sure Women Antiperspirant Deodorant Invisible Pure Aerosol ,Sure Women Antiperspirant Deodora…200ml,£2,£1.00 per 100ml,
Sure Women Clean Scent Maximum Protection Anti-Perspirant ,Sure Women Clean Scent Maximum Pr…45ml,£5,£11.11 per 100ml,
Sure Women Cool Blue Roll-On Anti-Perspirant Deodorant,Sure Women Cool Blue Roll-On An…50ml,£1.25,£2.50 per 100ml,
Sure Women Cotton Dry Roll-On Anti-Perspirant Deodorant,Sure Women Cotton Dry Roll-On A…50ml,£1.25,£2.50 per 100ml,
Sure Women Invisible Aqua Anti-perspirant Deodorant Stick,Sure Women Invisible Aqua Anti-pe…40ml,£2,£5.00 per 100ml,
Sure Women Maximum Protection Confidence Anti-Perspirant Deodorant,Sure Women Maximum Protection Confidenc…45ml,£5,£11.11 per 100ml,
Sure Workout Anti-Perspirant,Sure Workout Anti-Perspirant200ml,£3,£1.50 per 100ml,
Tampax Compak Regular Tampons with Applicator 18 pack,Tampax Compak Regular Tampons…18 per pack,£2.50,13.9p each,
Tampax Compak Super Plus Tampons with Applicator 18 pack,Tampax Compak Super Plus Tampon…18 per pack,£2.50,13.9p each,
Tampax Compak Super Tampons with Applicator 18 pack,Tampax Compak Super Tampons w…18 per pack,£2.50,13.9p each,
Tampax Pearl Compak Regular Tampons Applicator 8 pack,Tampax Pearl Compak Regular T…8 per pack,£1.20,15p each,
Tampax Pearl Compak Super Plus Tampons With Applicator,Tampax Pearl Compak Super Plus…16 per pack,£3.40,21.3p each,Buy 2 for £5.50
Tampax Pearl Compak Super Tampons,Tampax Pearl Compak Super Tampons16 per pack,£3.40,21.3p each,Buy 2 for £5.50
Tampax Pearl Compak Super Tampons Applicator 8 pack,Tampax Pearl Compak Super Tam…,£1.20,,
Tampax Pearl Compak Tampons Regular,Tampax Pearl Compak Tampons Regular16 per pack,£3.40,21.3p each,Buy 2 for £5.50
Tampax Pearl Regular Tampons with Applicator 18 pack,Tampax Pearl Regular Tampons…18 per pack,£3.40,18.9p each,Buy 2 for £5.50
Tampax Pearl Super Plus Tampons with Applicator 18 pack,Tampax Pearl Super Plus Tampons…18 per pack,£3.40,18.9p each,Buy 2 for £5.50
Tampax Pearl Super Tampons with Applicator 18 pack,Tampax Pearl Super Tampons…18 per pack,£3.40,18.9p each,Buy 2 for £5.50
Tampax Regular Tampons with Cardboard Applicator 20 pack,Tampax Regular Tampons with Car…20 per pack,£2,10p each,
Tampax Super Plus Tampons with Cardboard Applicator 20 pack,Tampax Super Plus Tampons with Ca…20 per pack,£2,10p each,
Tampax Super Tampons with Cardboard Applicator 20 pack,Tampax Super Tampons with Cardb…20 per pack,£2,10p each,
TENA Incontinence Pants Plus L,TENA Incontinence Pants Plus L8 per pack,£9.50,£1.19 each,"TENA Unisex Pants - Buy 3, Save 5%"
TENA Incontinence Pants Plus M,TENA Incontinence Pants Plus M9 per pack,£9.50,£1.06 each,"TENA Unisex Pants - Buy 3, Save 5%"
TENA Incontinence Pants Plus XL,TENA Incontinence Pants Plus XL12 per pack,£13.95,£1.16 each,"TENA Unisex Pants - Buy 3, Save 5%"
TENA Incontinence Pants Super M,TENA Incontinence Pants Super M12 per pack,£13.95,£1.16 each,"TENA Unisex Pants - Buy 3, Save 5%"
Tena Lady Discreet Mini Pads,Tena Lady Discreet Mini Pads20 per pack,£2.25,11.3p each,
TENA Lady Discreet Normal Incontinence Pads,TENA Lady Discreet Normal Incontinence Pads12 per pack,£2.25,18.8p each,
TENA Lady Discreet Normal Incontinence Pads Duo,TENA Lady Discreet Normal…,£5,,
TENA Lady Extra Incontinence Pads,TENA Lady Extra Incontinence Pads10 per pack,£2.25,22.5p each,
TENA Lady Extra Incontinence Pads Duo,TENA Lady Extra Incontinence Pads Duo2 x 10 per pack,£5,25p each,
TENA Lady Extra Plus Incontinence Pads,TENA Lady Extra Plus Incontinence Pads8 per pack,£2.25,28.1p each,
TENA Lady Extra Plus Incontinence Pads Duo,TENA Lady Extra Plus Incontinence Pads Duo16 per pack,£4.99,31.2p each,
TENA Lady Maxi Incontinence Pads,TENA Lady Maxi Incontinence Pads6 per pack,£2.25,37.5p each,
TENA Lady Maxi Night Incontinence Pads,TENA Lady Maxi Night Incontinence Pads6 per pack,£2.25,37.5p each,
TENA Lady Maxi Night Incontinence Pads Duo,TENA Lady Maxi Night Incontinence Pads Duo2 x 6 per pack,£5,41.7p each,
Tena Lady Pants Plus 8 Large,Tena Lady Pants Plus 8 Large,£8.49,,
TENA Lady Silhouette Incontinence Pants Normal L Duo,TENA Lady Silhouette Incontin…2 x 5 per pack,£8.49,84.9p each,
TENA Lady Silhouette Incontinence Pants Normal M Duo,TENA Lady Silhouette Incontin…2 x 6 per pack,£8.49,70.8p each,
TENA Lady Silhouette Incontinence Pants Plus M,TENA Lady Silhouette Incontinence Pants Plus M,£8.49,,
Tena Lights Sensitive Ultra Incontinence Pads Mini,Tena Lights Sensitive Ultra Incontinence Pads Mini20 per pack,£2.50,12.5p each,
Tena Lights Sensitive Ultra Incontinence Pads Normal,Tena Lights Sensitive Ultra Incontinence Pads Normal16 per pack,£2.50,15.6p each,
TENA Men Active Fit Incontinence Pants Plus L,TENA Men Active Fit Incontinence Pants Plus L8 per pack,£8.50,£1.06 each,
TENA Men Active Fit Incontinence Pants Plus M,TENA Men Active Fit Incontinence Pants Plus M9 per pack,£8.50,94.4p each,
TENA Men Level 2 Incontinence Absorbent Protector,TENA Men Level 2 Incontinen…10 per pack,£4.50,45p each,
Tena Men Premium Fit Incontinence Pants Medium,Tena Men Premium Fit Inco…10 per pack,£8.50,85p each,
Tena Men Premium Pants Large,Tena Men Premium Pants Large8 per pack,£8.50,£1.06 each,
Tena Pants Super Large,Tena Pants Super Large12 per pack,£13.95,£1.16 each,"TENA Unisex Pants - Buy 3, Save 5%"
Tena Silhouette Pants Black L,Tena Silhouette Pants Black L9 per pack,£8.49,94.3p each,
Tena Silhouette Pants Normal Noir M,Tena Silhouette Pants Normal Noir M10 per pack,£8.49,84.9p each,
Tena Silhouette Underwear High Waist Plus Black Large,Tena Silhouette Underwear Hig…8 per pack,£8.49,£1.06 each,
Tena Silhouette Underwear High Waist Plus Black Medium,Tena Silhouette Underwear High…9 per pack,£8.49,94.3p each,
Tepe EasyPick Orange Size XS/S Interdental Brushes,Tepe EasyPick Orange Size X…36 per pack,£4,11.1p each,
Tepe Interdental Brush 0.4mm Size 0 Pink Brushes,Tepe Interdental Brush 0.4m…6 per pack,£3.25,54.2p each,
Tepe Interdental Brush 0.5mm Size 2 Red Brushes,Tepe Interdental Brush 0.5mm Size 2 Red Brushes6 per pack,£3.25,54.2p each,
Tepe Interdental Brush 0.6Mm Size 3 Blue Brushes,Tepe Interdental Brush 0.6M…6 per pack,£3.25,54.2p each,
Tepe Interdental Brush 0.7mm Size 4 Yellow Brushes,Tepe Interdental Brush 0.7m…6 per pack,£3.25,54.2p each,
The Detangler Classic Unicorn Print Detangler Hair Brush,The Detangler Classic Unicorn P…,£7,,
The Detangler On The Go Leopard Print Detangler Hair Brush,The Detangler On The Go Leopard P…,£7,,
The Detangler Vented Paddle Brush,The Detangler Vented Paddle Brush,£8,,
"Together Beautiful Hair, Skin & Nail Daily Capsules ","Together Beautiful Hair, Skin & Nail Daily Capsules 60 per pack",£14.99,25p each,
Totm Organic Cotton Applicator Tampons Regular ,Totm Organic Cotton Appli…16 per pack,£3.20,20p each,
Totm Organic Cotton Applicator Tampons Super,Totm Organic Cotton Applicator Tampons Super14 per pack,£3.20,22.9p each,
Totm Organic Cotton Medium Flow Pads,Totm Organic Cotton Medium Flow Pads10 per pack,£3.35,33.5p each,
Totm Organic Cotton Super Flow Pads,Totm Organic Cotton Super Flow Pads10 per pack,£3.35,33.5p each,
Totm Reusable Menstrual Cup Size 2,Totm Reusable Menstrual Cup Size 2,£18,,
Tresemme Ash Blonde Mask,Tresemme Ash Blonde Mask200ml,£6,£3.00 per 100ml,
Tresemme Beauty-full Strength Conditioner ,Tresemme Beauty-full Strength Conditioner 680ml,£3.75,55.1p per 100ml,
Tresemme Beauty-full Strength Shampoo,Tresemme Beauty-full Strength Shampoo680ml,£3.75,55.1p per 100ml,
Tresemme Biotin Repair ,Tresemme Biotin Repair 170ml,£4,£2.35 per 100ml,
Tresemme Biotin Repair Conditioner,Tresemme Biotin Repair Conditioner680ml,£3.75,55.1p per 100ml,
Tresemme Biotin Repair Shampoo,Tresemme Biotin Repair Shampoo680ml,£3.75,55.1p per 100ml,
Tresemme Cleanse & Replenish 2 in 1 Shampoo & Conditioner,Tresemme Cleanse & Replenish 2 in…900ml,£4,44.4p per 100ml,
Tresemme Coconut Mask,Tresemme Coconut Mask440ml,£3.50,79.5p per 100ml,
Tresemme Colour Revitalise Hair Shampoo,Tresemme Colour Revitalise Hair Shampoo900ml,£4,44.4p per 100ml,
Tresemme Conditioner Biotin Repair,Tresemme Conditioner Biotin Repair440ml,£4,90.9p per 100ml,
Tresemme Conditioner Keratin Smooth ,Tresemme Conditioner Keratin Smooth 440ml,£4,90.9p per 100ml,
Tresemme Deep Cleansing Hair Shampoo,Tresemme Deep Cleansing Hair Shampoo900ml,£4,44.4p per 100ml,
TRESemme Extra Hold Hairspray   ,TRESemme Extra Hold Hairspray   250ml,£3,£1.20 per 100ml,"Offer price £3, was £3.20"
Tresemme Flexible Hold Hair Spray,Tresemme Flexible Hold Hair Spray250ml,£3,£1.20 per 100ml,
Tresemme Freeze Hold Hairspray,Tresemme Freeze Hold Hairspray250ml,£3,£1.20 per 100ml,
 Tresemme Heat Defence Care & Protect Spray, Tresemme Heat Defence Care & Protect Spray300ml,£4,£1.33 per 100ml,"Offer price £4, was £5.50"
 Tresemme Heat Protect Spray, Tresemme Heat Protect Spray200ml,£4,£2.00 per 100ml,"Offer price £4, was £5.50"
Tresemme Keratin Smooth,Tresemme Keratin Smooth170ml,£4,£2.35 per 100ml,
Tresemme Keratin Smooth Conditioner,Tresemme Keratin Smooth Conditioner680ml,£3.75,55.1p per 100ml,
Tresemme Keratin Smooth Shampoo,Tresemme Keratin Smooth Shampoo680ml,£3.75,55.1p per 100ml,
Tresemme Light Blonde Mask ,Tresemme Light Blonde Mask 200ml,£6,£3.00 per 100ml,
Tresemme Luxurious Moisture Conditioner,Tresemme Luxurious Moisture Conditioner100ml,£1.55,£1.55 per 100ml,
Tresemme Moisture Rich Shampoo     100Ml,Tresemme Moisture Rich Shampoo     100Ml100ml,£1.55,£1.55 per 100ml,
Tresemme Pro Pure Airlight Volume Shampoo,Tresemme Pro Pure Airlight Volume Shampoo380ml,£4.50,£1.18 per 100ml,
Tresemme Pro Pure Damage Recovery Conditioner,Tresemme Pro Pure Damage…380ml,£4.50,£1.18 per 100ml,
Tresemme Pro Pure Damage Recovery Shampoo,Tresemme Pro Pure Dam…380ml,£4.50,£1.18 per 100ml,
Tresemme Purify & Hydrate Conditioner ,Tresemme Purify & Hydrate Conditioner 170ml,£4,£2.35 per 100ml,
Tresemme Remoisturising Hair Conditioner,Tresemme Remoisturising Hair Conditioner900ml,£4,44.4p per 100ml,
Tresemme Revitalised Colour Conditioner,Tresemme Revitalised Colour Conditioner680ml,£3.75,55.1p per 100ml,
Tresemme Revitalised Colour Shampoo,Tresemme Revitalised Colour Shampoo680ml,£3.75,55.1p per 100ml,
Tresemme Rich Moisture Conditioner,Tresemme Rich Moisture Conditioner900ml,£4,44.4p per 100ml,
Tresemme Rich Moisture Shampoo,Tresemme Rich Moisture Shampoo900ml,£4,44.4p per 100ml,
Tresemme Salon Styling Extra Hold Hair Spray,Tresemme Salon Styling Extra Hold Hair Spray400ml,£4,£1.00 per 100ml,"Offer price £4, was £5"
Tresemme Salon Styling Firm Hold Hair Spray,Tresemme Salon Styling Firm Hold Hair Spray400ml,£4,£1.00 per 100ml,"Offer price £4, was £5"
 Tresemme Salon Styling Freeze Hold Hair Spray, Tresemme Salon Styling Freeze Hold Hair Spray400ml,£4,£1.00 per 100ml,"Offer price £4, was £5"
Tresemme Shampoo Biotin Repair,Tresemme Shampoo Biotin Repair440ml,£4,90.9p per 100ml,
Truyu Ceramic Stone Pedicure Foot File,Truyu Ceramic Stone Pedicure Foot File,£5,,
Truyu Metro Tweezer Duo Set,Truyu Metro Tweezer Duo Set,£5.25,,
Truyu Starter Set,Truyu Starter Set,£7.70,,
Vaseline Expert Care Dry Skin Healing Balm ,Vaseline Expert Care Dry Skin Healing Balm 250ml,£4,£1.60 per 100ml,"Offer price £4, was £6"
Vaseline Expert Care Elasticity Restore Body Lotion ,Vaseline Expert Care Elastici…400ml,£5.33,£1.33 per 100ml,"Offer price £5.33, was £8"
Vaseline Expert Care Instant Dry Skin Rescue Body Lotion,Vaseline Expert Care Instant Dr…75ml,£2.67,£3.56 per 100ml,"Offer price £2.67, was £4"
Vaseline Hand Cream + Anti-Bacterial,Vaseline Hand Cream + Anti-Bacterial75ml,£3,£4.00 per 100ml,"Offer price £3, was £4"
Vaseline Instant Dry Skin Rescue Body Lotion,Vaseline Instant Dry Skin Rescue Body Lotion400ml,£5.33,£1.33 per 100ml,"Offer price £5.33, was £8"
Vaseline Intensive Care Aloe Soothe Body Lotion,Vaseline Intensive Care Aloe Soothe Body Lotion400ml,£3,75p per 100ml,"Offer price £3, was £6"
Vaseline Intensive Care Aloe Spray Moisturiser,Vaseline Intensive Care Aloe Spray Moisturiser190ml,£6,£3.16 per 100ml,
Vaseline Intensive Care Cocoa Lotion,Vaseline Intensive Care Cocoa Lotion400ml,£3,75p per 100ml,"Offer price £3, was £6"
Vaseline Intensive Care Cocoa Spray Moisturiser,Vaseline Intensive Care Cocoa Spray Moisturiser190ml,£6,£3.16 per 100ml,
Vaseline Intensive Care Essential Lotion,Vaseline Intensive Care Essential Lotion400ml,£3,75p per 100ml,"Offer price £3, was £6"
Vaseline Lip Therapy Cocoa Butter Tin,Vaseline Lip Therapy Cocoa Butter Tin20g,£1.50,£7.50 per 100g,Buy 2 for £2
Vaseline Lip Therapy Original Lip Balm,Vaseline Lip Therapy Original Lip Balm10g,£1.65,£16.50 per 100g,"Offer price £1.65, was £2.50"
Vaseline Lip Therapy Original Tin,Vaseline Lip Therapy Original Tin20g,£1.50,£7.50 per 100g,Buy 2 for £2
Vaseline Lip Therapy Pink Diamond,Vaseline Lip Therapy Pink Diamond20g,£2,£10.00 per 100g,"Offer price £2, was £3"
Vaseline Lip Therapy Rosy Lips Tin,Vaseline Lip Therapy Rosy Lips Tin20g,£1.50,£7.50 per 100g,Buy 2 for £2
Vaseline Lip Therapy Rosy Tinted Lip Balm Tube,Vaseline Lip Therapy Rosy Tinted Lip Balm Tube10g,£1.65,£16.50 per 100g,"Offer price £1.65, was £2.50"
Vaseline Lip Therapy With Aloe Vera ,Vaseline Lip Therapy With Aloe Vera 20g,£1.50,£7.50 per 100g,Buy 2 for £2
Vaseline Lotion Dark Spot Rescue,Vaseline Lotion Dark Spot Rescue100ml,£2.68,£2.68 per 100ml,"Offer price £2.68, was £4"
Vaseline Original Petroleum Jelly,Vaseline Original Petroleum Jelly50g,£1.50,£3.00 per 100g,
Vatika Naturals Argan Shampoo,Vatika Naturals Argan Shampoo400ml,£4,£1.00 per 100ml,
Vatika Naturals Black Seed Shampoo,Vatika Naturals Black Seed Shampoo400ml,£4.50,£1.13 per 100ml,
Veet Face Hair Removal Kit Sensitive Skin,Veet Face Hair Removal Kit Sensitive Skin2 x 50ml,£7,£7.00 per 100ml,
Veet In Shower Hair Removal Cream Body & Legs for Sensitive Skin,Veet In Shower Hair Removal Cream Bod…150ml,£8.50,£5.67 per 100ml,
Veet Miraculous Oil for Pre & Post Hair Removal for Face & Body,Veet Miraculous Oil for Pre & Post Ha…100ml,£7.20,72p per 10ml,"Offer price £7.20, was £9"
Veet Oriental Wax  Essential Oils & Floral Vanilla Fragrance,Veet Oriental Wax  Essential Oils &…250ml,£10,£4.00 per 100ml,
Veet Pure Hair Removal Cream Body & Legs for Sensitive Skin,Veet Pure Hair Removal Cream Body…200ml,£8.59,£4.30 per 100ml,
Veet Pure Hair Removal Cream Body & Legs for Sensitive Skin,Veet Pure Hair Removal Cream Body…100ml,£5.50,£5.50 per 100ml,
Veet Spray Hair Removal Cream Body & Legs for Sensitive Skin,Veet Spray Hair Removal Cream Body…150ml,£8.50,£5.67 per 100ml,
"Veet Wax Strips Body & Legs for Sensitive Skin,  Wax Strips",Veet Wax Strips Body & Legs for S…40 per pack,£10.40,26p each,"Offer price £10.40, was £14"
"Veet Wax Strips Face for Sensitive Skin, Wax Strips","Veet Wax Strips Face for Sensitive Skin, Wax Strips20ml",£7.49,£37.45 per 100ml,
"Veet Wax Strips Face for Sensitive Skin, Wax Strips","Veet Wax Strips Face for Sensitive Skin, Wax Strips40 per pack",£10.40,26p each,"Offer price £10.40, was £13"
Veet Wax Strips With Easy-Gel Sensitive Skin Bikini & Underarm ,Veet Wax Strips With Easy-Gel Sensiti…30 per pack,£10.88,36.2p each,"Offer price £10.88, was £13"
Venus & Olay Razor Blades Refills 3 Pack,Venus & Olay Razor Blades Refills 3 Pack3 per pack,£13,£4.33 each,
Venus 3 Multicoloured Disposable Razors 4 Pack,Venus 3 Multicoloured Disposable Razors 4 Pack,£2.67,,"Offer price £2.67, was £4"
Venus Comfort Glide Leopard Razor,Venus Comfort Glide Leopard Razor,£13,,
Venus Comfortglide Spa Breeze Razor Starter Pack- Handle + 3 Blades,Venus Comfortglide Spa Breeze Razor Sta…,£14,,
Venus Fig Post Shave Serum,Venus Fig Post Shave Serum50ml,£6.66,£13.32 per 100ml,"Offer price £6.66, was £10"
Venus Oceana Disposable Razors ,Venus Oceana Disposable Razors 3 per pack,£3.84,£1.28 each,"Offer price £3.84, was £5.75"
Venus Olay Blades 6 Pack,Venus Olay Blades 6 Pack,£20.50,,"Offer price £20.50, was £23.50"
Venus Razor Blades Extra Smooth Blades,Venus Razor Blades Extra Smooth Blades4 per pack,£12,£3.00 each,
Venus Satin Care Shaving Gel for Sensitive Skin,Venus Satin Care Shaving Gel for Sensitive Skin200ml,£3,£1.50 per 100ml,
Venus Satin Care Shaving Gel with Touch of Olay,Venus Satin Care Shaving Gel with Touch of Olay200ml,£2.67,£1.34 per 100ml,"Offer price £2.67, was £4"
Venus Spa Blades,Venus Spa Blades8 per pack,£20.50,£2.56 each,"Offer price £20.50, was £23.50"
Venus Swirl Flaxball Razor for Women and 3 Refill Razor Blades,Venus Swirl Flaxball Razor for Wome…,£23.50,,
Venus Swirl Flexball Razor,Venus Swirl Flexball Razor,£13,,
Venus Swirl Razor & 8 Blades,Venus Swirl Razor & 8 Blades,£20,,"Offer price £20, was £26.50"
Venus Swirl Razor Blades Refills 3 Pack,Venus Swirl Razor Blades Refills 3 Pack,£13,,
Venus Tropical Disposable Razors 3 Pack,Venus Tropical Disposable Razors 3 Pack3 per pack,£7,£2.33 each,
Vitabiotics Menopace Original Tablets,Vitabiotics Menopace Original Tablets30 per pack,£4,13.3p each,
 VO5 Flexible Natural Hold Hairspray, VO5 Flexible Natural Hold Hairspray400ml,£4.50,£1.13 per 100ml,
VO5 Heat Protect Serum,VO5 Heat Protect Serum50ml,£4.25,£8.50 per 100ml,
VO5 Heat Protect Styling Spray,VO5 Heat Protect Styling Spray200ml,£4.25,£2.13 per 100ml,
 VO5 Invisible Extra Firm Hold Hairspray, VO5 Invisible Extra Firm Hold Hairspray400ml,£4.50,£1.13 per 100ml,
 VO5 Invisible Firm Hold Hairspray, VO5 Invisible Firm Hold Hairspray400ml,£4.50,£1.13 per 100ml,
 VO5 Invisible Ultimate Hold Hairspray, VO5 Invisible Ultimate Hold Hairspray400ml,£4.50,£1.13 per 100ml,
Vo5 Invisible Ultimate Hold Hairspray,Vo5 Invisible Ultimate Hold Hairspray250ml,£4.25,£1.70 per 100ml,
VO5 Matt Clay,VO5 Matt Clay75ml,£3.65,£4.87 per 100ml,
VO5 Mega Hold Gel Spray,VO5 Mega Hold Gel Spray200ml,£4.25,£2.13 per 100ml,
VO5 Mega Hold Styling Gel,VO5 Mega Hold Styling Gel200ml,£4.25,£2.13 per 100ml,
 VO5 Rework Putty, VO5 Rework Putty150ml,£4.25,£2.83 per 100ml,
VO5 Smoothly Does It Curl Defining Mousse,VO5 Smoothly Does It Curl Defining Mousse200ml,£4.25,£2.13 per 100ml,
VO5 Styling Wax,VO5 Styling Wax75ml,£3.65,£4.87 per 100ml,
 VO5 Surfstyle Paste, VO5 Surfstyle Paste150ml,£4.25,£2.83 per 100ml,
VO5 Tame & Shine Spray Finishing Spray,VO5 Tame & Shine Spray Finishing Spray100ml,£4.25,£4.25 per 100ml,
 VO5 Texturising Gum, VO5 Texturising Gum75ml,£3.65,£4.87 per 100ml,
 VO5 Thickening Powder, VO5 Thickening Powder7g,£4.25,£6.07 per 10g,
Vo5 Volume Blow Dry Hair Spray,Vo5 Volume Blow Dry Hair Spray200ml,£4.25,£2.13 per 100ml,
VO5 Volume Boost Gel Spray,VO5 Volume Boost Gel Spray200ml,£4.25,£2.13 per 100ml,
 VO5 Wet Look Styling Gel, VO5 Wet Look Styling Gel200ml,£4.25,£2.13 per 100ml,
Voltarol Joint Pain Relief Gel,Voltarol Joint Pain Relief Gel50g,£11,£22.00 per 100g,
Vosene Kids 3 in 1 Shampoo ,Vosene Kids 3 in 1 Shampoo 250ml,£2,80p per 100ml,
Vosene Kids Defence Conditioning Spray ,Vosene Kids Defence Conditioning Spray 150ml,£2,£1.33 per 100ml,
Vosene Original Anti-Dandruff Shampoo,Vosene Original Anti-Dandruff Shampoo300ml,£2,66.7p per 100ml,
Wash & Go Shampoo & Conditioner 2 In 1 Classic,Wash & Go Shampoo & Conditioner 2 In 1 Classic200ml,£1,50p per 100ml,
Weleda Skin Food,Weleda Skin Food30ml,£8,£26.67 per 100ml,
Weleda Skin Food Light,Weleda Skin Food Light30ml,£8,£26.67 per 100ml,
Weleda Skin Food Lip Balm ,Weleda Skin Food Lip Balm 8ml,£7,£87.50 per 100ml,
Wella Define & Mousse ,Wella Define & Mousse 200ml,£4,£2.00 per 100ml,"Offer price £4, was £5.99"
Wella Deluxe Shine & Repair Hairspray,Wella Deluxe Shine & Repair Hairspray250ml,£4,£1.60 per 100ml,"Offer price £4, was £6"
Wella Deluxe Style & Restore Serum ,Wella Deluxe Style & Restore Serum 50ml,£4.65,£9.30 per 100ml,"Offer price £4.65, was £7"
Wella Deluxe Styling Oil Rich ,Wella Deluxe Styling Oil Rich 100ml,£4.65,£4.65 per 100ml,"Offer price £4.65, was £7"
Wella Oil Infused Spray ,Wella Oil Infused Spray 150ml,£4,£2.67 per 100ml,"Offer price £4, was £6"
 Wella Silvikrin Hairspray Natural Hold, Wella Silvikrin Hairspray Natural Hold250ml,£2.70,£1.08 per 100ml,
Westlab Mindful Bath Salts ,Westlab Mindful Bath Salts 1kg,£4.50,£4.50 per kg,
Westlab Pure Mineral Bathing Epsom Salt,Westlab Pure Mineral Bathing Epsom Salt1kg,£2.80,28p per 100g,
Westlab Sleep Bath Salts ,Westlab Sleep Bath Salts 1kg,£4.50,£4.50 per kg,
Westlab Soothing Dead Sea Bath Salt,Westlab Soothing Dead Sea Bath Salt1kg,£2.80,28p per 100g,
Wilkinson Sword Beauty Eyebrow Shaper 3Pk,Wilkinson Sword Beauty Eyebrow Shaper 3Pk,£3,,
Wilkinson Sword Classic Double Edge Men's Safety Razor With 5 Blades,Wilkinson Sword Classic Double Edge Men…,£20,,
Wilkinson Sword Extra 2 Beauty Women's Disposable Razors,Wilkinson Sword Extra 2 Beauty…5 per pack,£1.65,33p each,
Wilkinson Sword Extra 2 Sensitive Men's Disposable Razors,Wilkinson Sword Extra 2 Sensitive…10 per pack,£3.30,33p each,
Wilkinson Sword Finest Bristle Brush,Wilkinson Sword Finest Bristle Brush,£4,,
Wilkinson Sword Hydro 3 Skin Protection Value Pack Handle + 9 Blades,Wilkinson Sword Hydro 3 Skin Protection…,£18.75,,
Wilkinson Sword Hydro 5 Comfort Razor,Wilkinson Sword Hydro 5 Comfort Razor,£8.50,,
Wilkinson Sword Hydro 5 Comfort Refills ,Wilkinson Sword Hydro 5 Comfort Refills 4 per pack,£10.50,£2.63 each,
Wilkinson Sword Hydro 5 Men's Razor ,Wilkinson Sword Hydro 5 Men's Razor ,£8.50,,
Wilkinson Sword Hydro 5 Men's Razor Blades,Wilkinson Sword Hydro 5 Men's Razor Blades4 per pack,£10.50,£2.63 each,
Wilkinson Sword Hydro 5 Skin Protection Razor + 9 Blades,Wilkinson Sword Hydro 5 Skin Pr…,£24.75,,
Wilkinson Sword Hydro Sense Energize Razor,Wilkinson Sword Hydro Sense Energize Razor,£6.70,,
Wilkinson Sword Intuition Bikini Razor,Wilkinson Sword Intuition Bikini Razor,£15,,
Wilkinson Sword Intuition Complete 3 X Blades,Wilkinson Sword Intuition Complete 3 X Blades3 per pack,£8.50,£2.83 each,
Wilkinson Sword Intuition Complete Razor,Wilkinson Sword Intuition Complete Razor,£5.67,,"Offer price £5.67, was £7.80"
Wilkinson Sword Intuition Ultra Moisture Women's Razor,Wilkinson Sword Intuition Ultra…,£8.50,,
Wilkinson Sword Intuition Ultra Moisture Women's Razor Blades,Wilkinson Sword Intuition Ultra Moi…3 per pack,£8.50,£2.83 each,
Wilkinson Sword Intuition Ultra Moisture Xxl Value Pack,Wilkinson Sword Intuition Ultra…,£15,,
Wilkinson Sword Quattro for Women Razor,Wilkinson Sword Quattro for Women Razor,£6.75,,
Wilkinson Sword Quattro for Women Razor Blades x3,Wilkinson Sword Quattro for…3 per pack,£6.75,£2.25 each,
Wilkinson Sword Quattro for Women Sensitive Disposable Razors x3,Wilkinson Sword Quattro for Women Sen…3 per pack,£6,£2.00 each,
Wilkinson Sword Quattro Titanium Sensitive Men's Razor with 9 Blades,Wilkinson Sword Quattro Titanium Sensit…8 per pack,£15,£1.88 each,"Offer price £15, was £20"
Wilkinson Sword Shaving Soap,Wilkinson Sword Shaving Soap125g,£2.30,£1.84 per 100g,
Wilkinson Sword Skin Defense 5 Blade Razor,Wilkinson Sword Skin Defense 5 Blade Razor3 per pack,£4.33,£1.45 each,"Offer price £4.33, was £6"
Wilkinson Sword Xtreme 3 Beauty Women's Disposable Razors,Wilkinson Sword Xtreme 3 Beauty W…,£4.20,,
Wilkinson Sword Xtreme 3 Sensitive Men's Disposable Razors,Wilkinson Sword Xtreme 3 Sensitiv…4 per pack,£3.75,93.8p each,
Wilkinson Sword Xtreme 3 Ultimate Plus Razors,Wilkinson Sword Xtreme 3 Ultimate Plus Razors4 per pack,£3.80,95.2p each,"Offer price £3.80, was £5.75"
Wisdom Chlorhexidine Clean Mint Antibacterial Mouthwash ,Wisdom Chlorhexidine Clean Mint…300ml,£2,66.7p per 100ml,
Wisdom Chlorhexidine Clean Mint Antibacterial Mouthwash,Wisdom Chlorhexidine Clean Mint…300ml,£2,66.7p per 100ml,
Wisdom Clean Between Pro Fine Interdental Brushes,Wisdom Clean Between Pro Fi…30 per pack,£2,6.7p each,
Wisdom Clean Between Pro Medium Interdental Brushes ,Wisdom Clean Between Pro Medi…30 per pack,£2,6.7p each,
Wisdom Control Grip Firm Toothbrush,Wisdom Control Grip Firm Toothbrush,£1,,Buy 2 for £1.50
Wisdom Control Grip Medium Brush,Wisdom Control Grip Medium Brush,£1,,Buy 2 for £1.50
Wisdom Daily Use Interdental Brushes,Wisdom Daily Use Interdental Brushes30 per pack,£3,10p each,
Wisdom Fresh Effect Floss 30m,Wisdom Fresh Effect Floss 30m,£2.45,,
Wisdom Xtra Clean Medium Toothbrushes,Wisdom Xtra Clean Medium Toothbrushes4 per pack,£3,75p each,
Womans Passion Peel Off Mask,Womans Passion Peel Off Mask,£1,,
Worth Paris Je Reviens Eau de Toilette,Worth Paris Je Reviens Eau de Toilette50ml,£7,£14.00 per 100ml,
Wrights Cleansing Traditional Soap Bar,Wrights Cleansing Traditional Soap Bar125g,80p,64p per 100g,
Wuka Basics Hipster Medium Flow Period Pants Size L,Wuka Basics Hipster Medium Fl…,£12,,
Yes To Coconut Ultra Hydrating Paper Mask,Yes To Coconut Ultra Hydrating Paper Mask20ml,£3,£15.00 per 100ml,
Yes To Cucumbers Calming Mud Mask,Yes To Cucumbers Calming Mud Mask10ml,£3,£30.00 per 100ml,
Yes To Grapefruit Vitamin C Glow-Boosting Bubbling Paper Mask,Yes To Grapefruit Vitamin C Glow-Bo…20ml,£4,£20.00 per 100ml,
Yes To Grapefruit Vitamin C Glow-Boosting Unicorn Mud Mask,Yes To Grapefruit Vitamin C Glow…,£3,,
Yes To Grapefruit Vitamin C Glow Boosting Paper Mask,Yes To Grapefruit Vitamin C G…20ml,£3,£15.00 per 100ml,
Yes To Tomatoes Blemishing Fighting Paper Mask,Yes To Tomatoes Blemishin…20ml,£3,£15.00 per 100ml,
Yes To Tomatoes Detoxifying Charcoal Mud Mask,Yes To Tomatoes Detoxifyi…10ml,£3,£30.00 per 100ml,
Yes To Tomatoes Detoxifying Charcoal Paper Mask,Yes To Tomatoes Detoxifyi…,£3,,
Yes To Tomatoes Detoxifying Charcoal Peel-Off Mask,Yes To Tomatoes Detoxifying…10ml,£4,£4.00 per 10ml,
